id,project code,pq,po/so,asn/dn,country,managed_by,fulfill_via,vendor_inco_term,shipment_mode,pq_first_sent_to_client_date,po_sent_to_vendor_date,scheduled_delivery_date,delivered_to_client_date,delivery_recorded_date,product_group,sub_classification,vendor,item_description,molecule/test_type,brand,dosage,dosage_form,unit_of_measure_(per pack),line_item_quantity,line_item_value,pack_price,unit_price,manufacturing_site,first_line_designation,weight_(kilograms),freight_cost,line_item_insurance_(usd)
1,100-CI-T01,Pre-PQ Process,SCMS-4,ASN-8,Côte d'Ivoire,PMO - US,Direct Drop,EXW,Air,Pre-PQ Process,Date Not Captured,02-Jun-06,02-Jun-06,02-Jun-06,HRDT,HIV test,RANBAXY Fine Chemicals LTD.,"HIV, Reveal G3 Rapid HIV-1 Antibody Test, 30 Tests","HIV, Reveal G3 Rapid HIV-1 Antibody Test",Reveal,,Test kit,30,19,551.00,29,0.97,Ranbaxy Fine Chemicals LTD,TRUE,13,$780.34 ,
3,108-VN-T01,Pre-PQ Process,SCMS-13,ASN-85,Vietnam,PMO - US,Direct Drop,EXW,Air,Pre-PQ Process,Date Not Captured,14-Nov-06,14-Nov-06,14-Nov-06,ARV-54rg,Pediatric,Aurobindo Pharma Limited,"Nevirapine 10mg/ml, oral suspension, Bottle, 240 ml",Nevirapine,Generic,10mg+ml+/,Oral suspension,240,"1,000",6200.00,6.2,0.03,"Aurobindo Unit III, India",TRUE,358,"$4,521.50 ",
4,100-CI-T01,Pre-PQ Process,SCMS-20,ASN-14,Côte d'Ivoire,PMO - US,Direct Drop,FCA,Air,Pre-PQ Process,Date Not Captured,27-Aug-06,27-Aug-06,27-Aug-06,HRDT,HIV test,Abbott GmbH & Co. KG,"HIV 1/2, Determine Complete HIV Kit, 100 Tests","HIV 1/2, Determine Complete HIV Kit",Determine,10mg+ml+/,Test kit,100,500,40000.00,80,0.8,ABBVIE GmbH & Co.KG Wiesbaden,TRUE,171,"$1,653.78 ",
15,108-VN-T01,Pre-PQ Process,SCMS-78,ASN-50,Vietnam,PMO - US,Direct Drop,EXW,Air,Pre-PQ Process,Date Not Captured,01-Sep-06,01-Sep-06,01-Sep-06,ARV-54rg,Adult,SUN PHARMACEUTICAL INDUSTRIES LTD (RANBAXY LABORATORIES LIMITED),"Lamivudine 150mg, tablets, 60 Tabs",Lamivudine,Generic,10mg+ml+/,Tablet,60,"31,920",127360.80,3.99,0.07,"Ranbaxy, Paonta Shahib, India",TRUE,1855,"$16,007.06 ",
16,108-VN-T01,Pre-PQ Process,SCMS-81,ASN-55,Vietnam,PMO - US,Direct Drop,EXW,Air,Pre-PQ Process,Date Not Captured,11-Aug-06,11-Aug-06,11-Aug-06,ARV-54rg,Adult,Aurobindo Pharma Limited,"Stavudine 30mg, capsules, 60 Caps",Stavudine,Generic,10mg+ml+/,Capsule,60,"38,000",121600.00,3.2,0.05,"Aurobindo Unit III, India",TRUE,7590,"$45,450.08 ",
23,112-NG-T01,Pre-PQ Process,SCMS-87,ASN-57,Nigeria,PMO - US,Direct Drop,EXW,Air,Pre-PQ Process,Date Not Captured,28-Sep-06,28-Sep-06,28-Sep-06,ARV-54rg€€€,Pediatric,Aurobindo Pharma Limited,"Zidovudine 10mg/ml, oral solution, Bottle, 240 ml",Zidovudine,Generic,1mg+ml+/,Oral solution,240,416,2225.60,5.35,0.02,"Aurobindo Unit III, India",TRUE,504,"$5,920.42 ",
44,110-ZM-T01,Pre-PQ Process,SCMS-139,ASN-130,Zambia,PMO - US,Direct Drop,DDU,Air,Pre-PQ Process,Date Not Captured,08-Jan-07,08-Jan-07,08-Jan-07,ARV,Pediatric,MERCK SHARP & DOHME IDEA GMBH (FORMALLY MERCK SHARP & DOHME B.V.),"Efavirenz 200mg [Stocrin/Sustiva], capsule, 90 Caps",Efavirenz,Stocrin/Sustiva,1mg+ml+/,Capsule,90,135,4374.00,32.4,0.36,MSD South Granville Australia,TRUE,328,Freight Included in Commodity Cost,
45,109-TZ-T01,Pre-PQ Process,SCMS-140,ASN-94,Tanzania,PMO - US,Direct Drop,EXW,Air,Pre-PQ Process,Date Not Captured,24-Nov-06,24-Nov-06,24-Nov-06,ARV-warsrg,Adult,Aurobindo Pharma Limited,"Nevirapine 200mg, tablets, 60 Tabs",Nevirapine,Generic,1mg+ml+/,Tablet,60,"16,667",60834.55,3.65,0.06,"Aurobindo Unit III, India",TRUE,1478,"$6,212.41 ",
47,110-ZM-T01,Pre-PQ Process,SCMS-165,ASN-199,Zambia,PMO - US,Direct Drop,CIP,Air,Pre-PQ Process,11/13/2006,30-Jan-07,30-Jan-07,30-Jan-07,ARV,Adult,ABBVIE LOGISTICS (FORMERLY ABBOTT LOGISTICS BV),"Lopinavir/Ritonavir 200/50mg [Aluvia], tablets, 120 Tabs",Lopinavir/Ritonavir,Aluvia,1mg+ml+/,Tablet,120,"2,800",115080.00,41.1,0.34,ABBVIE (Abbott) St. P'burg USA,TRUE,643,Freight Included in Commodity Cost,
60,110-ZM-T01,Pre-PQ Process,SCMS-221,ASN-223,Zambia,PMO - US,Direct Drop,CIP,Air,Pre-PQ Process,12-01-06,16-Feb-07,16-Feb-07,16-Feb-07,ARV,Adult,ABBVIE LOGISTICS (FORMERLY ABBOTT LOGISTICS BV),"Lopinavir/Ritonavir 200/50mg [Aluvia], tablets, 120 Tabs",Lopinavir/Ritonavir,Aluvia,80+20mg+ml,Tablet,120,"2,800",115080.00,41.1,0.34,ABBVIE Ludwigshafen Germany,TRUE,643,Freight Included in Commodity Cost,
68,113-ZW-T01,Pre-PQ Process,SCMS-308,ASN-285,Zimbabwe,PMO - US,Direct Drop,CIP,Air,Pre-PQ Process,01-10-07,19-Mar-07,19-Mar-07,19-Mar-07,ARV,Pediatric,BRISTOL-MYERS SQUIBB,"#102198**Didanosine 200mg [Videx], tablets, 60 Tabs",Didanosine,Videx,10mg+ml+/,Tablet,60,579,14764.50,25.5,0.42,"BMS Meymac, France",TRUE,Weight Captured Separately,Freight Included in Commodity Cost,
61,110-ZM-T01,Pre-PQ Process,SCMS-226,ASN-137,Zambia,PMO - US,Direct Drop,EXW,Air,Pre-PQ Process,Date Not Captured,08-Jan-07,08-Jan-07,08-Jan-07,HRDT,HIV test,"Trinity Biotech, Plc","HIV 1/2, Uni-Gold HIV Kit, 20 Tests","HIV 1/2, Uni-Gold HIV Kit",Uni-Gold,80+20mg+ml,Test kit,20,"2,500",100000.00,40,2,"Trinity Biotech, Plc",TRUE,853,"$13,569.49 ",
69,102-NG-T01,Pre-PQ Process,SCMS-354,ASN-608,Nigeria,PMO - US,Direct Drop,CIP,,Pre-PQ Process,Date Not Captured,07-May-07,07-May-07,07-May-07,HRDT,HIV test,ACCOUN NIGERIA LIMITED,"HIV 1/2, Determine Complete HIV Kit, 100 Tests","HIV 1/2, Determine Complete HIV Kit",Determine,10mg+ml+/,Test kit,100,"1,500",120000.00,80,0.8,ABBVIE GmbH & Co.KG Wiesbaden,TRUE,Weight Captured Separately,Freight Included in Commodity Cost,192
64,107-RW-T01,Pre-PQ Process,SCMS-268,ASN-242,Rwanda,PMO - US,Direct Drop,EXW,Air,Pre-PQ Process,12/22/2006,27-Feb-07,27-Feb-07,27-Feb-07,ARV,Adult,CIPLA LIMITED,"Lamivudine/Zidovudine 150/300mg, tablets, 60 Tabs",Lamivudine/Zidovudine,Generic,1mg+ml+/,Tablet - FDC,60,"10,000",99800.00,9.98,0.17,"Cipla, Goa, India",TRUE,7416,"$64,179.42 ",
65,106-HT-T01,Pre-PQ Process,SCMS-274,ASN-162,Haiti,PMO - US,Direct Drop,EXW,Air,Pre-PQ Process,Date Not Captured,18-Jan-07,18-Jan-07,18-Jan-07,HRDT,HIV test,Abbott GmbH & Co. KG,"HIV 1/2, Determine Complete HIV Kit, 100 Tests","HIV 1/2, Determine Complete HIV Kit",Determine,10mg+ml+/,Test kit,100,750,60000.00,80,0.8,ABBVIE GmbH & Co.KG Wiesbaden,TRUE,256,"$1,760.32 ",
108,104-CI-T01,Pre-PQ Process,SCMS-698,ASN-727,Côte d'Ivoire,PMO - US,Direct Drop,CIP,Air,Pre-PQ Process,7/13/2007,02-Oct-07,02-Oct-07,02-Oct-07,ARV,Pediatric,BRISTOL-MYERS SQUIBB,"#102198**Didanosine 200mg [Videx], tablets, 60 Tabs",Didanosine,Videx,80+20mg+ml,Tablet,60,"5,513",140581.50,25.5,0.42,"BMS Meymac, France",TRUE,2126,Freight Included in Commodity Cost,224.93
262,116-ZA-T01,Pre-PQ Process,SCMS-14050,ASN-1251,South Africa,PMO - US,Direct Drop,DDP,,Pre-PQ Process,11-12-07,29-Jan-08,29-Jan-08,29-Jan-08,ARV,Pediatric,"JSI R&T INSTITUTE, INC.","Zidovudine 10mg/ml [Retrovir], oral solution, Bottle, 200 ml",Zidovudine,Retrovir,80mg+ml+/,Oral solution,200,40,317.60,7.94,0.04,GSK Mississauga (Canada),TRUE,Weight Captured Separately,Freight Included in Commodity Cost,0.51
80,107-RW-T01,Pre-PQ Process,SCMS-488,ASN-299,Rwanda,PMO - US,Direct Drop,EXW,Air,Pre-PQ Process,Date Not Captured,29-Mar-07,29-Mar-07,29-Mar-07,HRDT,HIV test,Premier Medical Corporation Ltd.,"HIV 1/2/O, First Response HIV 1-2.0, v.3.0 Cards Kit, 30 Tests","HIV 1/2/O, First Response HIV 1-2.0, v.3.0 Cards Kit",First Response,80+20mg+ml,Test kit,30,"2,000",33000.00,16.5,0.55,Premier Med. Corp Ltd. India,TRUE,710,"$3,120.70 ",
"81,483",108-VN-T30,FPQ-10286,SCMS-156150,ASN-16914,Vietnam,PMO - US,Direct Drop,EXW,Air,7/25/2012,8/15/2012,12-Nov-12,12-Nov-12,12-Nov-12,ARV-warsrg,Adult,CIPLA LIMITED,"Zidovudine 300mg, tablets, 60 Tabs",Zidovudine,Generic,10mg+ml+/,Tablet,60,525,3465.00,6.6,0.11,"Cipla, Goa, India",TRUE,34,$807.47 ,4.86
87,109-TZ-T01,Pre-PQ Process,SCMS-555,ASN-409,Tanzania,PMO - US,Direct Drop,CIP,Air,Pre-PQ Process,04-12-07,06-Jun-07,06-Jun-07,06-Jun-07,ARV,Pediatric,BRISTOL-MYERS SQUIBB,"Didanosine 2g [Videx], powder for oral solution 10mg/ml, reconstitute to 200 ml",Didanosine,Videx,10mg+ml+/,Powder for oral solution,200,712,8964.08,12.59,0.06,"BMS Meymac, France",TRUE,162,$912.96 ,
92,102-NG-T01,Pre-PQ Process,SCMS-592,ASN-485,Nigeria,PMO - US,Direct Drop,EXW,Air,Pre-PQ Process,5/13/2007,19-Jun-07,19-Jun-07,19-Jun-07,HRDT,HIV test,Abbott GmbH & Co. KG,"HIV 1/2, Determine Complete HIV Kit, 100 Tests","HIV 1/2, Determine Complete HIV Kit",Determine,10mg+ml+/,Test kit,100,"1,000",80000.00,80,0.8,ABBVIE GmbH & Co.KG Wiesbaden,TRUE,341,"$2,682.47 ",128
96,102-NG-T01,Pre-PQ Process,SCMS-570,ASN-451,Nigeria,PMO - US,Direct Drop,EXW,Air,Pre-PQ Process,5/17/2007,19-Jun-07,19-Jun-07,19-Jun-07,HRDT,HIV test,"CHEMBIO DIAGNOSTIC SYSTEMS, INC.","HIV 1/2, Stat-Pak HIV, Kit, 20 Tests","HIV 1/2, Stat-Pak HIV, Kit",Stat-Pak,10mg+ml+/,Test kit,20,"7,500",202500.00,27,1.35,Chembio Diagnostics Sys. Inc.,TRUE,2278,"$15,893.71 ",
343,116-ZA-T01,Pre-PQ Process,SCMS-16600,ASN-1520,South Africa,PMO - US,Direct Drop,DDP,,Pre-PQ Process,01-04-08,21-Jan-08,04-Jan-08,04-Jan-08,ARV,Pediatric,"JSI R&T INSTITUTE, INC.","Stavudine 1mg/ml [Zerit], powder for oral solution, Bottle, 200 ml",Stavudine,Zerit,10mg+ml+/,Powder for oral solution,200,200,340.00,1.7,0.01,"BMS Meymac, France",TRUE,Weight Captured Separately,Freight Included in Commodity Cost,0.54
115,108-VN-T01,Pre-PQ Process,SCMS-753,ASN-781,Vietnam,PMO - US,Direct Drop,EXW,Air,Pre-PQ Process,07-04-07,15-Oct-07,15-Oct-07,15-Oct-07,ARV,Pediatric,Aurobindo Pharma Limited,"Nevirapine 10mg/ml, oral suspension, Bottle, 240 ml",Nevirapine,Generic,80mg+ml+/,Oral suspension,240,"1,000",1920.00,1.92,0.01,"Aurobindo Unit III, India",TRUE,941,"$4,193.49 ",3.07
116,108-VN-T01,Pre-PQ Process,SCMS-759,ASN-632,Vietnam,PMO - US,Direct Drop,FCA,Air,Pre-PQ Process,07-04-07,27-Aug-07,27-Aug-07,27-Aug-07,ARV,Adult,ABBVIE LOGISTICS (FORMERLY ABBOTT LOGISTICS BV),"Lopinavir/Ritonavir 200/50mg [Aluvia], tablets, 120 Tabs",Lopinavir/Ritonavir,Aluvia,10mg+ml+/,Tablet,120,500,41095.00,82.19,0.68,ABBVIE Ludwigshafen Germany,TRUE,117,"$1,767.38 ",65.75
130,100-HT-T01,Pre-PQ Process,SCMS-10080,ASN-628,Haiti,PMO - US,Direct Drop,EXW,Air,Pre-PQ Process,7/26/2007,13-Aug-07,21-Aug-07,21-Aug-07,HRDT,HIV test,"Orgenics, Ltd","HIV 1/2, Determine HIV Kit, without Lancets, 100 Tests","HIV 1/2, Determine HIV Kit, without Lancets",Determine,10mg+ml+/,Test kit,100,750,53992.50,71.99,0.72,Inverness Japan,TRUE,171,"$3,518.38 ",86.39
134,100-HT-T01,Pre-PQ Process,SCMS-10130,ASN-616,Haiti,PMO - US,Direct Drop,EXW,Air,Pre-PQ Process,7/26/2007,25-Aug-07,25-Aug-07,25-Aug-07,HRDT,HIV test,Orasure Technologies Inc.,"HIV 1/2, OraQuick Advance HIV Rapid Antibody Kit, 100 Tests","HIV 1/2, OraQuick Advance HIV Rapid Antibody Kit",OraQuick,10mg+ml+/,Test kit,100,25,8750.00,350,3.5,"Pacific Biotech, Thailand",TRUE,60,"$3,097.85 ",14
138,109-TZ-T01,Pre-PQ Process,SCMS-10270,ASN-710,Tanzania,PMO - US,Direct Drop,EXW,Air,Pre-PQ Process,Date Not Captured,16-Oct-07,16-Oct-07,16-Oct-07,HRDT,HIV test,"Standard Diagnostics, Inc.","HIV 1/2, Bioline 3.0 Kit, Lancets, Capillary pipets, Alcohol swabs included, 25 Tests","HIV 1/2, Bioline 3.0 Kit, Lancets, Capillary pipets, Alcohol swabs included",Bioline,10mg+ml+/,Test kit,25,"10,000",200000.00,20,0.8,"Standard Diagnostics, Korea",TRUE,3335,"$27,869.74 ",320
139,109-TZ-T01,Pre-PQ Process,SCMS-10290,ASN-788,Tanzania,PMO - US,Direct Drop,EXW,Air,Pre-PQ Process,Date Not Captured,22-Nov-07,22-Nov-07,22-Nov-07,HRDT,HIV test,"Standard Diagnostics, Inc.","HIV 1/2, Bioline 3.0 Kit, Lancets, Capillary pipets, Alcohol swabs included, 25 Tests","HIV 1/2, Bioline 3.0 Kit, Lancets, Capillary pipets, Alcohol swabs included",Bioline,10mg+ml+/,Test kit,25,"10,000",200000.00,20,0.8,"Standard Diagnostics, Korea",TRUE,3335,"$28,461.10 ",320
140,109-TZ-T01,Pre-PQ Process,SCMS-10300,ASN-856,Tanzania,PMO - US,Direct Drop,EXW,Air,Pre-PQ Process,Date Not Captured,22-Nov-07,22-Nov-07,22-Nov-07,HRDT,HIV test,"Standard Diagnostics, Inc.","HIV 1/2, Bioline 3.0 Kit, Lancets, Capillary pipets, Alcohol swabs included, 25 Tests","HIV 1/2, Bioline 3.0 Kit, Lancets, Capillary pipets, Alcohol swabs included",Bioline,10mg+ml+/,Test kit,25,"10,000",200000.00,20,0.8,"Standard Diagnostics, Korea",TRUE,3335,"$28,359.80 ",320
161,117-ET-T01,Pre-PQ Process,SCMS-11070,ASN-916,Ethiopia,PMO - US,Direct Drop,EXW,Air,Pre-PQ Process,10-03-07,20-Nov-07,20-Nov-07,20-Nov-07,ARV,Adult,Aurobindo Pharma Limited,"Stavudine 30mg, capsules, 60 Caps",Stavudine,Generic,80+20mg+ml,Capsule,60,"64,000",99200.00,1.55,0.03,"Aurobindo Unit III, India",TRUE,4228,"$12,237.61 ",158.72
176,102-NG-T01,Pre-PQ Process,SCMS-11750,ASN-745,Nigeria,PMO - US,Direct Drop,EXW,Air,Pre-PQ Process,8/28/2007,03-Oct-07,03-Oct-07,03-Oct-07,HRDT,HIV test,"CHEMBIO DIAGNOSTIC SYSTEMS, INC.","HIV 1/2, Stat-Pak HIV, Kit, 20 Tests","HIV 1/2, Stat-Pak HIV, Kit",Stat-Pak,80mg+ml+/,Test kit,20,"10,000",270000.00,27,1.35,Chembio Diagnostics Sys. Inc.,TRUE,3263,"$20,885.78 ",432
400,117-ET-T01,Pre-PQ Process,SCMS-18430,ASN-1465,Ethiopia,PMO - US,Direct Drop,DDP,,Pre-PQ Process,2/29/2008,11-Mar-08,11-Mar-08,11-Mar-08,HRDT,HIV test,TURE PHARMACEUTICALS & MEDICAL SUPPLIES P.L.C.,"HIV 1/2, Capillus HIV Kit, 100 Tests","HIV 1/2, Capillus HIV Kit",Capillus,10mg+ml+/,Test kit,100,63,13399.25,212.69,2.13,"Trinity Biotech, Plc",TRUE,Weight Captured Separately,Freight Included in Commodity Cost,21.44
269,108-VN-T01,Pre-PQ Process,SCMS-14190,ASN-1192,Vietnam,PMO - US,Direct Drop,EXW,Air,Pre-PQ Process,11/19/2007,21-Jan-08,21-Jan-08,21-Jan-08,ARV,Adult,"GILEAD SCIENCES IRELAND, INC.","Tenofovir Disoproxil Fumarate 300mg [Viread], tablets, 30 Tabs",Tenofovir Disoproxil Fumarate,Viread,10mg+ml+/,Tablet,30,"1,000",17000.00,17,0.57,Gilead(Nycomed) Oranienburg DE,TRUE,76,"$2,282.57 ",27.2
270,108-VN-T01,Pre-PQ Process,SCMS-14200,ASN-1171,Vietnam,PMO - US,Direct Drop,EXW,Air,Pre-PQ Process,11/21/2007,21-Jan-08,21-Jan-08,21-Jan-08,ARV,Adult,SUN PHARMACEUTICAL INDUSTRIES LTD (RANBAXY LABORATORIES LIMITED),"Zidovudine 300mg, tablets, 60 Tabs",Zidovudine,Generic,20mg+ml+/,Tablet,60,400,3352.00,8.38,0.14,"Ranbaxy, Paonta Shahib, India",TRUE,23,"$2,149.05 ",5.36
284,107-RW-T01,Pre-PQ Process,SCMS-14630,ASN-1253,Rwanda,PMO - US,Direct Drop,EXW,Air,Pre-PQ Process,12-10-07,31-Jan-08,31-Jan-08,31-Jan-08,HRDT,HIV test - Ancillary,"Orgenics, Ltd","HIV, Lancet, Safety, for HIV Test kits, 100 Pcs","HIV, Lancet, Safety, for HIV Test kits, 100 Pcs",Generic,10mg+ml+/,Test kit - Ancillary,100,"1,500",15.00,0.01,0,Inverness Japan,TRUE,99,$0.75 ,0.02
422,116-ZA-T01,Pre-PQ Process,SCMS-19800,ASN-1665,South Africa,PMO - US,Direct Drop,DDP,Truck,Pre-PQ Process,2/20/2008,24-Apr-08,24-Apr-08,24-Apr-08,ARV,Adult,S. BUYS WHOLESALER,"Saquinavir 200mg [Invirase], capsules, 270 Caps",Saquinavir,Invirase,80mg+ml+/,Capsule,270,6,405.06,67.51,0.25,Roche Basel,TRUE,Weight Captured Separately,Freight Included in Commodity Cost,0.65
423,116-ZA-T01,Pre-PQ Process,SCMS-19800,ASN-1665,South Africa,PMO - US,Direct Drop,DDP,Truck,Pre-PQ Process,2/20/2008,24-Apr-08,24-Apr-08,24-Apr-08,ARV,Pediatric,S. BUYS WHOLESALER,"Stavudine 1mg/ml [Zerit], powder for oral solution, Bottle, 200 ml",Stavudine,Zerit,10mg+ml+/,Powder for oral solution,200,600,870.00,1.45,0.01,"BMS Meymac, France",FALSE,Weight Captured Separately,Freight Included in Commodity Cost,1.39
459,116-ZA-T01,Pre-PQ Process,SCMS-21460,ASN-1667,South Africa,PMO - US,Direct Drop,DDP,,Pre-PQ Process,04-04-08,25-Apr-08,07-Apr-08,07-Apr-08,ARV,Pediatric,S. BUYS WHOLESALER,"Didanosine 25mg [Videx], chewable tablets, 60 Tabs",Didanosine,Videx,10mg+ml+/,Chewable/dispersible tablet,60,6,77.10,12.85,0.21,"BMS Meymac, France",TRUE,Weight Captured Separately,Freight Included in Commodity Cost,0.12
391,104-CI-T01,Pre-PQ Process,SCMS-18290,ASN-1879,Côte d'Ivoire,PMO - US,Direct Drop,EXW,Air,Pre-PQ Process,2/27/2008,17-Jun-08,17-Jun-08,17-Jun-08,HRDT,HIV test,BIO-RAD LABORATORIES (FRANCE),"#108853** HIV, Genie II HIV-1/HIV-2 Kit, 40 Tests","HIV, Genie II HIV-1/HIV-2 Kit",Genie,10mg+ml+/,Test kit,40,476,36176.00,76,1.9,Bio-Rad Laboratories,TRUE,509,"$5,446.51 ",57.88
392,104-CI-T01,Pre-PQ Process,SCMS-18310,ASN-3435,Côte d'Ivoire,PMO - US,Direct Drop,EXW,Air,Pre-PQ Process,03-03-08,19-Mar-09,19-Mar-09,19-Mar-09,HRDT,HIV test,"Standard Diagnostics, Inc.","HIV 1/2, Bioline 3.0 Kit, Lancets, Capillary pipets, Alcohol swabs included, 25 Tests","HIV 1/2, Bioline 3.0 Kit, Lancets, Capillary pipets, Alcohol swabs included",Bioline,10mg+ml+/,Test kit,25,659,13180.00,20,0.8,"Standard Diagnostics, Korea",TRUE,206,"$2,656.12 ",25.83
466,117-ET-T01,Pre-PQ Process,SCMS-21550,ASN-1741,Ethiopia,PMO - US,Direct Drop,DDP,Air,Pre-PQ Process,Date Not Captured,09-May-08,09-May-08,09-May-08,HRDT,HIV test,TURE PHARMACEUTICALS & MEDICAL SUPPLIES P.L.C.,"HIV 1/2, Uni-Gold HIV Kit, 20 Tests","HIV 1/2, Uni-Gold HIV Kit",Uni-Gold,1mg+ml+/,Test kit,20,15,691.42,46.09,2.3,"Trinity Biotech, Plc",TRUE,Weight Captured Separately,Freight Included in Commodity Cost,1.11
399,102-GY-T01,Pre-PQ Process,SCMS-18500,ASN-2117,Guyana,PMO - US,Direct Drop,EXW,Air,Pre-PQ Process,2/28/2008,28-Jul-08,28-Jul-08,28-Jul-08,HRDT,HIV test - Ancillary,"Orgenics, Ltd","HIV, Lancet, Safety, for HIV Test kits, 100 Pcs","HIV, Lancet, Safety, for HIV Test kits, 100 Pcs",Generic,10mg+ml+/,Test kit - Ancillary,100,213,2.13,0.01,0,Inverness Japan,TRUE,14,$360 ,0
531,116-ZA-T01,Pre-PQ Process,SCMS-23500,ASN-2783,South Africa,PMO - US,Direct Drop,DDP,Truck,Pre-PQ Process,Date Not Captured,20-Aug-08,20-Aug-08,20-Aug-08,ARV,Adult,S. BUYS WHOLESALER,"Stavudine 20mg [Zerit], capsules, 60 Caps",Stavudine,Zerit,10mg+ml+/,Capsule,60,20,103.40,5.17,0.09,"BMS Meymac, France",TRUE,Weight Captured Separately,Freight Included in Commodity Cost,0.2
410,113-ZW-T01,Pre-PQ Process,SCMS-18870,ASN-2434,Zimbabwe,PMO - US,Direct Drop,EXW,Air,Pre-PQ Process,3/17/2008,17-Nov-08,17-Nov-08,17-Nov-08,HRDT,HIV test,"Orgenics, Ltd","HIV 1/2, Determine HIV Kit, without Lancets, 100 Tests","HIV 1/2, Determine HIV Kit, without Lancets",Determine,10mg+ml+/,Test kit,100,"1,634",117631.66,71.99,0.72,Inverness Japan,TRUE,373,"$4,112.46 ",188.21
411,123-NG-T01,Pre-PQ Process,SCMS-18940,ASN-1467,Nigeria,PMO - US,Direct Drop,EXW,Air,Pre-PQ Process,3/13/2008,17-Apr-08,17-Apr-08,17-Apr-08,HRDT,HIV test,"CHEMBIO DIAGNOSTIC SYSTEMS, INC.","HIV 1/2, Stat-Pak HIV, Kit, 20 Tests","HIV 1/2, Stat-Pak HIV, Kit",Stat-Pak,10mg+ml+/,Test kit,20,"1,425",38475.00,27,1.35,Chembio Diagnostics Sys. Inc.,TRUE,483,"$5,468.88 ",61.56
414,119-NA-T01,Pre-PQ Process,SCMS-19130,ASN-1798,Namibia,PMO - US,Direct Drop,EXW,Air,Pre-PQ Process,3/18/2008,04-Jun-08,04-Jun-08,04-Jun-08,HRDT,HIV test,"Orgenics, Ltd","HIV 1/2, Determine HIV Kit, without Lancets, 100 Tests","HIV 1/2, Determine HIV Kit, without Lancets",Determine,10mg+ml+/,Test kit,100,142,10222.58,71.99,0.72,Inverness Japan,TRUE,33,"$1,715.17 ",16.36
420,108-VN-T01,Pre-PQ Process,SCMS-19490,ASN-1753,Vietnam,PMO - US,Direct Drop,EXW,Air,Pre-PQ Process,3/31/2008,03-Jun-08,03-Jun-08,03-Jun-08,ARV,Adult,MYLAN LABORATORIES LTD (FORMERLY MATRIX LABORATORIES),"Efavirenz 600mg, tablets, 30 Tabs",Efavirenz,Generic,10mg+ml+/,Tablet,30,"8,400",96432.00,11.48,0.38,Mylan (formerly Matrix) Nashik,TRUE,654,"$4,051.34 ",154.29
532,116-ZA-T01,Pre-PQ Process,SCMS-23500,ASN-2293,South Africa,PMO - US,Direct Drop,DDP,Truck,Pre-PQ Process,Date Not Captured,20-Aug-08,08-May-08,08-May-08,ARV,Adult,S. BUYS WHOLESALER,"Didanosine EC 250mg [Videx EC], delayed-release capsules, Blister 3 x 10 Caps",Didanosine EC,Videx EC,1mg+ml+/,Delayed-release capsules - blister,30,100,1906.00,19.06,0.64,"BMS Meymac, France",TRUE,Weight Captured Separately,Freight Included in Commodity Cost,3.05
533,116-ZA-T01,Pre-PQ Process,SCMS-23500,ASN-2293,South Africa,PMO - US,Direct Drop,DDP,Truck,Pre-PQ Process,Date Not Captured,20-Aug-08,08-May-08,08-May-08,ARV,Pediatric,S. BUYS WHOLESALER,"Stavudine 1mg/ml [Zerit], powder for oral solution, Bottle, 200 ml",Stavudine,Zerit,10mg+ml+/,Powder for oral solution,200,670,1025.10,1.53,0.01,"BMS Meymac, France",FALSE,Weight Captured Separately,Freight Included in Commodity Cost,1.64
438,108-VN-T01,Pre-PQ Process,SCMS-20310,ASN-1923,Vietnam,PMO - US,Direct Drop,CIP,Air,Pre-PQ Process,3/31/2008,12-Jul-08,12-Jul-08,12-Jul-08,ARV,Pediatric,BRISTOL-MYERS SQUIBB,"Didanosine 25mg [Videx], chewable tablets, 60 Tabs",Didanosine,Videx,80+20mg+ml,Chewable/dispersible tablet,60,400,2800.00,7,0.12,"BMS Meymac, France",TRUE,81,"$2,211.05 ",4.48
598,116-ZA-T01,Pre-PQ Process,SCMS-25540,ASN-2295,South Africa,PMO - US,Direct Drop,DDP,Truck,Pre-PQ Process,Date Not Captured,12-Jun-08,09-Jun-08,09-Jun-08,ARV,Adult,S. BUYS WHOLESALER,"Abacavir 300mg [Ziagen], tablets, Blister 6 x 10 Tabs",Abacavir,Ziagen,10mg+ml+/,Tablet - blister,60,30,1049.40,34.98,0.58,GSK Ware (UK),TRUE,Weight Captured Separately,Freight Included in Commodity Cost,1.68
464,102-NG-T01,Pre-PQ Process,SCMS-21540,ASN-2008,Nigeria,PMO - US,Direct Drop,EXW,Air,Pre-PQ Process,Date Not Captured,09-Jul-08,09-Jul-08,09-Jul-08,HRDT,HIV test,"Orgenics, Ltd","HIV 1/2, Determine HIV Kit, without Lancets, 100 Tests","HIV 1/2, Determine HIV Kit, without Lancets",Determine,80mg+ml+/,Test kit,100,"5,498",439785.02,79.99,0.8,Inverness Japan,TRUE,1251,"$16,090.22 ",703.66
646,116-ZA-T01,Pre-PQ Process,SCMS-26820,ASN-2488,South Africa,PMO - US,Direct Drop,DDP,Truck,Pre-PQ Process,Date Not Captured,10-Jul-08,08-Jul-08,08-Jul-08,ARV,Pediatric,S. BUYS WHOLESALER,"Nevirapine 10mg/ml [Viramune], oral suspension, Bottle, 240 ml",Nevirapine,Viramune,80+20mg+ml,Oral suspension,240,50,696.50,13.93,0.06,"BI, Ingelheim, Germany",TRUE,Weight Captured Separately,Freight Included in Commodity Cost,1.11
772,131-NG-T01,Pre-PQ Process,SCMS-30502,ASN-3653,Nigeria,PMO - US,Direct Drop,CIP,Air,Pre-PQ Process,03-06-09,10-Mar-09,08-Apr-09,08-Apr-09,ARV-warsrg,Adult,MERCK SHARP & DOHME IDEA GMBH (FORMALLY MERCK SHARP & DOHME B.V.),"Efavirenz/Emtricitabine/Tenofovir Disoproxil Fumarate 600/200/300mg [Atripla], tablets, 30 Tabs",Efavirenz/Emtricitabine/Tenofovir Disoproxil Fumarate,Atripla,80+20mg+ml,Tablet - FDC,30,9,453.60,50.4,1.68,"MSD, Haarlem, NL",TRUE,Weight Captured Separately,Freight Included in Commodity Cost,0.89
530,108-VN-T01,Pre-PQ Process,SCMS-23450,ASN-2336,Vietnam,PMO - US,Direct Drop,EXW,Air,Pre-PQ Process,5/14/2008,19-Sep-08,19-Sep-08,19-Sep-08,ARV,Adult,MYLAN LABORATORIES LTD (FORMERLY MATRIX LABORATORIES),"Tenofovir Disoproxil Fumarate 300mg, tablets, 30 Tabs",Tenofovir Disoproxil Fumarate,Generic,1mg+ml+/,Tablet,30,"1,344",18359.04,13.66,0.46,Mylan (formerly Matrix) Nashik,TRUE,1537,"$13,507.92 ",29.37
835,116-ZA-T01,Pre-PQ Process,SCMS-33320,ASN-3553,South Africa,PMO - US,Direct Drop,DDP,Truck,Pre-PQ Process,Date Not Captured,17-May-09,09-Oct-08,09-Oct-08,ARV,Adult,S. BUYS WHOLESALER,"Tenofovir Disoproxil Fumarate 300mg [Viread], tablets, 30 Tabs",Tenofovir Disoproxil Fumarate,Viread,10mg+ml+/,Tablet,30,80,1830.40,22.88,0.76,"Aspen-OSD, Port Elizabeth, SA",TRUE,Weight Captured Separately,Freight Included in Commodity Cost,3.59
836,116-ZA-T01,Pre-PQ Process,SCMS-33320,ASN-3892,South Africa,PMO - US,Direct Drop,DDP,Truck,Pre-PQ Process,Date Not Captured,17-May-09,17-May-09,17-May-09,ARV-warsrg,Adult,S. BUYS WHOLESALER,"Tenofovir Disoproxil Fumarate 300mg [Viread], tablets, 30 Tabs",Tenofovir Disoproxil Fumarate,Viread,1mg+ml+/,Tablet,30,120,2745.60,22.88,0.76,"Aspen-OSD, Port Elizabeth, SA",TRUE,Weight Captured Separately,Freight Included in Commodity Cost,5.38
837,116-ZA-T01,Pre-PQ Process,SCMS-33320,ASN-3553,South Africa,PMO - US,Direct Drop,DDP,Truck,Pre-PQ Process,Date Not Captured,17-May-09,09-Oct-08,09-Oct-08,ARV,Pediatric,S. BUYS WHOLESALER,"Stavudine 1mg/ml [Zerit], powder for oral solution, Bottle, 200 ml",Stavudine,Zerit,10mg+ml+/,Powder for oral solution,200,600,858.00,1.43,0.01,"BMS Meymac, France",FALSE,Weight Captured Separately,Freight Included in Commodity Cost,1.68
535,109-TZ-T01,Pre-PQ Process,SCMS-23610,ASN-2167,Tanzania,PMO - US,Direct Drop,CIP,Air,Pre-PQ Process,5/15/2008,02-Sep-08,02-Sep-08,02-Sep-08,ARV,Adult,BRISTOL-MYERS SQUIBB,"Didanosine EC 400mg [Videx EC], delayed-release capsules, Blister 3 x 10 Caps",Didanosine EC,Videx EC,10mg+ml+/,Delayed-release capsules - blister,30,"2,597",61470.99,23.67,0.79,"BMS Meymac, France",TRUE,117,$645.10 ,98.35
543,106-HT-T01,Pre-PQ Process,SCMS-23840,ASN-2504,Haiti,PMO - US,Direct Drop,EXW,Air,Pre-PQ Process,5/20/2008,30-Sep-08,30-Sep-08,30-Sep-08,HRDT,HIV test,Orasure Technologies Inc.,"HIV 1/2, OraQuick Advance HIV Rapid Antibody Kit, 100 Tests","HIV 1/2, OraQuick Advance HIV Rapid Antibody Kit",OraQuick,10mg+ml+/,Test kit,100,28,9800.00,350,3.5,"Pacific Biotech, Thailand",TRUE,109,$782.13 ,15.68
551,106-HT-T01,Pre-PQ Process,SCMS-24020,ASN-2865,Haiti,PMO - US,Direct Drop,EXW,Air,Pre-PQ Process,5/23/2008,24-Nov-08,24-Nov-08,24-Nov-08,HRDT,HIV test,"Trinity Biotech, Plc","HIV 1/2, Capillus HIV Kit, 100 Tests","HIV 1/2, Capillus HIV Kit",Capillus,10mg+ml+/,Test kit,100,84,11676.00,139,1.39,"Trinity Biotech, Plc",TRUE,54,$871.57 ,22.88
838,116-ZA-T01,Pre-PQ Process,SCMS-33320,ASN-3553,South Africa,PMO - US,Direct Drop,DDP,Truck,Pre-PQ Process,Date Not Captured,17-May-09,09-Oct-08,09-Oct-08,ARV,Pediatric,S. BUYS WHOLESALER,"Didanosine 100mg [Videx],chewable tablets, 60 Tabs",Didanosine,Videx,1mg+ml+/,Chewable/dispersible tablet,60,7,91.35,13.05,0.22,"BMS Meymac, France",FALSE,Weight Captured Separately,Freight Included in Commodity Cost,0.18
610,108-VN-T01,Pre-PQ Process,SCMS-26180,ASN-2274,Vietnam,PMO - US,Direct Drop,EXW,Air,Pre-PQ Process,07-01-08,19-Sep-08,19-Sep-08,19-Sep-08,ARV,Adult,Aurobindo Pharma Limited,"Lamivudine 150mg, tablets, 60 Tabs",Lamivudine,Generic,80+20mg+ml,Tablet,60,"38,640",92736.00,2.4,0.04,"Aurobindo Unit III, India",TRUE,2719,"$18,614.72 ",148.38
630,112-NG-T01,Pre-PQ Process,SCMS-26560,ASN-2366,Nigeria,PMO - US,Direct Drop,EXW,Air,Pre-PQ Process,07-02-08,25-Feb-09,09-Sep-08,09-Sep-08,ACT,ACT,IDA FOUNDATION,"Artemether/Lumefantrine 20/120mg [Coartem], scored tablets, Blister 30 x 18 Tabs",Artemether/Lumefantrine,Coartem,1mg+ml+/,Tablet - FDC + blister,540,34,1547.68,45.52,0.08,"Novartis Pharma AG, Switzerland",TRUE,115,"$1,755.87 ",2.48
637,108-VN-T01,Pre-PQ Process,SCMS-26200,ASN-2563,Vietnam,PMO - US,Direct Drop,EXW,Air,Pre-PQ Process,07-03-08,08-Oct-08,08-Oct-08,08-Oct-08,ARV,Adult,Aurobindo Pharma Limited,"Stavudine 30mg, capsules, 60 Caps",Stavudine,Generic,10mg+ml+/,Capsule,60,"42,000",60900.00,1.45,0.02,"Aurobindo Unit III, India",TRUE,2600,"$10,179.16 ",97.44
839,116-ZA-T01,Pre-PQ Process,SCMS-33320,ASN-3553,South Africa,PMO - US,Direct Drop,DDP,Truck,Pre-PQ Process,Date Not Captured,17-May-09,09-Oct-08,09-Oct-08,ARV,Pediatric,S. BUYS WHOLESALER,"Lopinavir/Ritonavir 80/20mg/ml [Kaletra], oral solution, cool, Bottle 5 x 60 ml",Lopinavir/Ritonavir,Kaletra,80+20mg+ml,Oral solution,300,40,1375.60,34.39,0.11,ABBVIE (Abbott) Logis. UK,FALSE,Weight Captured Separately,Freight Included in Commodity Cost,2.7
660,108-VN-T01,Pre-PQ Process,SCMS-27360,ASN-2767,Vietnam,PMO - US,Direct Drop,EXW,Air,Pre-PQ Process,7/24/2008,27-Nov-08,27-Nov-08,27-Nov-08,ARV,Adult,MYLAN LABORATORIES LTD (FORMERLY MATRIX LABORATORIES),"Efavirenz 600mg, tablets, 30 Tabs",Efavirenz,Generic,80+20mg+ml,Tablet,30,"16,800",171192.00,10.19,0.34,Mylan (formerly Matrix) Nashik,TRUE,1224,"$4,686.88 ",335.54
668,102-GY-T01,Pre-PQ Process,SCMS-27670,ASN-2255,Guyana,PMO - US,Direct Drop,CIP,Air,Pre-PQ Process,7/25/2008,15-Aug-08,15-Aug-08,15-Aug-08,MRDT,Malaria,ZEPHYR BIOMEDICALS,"Malaria Paramax-3 Kit, 25 Tests",Malaria Paramax-3 Kit,Paramax,1mg+ml+/,Test kit,25,98,3675.00,37.5,1.5,Not Applicable,TRUE,34,$180 ,5.88
670,110-ZM-T01,Pre-PQ Process,SCMS-27790,ASN-2641,Zambia,PMO - US,Direct Drop,EXW,Air,Pre-PQ Process,7/31/2008,20-Oct-08,20-Oct-08,20-Oct-08,HRDT,HIV test,"Orgenics, Ltd","HIV 1/2, Determine HIV Kit, without Lancets, 100 Tests","HIV 1/2, Determine HIV Kit, without Lancets",Determine,80+20mg+ml,Test kit,100,"4,500",323955.00,71.99,0.72,Inverness Japan,TRUE,1053,"$11,062.05 ",634.95
849,102-GY-T01,Pre-PQ Process,SCMS-33930,ASN-3209,Guyana,PMO - US,Direct Drop,CIP,Air,Pre-PQ Process,11/19/2008,06-Feb-09,06-Feb-09,06-Feb-09,MRDT,Malaria,ZEPHYR BIOMEDICALS,"Malaria Paramax-3 Kit, 25 Tests",Malaria Paramax-3 Kit,Paramax,80+20mg+ml,Test kit,25,108,4050.00,37.5,1.5,Not Applicable,TRUE,Weight Captured Separately,Freight Included in Commodity Cost,7.94
717,104-CI-T01,Pre-PQ Process,SCMS-29140,ASN-2472,Côte d'Ivoire,PMO - US,Direct Drop,EXW,Air,Pre-PQ Process,8/27/2008,02-Oct-08,02-Oct-08,02-Oct-08,HRDT,HIV test,BIO-RAD LABORATORIES (FRANCE),"#108853** HIV, Genie II HIV-1/HIV-2 Kit, 40 Tests","HIV, Genie II HIV-1/HIV-2 Kit",Genie,80+20mg+ml,Test kit,40,500,38000.00,76,1.9,Bio-Rad Laboratories,TRUE,562,"$11,298.13 ",60.8
719,104-CI-T01,Pre-PQ Process,SCMS-29340,ASN-2921,Côte d'Ivoire,PMO - US,Direct Drop,EXW,Air,Pre-PQ Process,09-03-08,23-Jan-09,23-Jan-09,23-Jan-09,ACT-ôDd,ACT,IDA FOUNDATION,"Artesunate+Amodiaquine 50+153mg, tablets, co-blister 6+6 Tabs",Artesunate+Amodiaquine,Generic,20mg+ml+/,Tablet - FDC + co-blister,12,"25,000",9750.00,0.39,0.03,Ipca Dadra/Nagar Haveli IN,TRUE,1708,"$12,830.91 ",19.11
986,109-TZ-T01,Pre-PQ Process,SCMS-38380,ASN-3627,Tanzania,PMO - US,Direct Drop,FCA,Air,Pre-PQ Process,02-05-09,04-May-09,04-May-09,04-May-09,ARV,Pediatric,ABBVIE LOGISTICS (FORMERLY ABBOTT LOGISTICS BV),"Lopinavir/Ritonavir 100/25mg [Aluvia], tablets, 60 Tabs",Lopinavir/Ritonavir,Generic,80+20mg+ml,Tablet,60,"2,094",21526.32,10.28,0.17,ABBVIE Ludwigshafen Germany,TRUE,237,Freight Included in Commodity Cost,42.19
791,119-NA-T01,Pre-PQ Process,SCMS-31180,ASN-2717,Namibia,PMO - US,Direct Drop,EXW,Air,Pre-PQ Process,9/24/2008,29-Oct-08,29-Oct-08,29-Oct-08,HRDT,HIV test,"Orgenics, Ltd","HIV 1/2, Determine HIV Kit, without Lancets, 100 Tests","HIV 1/2, Determine HIV Kit, without Lancets",Determine,10mg+ml+/,Test kit,100,150,10798.50,71.99,0.72,Inverness Japan,TRUE,46,"$2,698.04 ",21.17
796,102-BW-T01,Pre-PQ Process,SCMS-31370,ASN-2796,Botswana,PMO - US,Direct Drop,EXW,Air,Pre-PQ Process,10-02-08,28-Nov-08,28-Nov-08,28-Nov-08,HRDT,HIV test - Ancillary,"Trinity Biotech, Plc","#109436**HIV 1, Uni-Gold Recombigen HIV Control, Vial 2 x 0.5 ml","HIV 1, Uni-Gold Recombigen HIV Control, Vial 2 x 0.5 ml",Uni-Gold,80+20mg+ml,Test kit - Ancillary,2,15,450.00,30,15,"Trinity Biotech, Plc",TRUE,1,$578.01 ,0.88
797,110-ZM-T01,Pre-PQ Process,SCMS-31380,ASN-3172,Zambia,PMO - US,Direct Drop,EXW,Air,Pre-PQ Process,10-02-08,23-Jan-09,23-Jan-09,23-Jan-09,HRDT,HIV test,"Standard Diagnostics, Inc.","HIV 1/2, Bioline 3.0 Kit, Lancets, Capillary pipets, Alcohol swabs included, 25 Tests","HIV 1/2, Bioline 3.0 Kit, Lancets, Capillary pipets, Alcohol swabs included",Bioline,10mg+ml+/,Test kit,25,319,6380.00,20,0.8,"Standard Diagnostics, Korea",TRUE,100,"$1,122.24 ",12.5
"1,063",116-ZA-T01,Pre-PQ Process,SCMS-40810,ASN-3634,South Africa,PMO - US,Direct Drop,DDP,Air,Pre-PQ Process,Date Not Captured,31-Mar-09,02-Dec-08,02-Dec-08,ARV,Adult,S. BUYS WHOLESALER,"Efavirenz 600mg, tablets, 30 Tabs",Efavirenz,Generic,1mg+ml+/,Tablet,30,"3,025",47522.75,15.71,0.52,"Aurobindo Unit III, India",TRUE,Weight Captured Separately,Freight Included in Commodity Cost,93.14
"1,065",116-ZA-T01,Pre-PQ Process,SCMS-41040,ASN-3623,South Africa,PMO - US,Direct Drop,DDP,Air,Pre-PQ Process,Date Not Captured,07-Apr-09,03-Dec-08,03-Dec-08,ARV,Adult,S. BUYS WHOLESALER,"Efavirenz 600mg, tablets, 30 Tabs",Efavirenz,Generic,1mg+ml+/,Tablet,30,"3,500",49840.00,14.24,0.47,"Cipla, Goa, India",TRUE,Weight Captured Separately,Freight Included in Commodity Cost,97.69
"1,066",116-ZA-T01,Pre-PQ Process,SCMS-41040,ASN-3623,South Africa,PMO - US,Direct Drop,DDP,Air,Pre-PQ Process,Date Not Captured,07-Apr-09,03-Dec-08,03-Dec-08,ARV,Pediatric,S. BUYS WHOLESALER,"Zidovudine 10mg/ml, oral solution, Bottle, 240 ml",Zidovudine,Generic,10mg+ml+/,Oral solution,240,"1,008",3588.48,3.56,0.01,"Aurobindo Unit III, India",FALSE,Weight Captured Separately,Freight Included in Commodity Cost,7.03
"1,067",116-ZA-T01,Pre-PQ Process,SCMS-41060,ASN-3624,South Africa,PMO - US,Direct Drop,DDP,Air,Pre-PQ Process,Date Not Captured,05-May-09,23-Dec-08,23-Dec-08,ARV,Pediatric,S. BUYS WHOLESALER,"Stavudine 1mg/ml [Zerit], powder for oral solution, Bottle, 200 ml",Stavudine,Zerit,10mg+ml+/,Powder for oral solution,200,960,1152.00,1.2,0.01,"BMS Meymac, France",TRUE,Weight Captured Separately,Freight Included in Commodity Cost,2.26
"2,947",108-VN-T01,Pre-PQ Process,SCMS-14930,ASN-1231,Vietnam,PMO - US,Direct Drop,EXW,Air,Pre-PQ Process,12-05-07,22-Jan-08,22-Jan-08,22-Jan-08,ARV,Adult,Aurobindo Pharma Limited,"Stavudine 15mg, capsules, 60 Caps",Stavudine,Generic,10mg+ml+/,Capsule,60,400,600.00,1.5,0.02,"Aurobindo Unit III, India",TRUE,83,"$2,426.05 ",0.96
"1,068",116-ZA-T01,Pre-PQ Process,SCMS-41070,ASN-3625,South Africa,PMO - US,Direct Drop,DDP,Air,Pre-PQ Process,Date Not Captured,12-May-09,30-Dec-08,30-Dec-08,ARV,Pediatric,S. BUYS WHOLESALER,"Lamivudine 10mg/ml [Epivir], oral solution, Bottle, 240 ml",Lamivudine,Epivir,10mg+ml+/,Oral solution,240,"1,800",10512.00,5.84,0.02,GSK Mississauga (Canada),TRUE,Weight Captured Separately,Freight Included in Commodity Cost,20.6
"1,070",116-ZA-T01,Pre-PQ Process,SCMS-41140,ASN-3752,South Africa,PMO - US,Direct Drop,DDP,Air,Pre-PQ Process,Date Not Captured,31-Mar-09,21-Nov-08,21-Nov-08,ARV,Adult,S. BUYS WHOLESALER,"Stavudine 30mg, capsules, 60 Caps",Stavudine,Generic,10mg+ml+/,Capsule,60,"1,200",3384.00,2.82,0.05,"Aurobindo Unit III, India",TRUE,Weight Captured Separately,Freight Included in Commodity Cost,6.63
858,109-TZ-T01,Pre-PQ Process,SCMS-34680,ASN-3332,Tanzania,PMO - US,Direct Drop,CIP,Air,Pre-PQ Process,12/19/2008,21-Apr-09,21-Apr-09,21-Apr-09,ARV-warsrg,Adult,MERCK SHARP & DOHME IDEA GMBH (FORMALLY MERCK SHARP & DOHME B.V.),"Efavirenz/Emtricitabine/Tenofovir Disoproxil Fumarate 600/200/300mg [Atripla], tablets, 30 Tabs",Efavirenz/Emtricitabine/Tenofovir Disoproxil Fumarate,Atripla,1mg+ml+/,Tablet - FDC,30,"50,000",2520000.00,50.4,1.68,"MSD, Haarlem, NL",TRUE,4093,"$9,339 ","4,939.20"
914,104-CI-T01,Pre-PQ Process,SCMS-35790,ASN-3242,Côte d'Ivoire,PMO - US,Direct Drop,EXW,Air,Pre-PQ Process,12/19/2008,02-Mar-09,02-Mar-09,02-Mar-09,ANTM,Malaria,IDA FOUNDATION,"Quinine 600mg/2ml (as dihydrochloride), injection, 2ml x 100 Ampules",Quinine (as dihydrochloride),Generic,10mg+ml+/,Injection,100,140,2731.40,19.51,0.2,Gland Pharma Ltd Pally Factory,TRUE,5209,"$25,405.22 ",5.35
937,111-MZ-T01,Pre-PQ Process,SCMS-36660,ASN-3509,Mozambique,PMO - US,Direct Drop,EXW,Air,Pre-PQ Process,01-05-09,23-Mar-09,23-Mar-09,23-Mar-09,HRDT,HIV test,"Trinity Biotech, Plc","HIV 1/2, Uni-Gold HIV Kit, 20 Tests","HIV 1/2, Uni-Gold HIV Kit",Uni-Gold,10mg+ml+/,Test kit,20,"5,700",182400.00,32,1.6,"Trinity Biotech, Plc",TRUE,1906,"$23,914.80 ",357.5
960,108-VN-T01,Pre-PQ Process,SCMS-37170,ASN-3562,Vietnam,PMO - US,Direct Drop,EXW,Air,Pre-PQ Process,1/16/2009,10-Apr-09,10-Apr-09,10-Apr-09,ARV-warsrg,Adult,Aurobindo Pharma Limited,"Lamivudine/Zidovudine 150/300mg, tablets, 60 Tabs",Lamivudine/Zidovudine,Generic,80+20mg+ml,Tablet - FDC,60,"5,964",51350.04,8.61,0.14,"Aurobindo Unit III, India",TRUE,3509,"$12,835.20 ",100.65
"1,077",116-ZA-T01,Pre-PQ Process,SCMS-41462,ASN-4361,South Africa,PMO - US,Direct Drop,DDP,Air,Pre-PQ Process,3/18/2009,25-Jun-09,21-Apr-09,21-Apr-09,ARV,Pediatric,S. BUYS WHOLESALER,"Lamivudine 10mg/ml, oral solution, Bottle, 240 ml",Lamivudine,Generic,10mg+ml+/,Oral solution,240,346,1954.90,5.65,0.02,"Aurobindo Unit III, India",TRUE,Weight Captured Separately,Freight Included in Commodity Cost,3.83
962,108-VN-T01,Pre-PQ Process,SCMS-37180,ASN-3521,Vietnam,PMO - US,Direct Drop,EXW,Air,Pre-PQ Process,1/16/2009,23-Mar-09,23-Mar-09,23-Mar-09,ARV,Adult,CIPLA LIMITED,"Lamivudine/Nevirapine/Stavudine 150/200/30mg, tablets, 60 Tabs",Lamivudine/Nevirapine/Stavudine,Generic,80+20mg+ml,Tablet - FDC,60,"10,560",72864.00,6.9,0.12,"Cipla, Goa, India",TRUE,924,"$4,225.93 ",142.81
979,108-VN-T01,Pre-PQ Process,SCMS-31721,ASN-3454,Vietnam,PMO - US,Direct Drop,EXW,Air,Pre-PQ Process,10/21/2008,16-Mar-09,16-Mar-09,16-Mar-09,ARV,Adult,Aurobindo Pharma Limited,"Lamivudine/Zidovudine 150/300mg, tablets, 60 Tabs",Lamivudine/Zidovudine,Generic,10mg+ml+/,Tablet - FDC,60,"2,352",20250.72,8.61,0.14,"Aurobindo Unit III, India",TRUE,211,$892.50 ,39.69
985,109-TZ-T01,Pre-PQ Process,SCMS-38370,ASN-3751,Tanzania,PMO - US,Direct Drop,FCA,Air,Pre-PQ Process,02-05-09,28-May-09,28-May-09,28-May-09,ARV,Pediatric,ABBVIE LOGISTICS (FORMERLY ABBOTT LOGISTICS BV),"Lopinavir/Ritonavir 80/20mg/ml [Kaletra], oral solution, cool, Bottle 5 x 60 ml",Lopinavir/Ritonavir,Kaletra,10mg+ml+/,Oral solution,300,524,21536.40,41.1,0.14,ABBVIE (Abbott) Logis. UK,TRUE,644,"$6,668.61 ",42.21
"1,078",116-ZA-T01,Pre-PQ Process,SCMS-41460,ASN-4502,South Africa,PMO - US,Direct Drop,DDP,Truck,Pre-PQ Process,3/18/2009,25-Jun-09,05-Jun-09,05-Jun-09,ARV,Pediatric,S. BUYS WHOLESALER,"Efavirenz 50mg, capsule, 30 Caps",Efavirenz,Generic,10mg+ml+/,Capsule,30,"5,300",16642.00,3.14,0.1,"Aurobindo Unit III, India",TRUE,Weight Captured Separately,Freight Included in Commodity Cost,32.62
993,107-RW-T01,Pre-PQ Process,SCMS-38660,ASN-3710,Rwanda,PMO - US,Direct Drop,EXW,Air,Pre-PQ Process,2/18/2009,28-Apr-09,28-Apr-09,28-Apr-09,HRDT,HIV test,Premier Medical Corporation Ltd.,"HIV 1/2/O, First Response HIV 1-2.0, v.3.0 Cards Kit, 30 Tests","HIV 1/2/O, First Response HIV 1-2.0, v.3.0 Cards Kit",First Response,10mg+ml+/,Test kit,30,"8,249",185602.50,22.5,0.75,Premier Med. Corp Ltd. India,TRUE,2800,"$12,595.81 ",363.78
"1,037",123-NG-T01,Pre-PQ Process,SCMS-39640,ASN-4747,Nigeria,PMO - US,Direct Drop,CIP,Air,Pre-PQ Process,03-04-09,30-Sep-09,30-Sep-09,30-Sep-09,ARV,Adult,BRISTOL-MYERS SQUIBB,"Didanosine EC 400mg [Videx EC], delayed-release capsules, Blister 3 x 10 Caps",Didanosine EC,Videx EC,10mg+ml+/,Delayed-release capsules - blister,30,200,4734.00,23.67,0.79,"BMS Meymac, France",TRUE,11,$463 ,9.28
"1,046",106-HT-T01,Pre-PQ Process,SCMS-40000,ASN-3675,Haiti,PMO - US,Direct Drop,CIP,Air,Pre-PQ Process,03-06-09,31-Mar-09,31-Mar-09,31-Mar-09,ARV,Pediatric,BRISTOL-MYERS SQUIBB,"Didanosine 50mg [Videx], chewable tablets, 60 Tabs",Didanosine,Videx,10mg+ml+/,Chewable/dispersible tablet,60,80,760.00,9.5,0.16,"BMS Meymac, France",TRUE,43,$260 ,1.49
"1,079",116-ZA-T01,Pre-PQ Process,SCMS-41464,ASN-4634,South Africa,PMO - US,Direct Drop,DDP,Air,Pre-PQ Process,3/18/2009,25-Jun-09,17-Jun-09,17-Jun-09,ARV,Pediatric,S. BUYS WHOLESALER,"Lamivudine 10mg/ml, oral solution, Bottle, 240 ml",Lamivudine,Generic,10mg+ml+/,Oral solution,240,342,1932.30,5.65,0.02,"Aurobindo Unit III, India",TRUE,Weight Captured Separately,Freight Included in Commodity Cost,3.79
"1,048",106-HT-T01,Pre-PQ Process,SCMS-40030,ASN-3750,Haiti,PMO - US,Direct Drop,FCA,Air,Pre-PQ Process,03-06-09,15-Apr-09,15-Apr-09,15-Apr-09,ARV,Pediatric,ABBVIE LOGISTICS (FORMERLY ABBOTT LOGISTICS BV),"Lopinavir/Ritonavir 100/25mg [Aluvia], tablets, 60 Tabs",Lopinavir/Ritonavir,Generic,1mg+ml+/,Tablet,60,46,472.88,10.28,0.17,ABBVIE Ludwigshafen Germany,TRUE,10,$893.22 ,0.93
"1,080",116-ZA-T01,Pre-PQ Process,SCMS-41480,ASN-5055,South Africa,PMO - US,Direct Drop,DDP,Truck,Pre-PQ Process,6/15/2009,19-Aug-09,19-Aug-09,19-Aug-09,ARV,Adult,S. BUYS WHOLESALER,"Stavudine 15mg [Zerit], capsules, 60 Caps",Stavudine,Zerit,20mg+ml+/,Capsule,60,"2,700",10665.00,3.95,0.07,"BMS Meymac, France",TRUE,Weight Captured Separately,Freight Included in Commodity Cost,20.9
"1,084",116-ZA-T01,Pre-PQ Process,SCMS-41581,ASN-4196,South Africa,PMO - US,Direct Drop,DDP,Air,Pre-PQ Process,3/27/2009,25-Jun-09,14-Apr-09,14-Apr-09,ARV,Adult,S. BUYS WHOLESALER,"Lopinavir/Ritonavir 200/50mg [Aluvia], tablets, 120 Tabs",Lopinavir/Ritonavir,Aluvia,10mg+ml+/,Tablet,120,"3,735",134385.30,35.98,0.3,ABBVIE Ludwigshafen Germany,TRUE,Weight Captured Separately,Freight Included in Commodity Cost,263.4
"1,085",116-ZA-T01,Pre-PQ Process,SCMS-41589,ASN-4358,South Africa,PMO - US,Direct Drop,DDP,Air,Pre-PQ Process,3/27/2009,25-Jun-09,29-Apr-09,29-Apr-09,ARV,Adult,S. BUYS WHOLESALER,"Zidovudine 300mg [Retrovir], tablets, 60 Tabs",Zidovudine,Retrovir,10mg+ml+/,Tablet,60,"6,000",80640.00,13.44,0.22,GSK Aranda,TRUE,Weight Captured Separately,Freight Included in Commodity Cost,158.05
"1,086",116-ZA-T01,Pre-PQ Process,SCMS-41584,ASN-4385,South Africa,PMO - US,Direct Drop,DDP,Air,Pre-PQ Process,3/27/2009,25-Jun-09,20-Apr-09,20-Apr-09,ARV,Adult,S. BUYS WHOLESALER,"Stavudine 30mg, capsules, 60 Caps",Stavudine,Generic,1mg+ml+/,Capsule,60,"11,672",35016.00,3,0.05,"Aurobindo Unit III, India",TRUE,Weight Captured Separately,Freight Included in Commodity Cost,68.63
"1,111",116-ZA-T01,Pre-PQ Process,SCMS-47390,ASN-4402,South Africa,PMO - US,Direct Drop,DDP,Truck,Pre-PQ Process,04-02-09,31-Jul-09,21-Apr-09,21-Apr-09,ARV,Pediatric,S. BUYS WHOLESALER,"Lopinavir/Ritonavir 80/20mg/ml [Kaletra], oral solution, cool, Bottle 5 x 60 ml",Lopinavir/Ritonavir,Kaletra,1mg+ml+/,Oral solution,300,30,1080.00,36,0.12,ABBVIE (Abbott) Logis. UK,TRUE,Weight Captured Separately,Freight Included in Commodity Cost,2.12
"1,114",116-ZA-T01,Pre-PQ Process,SCMS-47430,ASN-4244,South Africa,PMO - US,Direct Drop,DDP,Truck,Pre-PQ Process,04-02-09,15-May-09,17-Apr-09,17-Apr-09,ARV,Adult,S. BUYS WHOLESALER,"Emtricitabine/Tenofovir Disoproxil Fumarate 200/300mg [Truvada], tablets, 30 Tabs",Emtricitabine/Tenofovir Disoproxil Fumarate,Truvada,10mg+ml+/,Tablet - FDC,30,80,2816.00,35.2,1.17,"Aspen-OSD, Port Elizabeth, SA",TRUE,Weight Captured Separately,Freight Included in Commodity Cost,5.52
"1,221",116-ZA-T01,Pre-PQ Process,SCMS-46970,ASN-4821,South Africa,PMO - US,Direct Drop,DDP,Truck,Pre-PQ Process,06-05-09,28-Jul-09,28-Jul-09,28-Jul-09,ARV,Adult,S. BUYS WHOLESALER,"Ritonavir 100mg [Norvir], capsules, cool, 84 Caps",Ritonavir,Norvir,10mg+ml+/,Capsule,84,50,490.00,9.8,0.12,ABBVIE (Abbott) Logis. UK,TRUE,Weight Captured Separately,Freight Included in Commodity Cost,0.96
"1,222",116-ZA-T01,Pre-PQ Process,SCMS-47051,ASN-4838,South Africa,PMO - US,Direct Drop,DDP,Truck,Pre-PQ Process,06-05-09,12-Oct-09,05-Aug-09,05-Aug-09,ARV,Adult,S. BUYS WHOLESALER,"Lamivudine 150mg, tablets, 60 Tabs",Lamivudine,Generic,20mg+ml+/,Tablet,60,"5,000",41300.00,8.26,0.14,"Aurobindo Unit III, India",TRUE,Weight Captured Separately,Freight Included in Commodity Cost,80.95
"1,223",116-ZA-T01,Pre-PQ Process,SCMS-47051,ASN-4836,South Africa,PMO - US,Direct Drop,DDP,Truck,Pre-PQ Process,06-05-09,12-Oct-09,28-Jul-09,28-Jul-09,ARV,Pediatric,S. BUYS WHOLESALER,"Lamivudine 10mg/ml [Epivir], oral solution, Bottle, 240 ml",Lamivudine,Epivir,10mg+ml+/,Oral solution,240,460,2838.20,6.17,0.03,GSK Mississauga (Canada),TRUE,Weight Captured Separately,Freight Included in Commodity Cost,5.56
"1,279",113-ZW-T01,Pre-PQ Process,SCMS-135,ASN-79,Zimbabwe,PMO - US,Direct Drop,CIP,Air,Pre-PQ Process,Date Not Captured,07-Nov-06,07-Nov-06,07-Nov-06,ARV,Adult,INTERNATIONAL HEALTHCARE DISTRIBUTORS,"Lopinavir/Ritonavir 133.3/33.3mg [Kaletra], capsules, cool, 2 x 90 Caps",Lopinavir/Ritonavir,Kaletra,20mg+ml+/,Capsule,180,260,11096.80,42.68,0.24,ABBVIE (Abbott) St. P'burg USA,TRUE,135,Freight Included in Commodity Cost,
"1,295",111-MZ-T01,Pre-PQ Process,SCMS-211,ASN-229,Mozambique,PMO - US,Direct Drop,CIP,Air,Pre-PQ Process,11/17/2006,15-Feb-07,15-Feb-07,15-Feb-07,ARV,Adult,ABBVIE LOGISTICS (FORMERLY ABBOTT LOGISTICS BV),"Lopinavir/Ritonavir 200/50mg [Aluvia], tablets, 120 Tabs",Lopinavir/Ritonavir,Aluvia,30mg+ml+/,Tablet,120,80,3288.00,41.1,0.34,ABBSP,TRUE,25,Freight Included in Commodity Cost,
"1,337",104-CI-T01,Pre-PQ Process,SCMS-610,ASN-813,Côte d'Ivoire,PMO - US,Direct Drop,CIP,Air,Pre-PQ Process,05-09-07,23-Oct-07,23-Oct-07,23-Oct-07,ARV,Pediatric,BRISTOL-MYERS SQUIBB,"Didanosine 50mg [Videx], chewable tablets, 60 Tabs",Didanosine,Videx,30mg+ml+/,Chewable/dispersible tablet,60,"1,577",14981.50,9.5,0.16,"BMS Meymac, France",TRUE,306,Freight Included in Commodity Cost,23.97
"1,350",104-CI-T01,Pre-PQ Process,SCMS-698,ASN-727,Côte d'Ivoire,PMO - US,Direct Drop,CIP,Air,Pre-PQ Process,7/13/2007,02-Oct-07,02-Oct-07,02-Oct-07,ARV,Pediatric,BRISTOL-MYERS SQUIBB,"Didanosine 50mg [Videx], chewable tablets, 60 Tabs",Didanosine,Videx,80+20mg+ml,Chewable/dispersible tablet,60,"4,270",40565.00,9.5,0.16,"BMS Meymac, France",FALSE,Weight Captured Separately,Freight Included in Commodity Cost,64.9
"1,095",144-BW-T01,Pre-PQ Process,SCMS-41870,ASN-4896,Botswana,PMO - US,Direct Drop,EXW,Air,Pre-PQ Process,3/25/2009,13-Nov-09,13-Nov-09,13-Nov-09,HRDT,HIV test,Orasure Technologies Inc.,"HIV 1/2, OraQuick Advance HIV Rapid Antibody Kit, 100 Tests","HIV 1/2, OraQuick Advance HIV Rapid Antibody Kit",OraQuick,10mg+ml+/,Test kit,100,20,7000.00,350,3.5,"Pacific Biotech, Thailand",TRUE,48,"$1,172.11 ",13.72
"1,109",104-CI-T01,Pre-PQ Process,SCMS-42210,ASN-4086,Côte d'Ivoire,PMO - US,Direct Drop,FCA,Air,Pre-PQ Process,3/30/2009,30-Jun-09,30-Jun-09,30-Jun-09,ARV,Adult,ABBVIE LOGISTICS (FORMERLY ABBOTT LOGISTICS BV),"Lopinavir/Ritonavir 200/50mg [Aluvia], tablets, 120 Tabs",Lopinavir/Ritonavir,Aluvia,10mg+ml+/,Tablet,120,"10,240",420864.00,41.1,0.34,ABBVIE Ludwigshafen Germany,TRUE,2523,"$14,806.48 ",824.89
"1,110",104-CI-T01,Pre-PQ Process,SCMS-42230,ASN-4423,Côte d'Ivoire,PMO - US,Direct Drop,FCA,Air,Pre-PQ Process,3/30/2009,22-Jul-09,22-Jul-09,22-Jul-09,ARV,Adult,ABBVIE LOGISTICS (FORMERLY ABBOTT LOGISTICS BV),"Ritonavir 100mg [Norvir], capsules, cool, 4 x 84 Caps",Ritonavir,Norvir,10mg+ml+/,Capsule,336,400,15344.00,38.36,0.11,ABBVIE (Abbott) Logis. UK,TRUE,175,"$7,642.97 ",30.07
"1,512",116-ZA-T01,Pre-PQ Process,SCMS-14050,ASN-1251,South Africa,PMO - US,Direct Drop,DDP,,Pre-PQ Process,11-12-07,29-Jan-08,29-Jan-08,29-Jan-08,ARV,Pediatric,"JSI R&T INSTITUTE, INC.","Lopinavir/Ritonavir 80/20mg/ml [Kaletra], oral solution, cool, Bottle 5 x 60 ml",Lopinavir/Ritonavir,Kaletra,30mg+ml+/,Oral solution,300,30,1447.80,48.26,0.16,ABBVIE (Abbott) Logis. UK,FALSE,Weight Captured Separately,Freight Included in Commodity Cost,2.32
"1,513",116-ZA-T01,Pre-PQ Process,SCMS-14050,ASN-1251,South Africa,PMO - US,Direct Drop,DDP,,Pre-PQ Process,11-12-07,29-Jan-08,29-Jan-08,29-Jan-08,ARV,Adult,"JSI R&T INSTITUTE, INC.","Didanosine EC 400mg [Videx EC], delayed-release capsules, Blister 3 x 10 Caps",Didanosine EC,Videx EC,80+20mg+ml,Delayed-release capsules - blister,30,100,2850.00,28.5,0.95,"BMS Meymac, France",FALSE,Weight Captured Separately,Freight Included in Commodity Cost,4.56
"1,115",116-ZA-T01,Pre-PQ Process,SCMS-47500,ASN-4332,South Africa,PMO - US,Direct Drop,DDP,Truck,Pre-PQ Process,04-02-09,15-May-09,23-Apr-09,23-Apr-09,ARV,Adult,S. BUYS WHOLESALER,"Zidovudine 300mg, tablets, 60 Tabs",Zidovudine,Generic,20mg+ml+/,Tablet,60,"1,000",19770.00,19.77,0.33,"Aurobindo Unit III, India",TRUE,Weight Captured Separately,"$3,134.85 ",38.75
"1,122",106-HT-T01,Pre-PQ Process,SCMS-42720,ASN-4787,Haiti,PMO - US,Direct Drop,EXW,Air,Pre-PQ Process,04-02-09,16-Sep-09,16-Sep-09,16-Sep-09,HRDT,HIV test,Orasure Technologies Inc.,"HIV 1/2, OraQuick Advance HIV Rapid Antibody Kit, 100 Tests","HIV 1/2, OraQuick Advance HIV Rapid Antibody Kit",OraQuick,10mg+ml+/,Test kit,100,60,21000.00,350,3.5,"Pacific Biotech, Thailand",TRUE,144,"$3,128.19 ",41.16
"1,134",102-KE-T01,Pre-PQ Process,SCMS-42980,ASN-4343,Kenya,PMO - US,Direct Drop,EXW,Air,Pre-PQ Process,04-04-09,10-Jul-09,10-Jul-09,10-Jul-09,HRDT,HIV test,"Orgenics, Ltd","HIV 1/2, Determine Complete HIV Kit, 100 Tests","HIV 1/2, Determine Complete HIV Kit",Determine,10mg+ml+/,Test kit,100,"7,500",600000.00,80,0.8,Inverness Japan,TRUE,2215,"$16,835.31 ","1,176"
"1,140",133-NG-T01,Pre-PQ Process,SCMS-43330,ASN-4437,Nigeria,PMO - US,Direct Drop,EXW,Air,Pre-PQ Process,04-09-09,18-Aug-09,18-Aug-09,18-Aug-09,HRDT,HIV test,"Orgenics, Ltd","HIV 1/2, Determine Complete HIV Kit, 100 Tests","HIV 1/2, Determine Complete HIV Kit",Determine,10mg+ml+/,Test kit,100,"6,395",511600.00,80,0.8,Inverness Japan,TRUE,1915,"$24,514.33 ","1,002.74"
"1,156",107-RW-T01,Pre-PQ Process,SCMS-43890,ASN-4503,Rwanda,PMO - US,Direct Drop,CIP,Air,Pre-PQ Process,4/15/2009,25-Jul-09,25-Jul-09,25-Jul-09,ARV,Adult,HETERO LABS LIMITED,"Efavirenz 600mg, tablets, 30 Tabs",Efavirenz,Generic,10mg+ml+/,Tablet,30,"55,356",386384.88,6.98,0.23,Hetero Unit III Hyderabad IN,TRUE,4482,"$37,404.74 ",757.31
"1,162",104-CI-T01,Pre-PQ Process,SCMS-44130,ASN-4791,Côte d'Ivoire,PMO - US,Direct Drop,EXW,Air,Pre-PQ Process,4/15/2009,15-Sep-09,15-Sep-09,15-Sep-09,HRDT,HIV test,BIO-RAD LABORATORIES (FRANCE),"#108853** HIV, Genie II HIV-1/HIV-2 Kit, 40 Tests","HIV, Genie II HIV-1/HIV-2 Kit",Genie,10mg+ml+/,Test kit,40,"1,000",110000.00,110,2.75,Bio-Rad Laboratories,TRUE,1101,"$8,074.03 ",215.6
"1,179",108-VN-T01,Pre-PQ Process,SCMS-44990,ASN-4302,Vietnam,PMO - US,Direct Drop,FCA,Air,Pre-PQ Process,4/29/2009,17-Jul-09,17-Jul-09,17-Jul-09,ARV,Adult,ABBVIE LOGISTICS (FORMERLY ABBOTT LOGISTICS BV),"Ritonavir 100mg [Norvir], capsules, cool, 4 x 84 Caps",Ritonavir,Norvir,10mg+ml+/,Capsule,336,8,613.76,76.72,0.23,ABBVIE (Abbott) France,TRUE,48,"$3,366.04 ",1.2
"1,183",108-VN-T01,Pre-PQ Process,SCMS-45080,ASN-4420,Vietnam,PMO - US,Direct Drop,EXW,Air,Pre-PQ Process,4/29/2009,10-Jul-09,10-Jul-09,10-Jul-09,ARV,Adult,Aurobindo Pharma Limited,"Lamivudine/Nevirapine/Zidovudine 150/200/300mg, tablets, 60 Tabs",Lamivudine/Nevirapine/Zidovudine,Generic,20mg+ml+/,Tablet - FDC,60,"3,500",39025.00,11.15,0.19,"Aurobindo Unit III, India",TRUE,1804,"$6,341.88 ",76.49
"1,196",102-BW-T01,Pre-PQ Process,SCMS-46071,ASN-4324,Botswana,PMO - US,Direct Drop,EXW,Air,Pre-PQ Process,5/27/2009,12-Jun-09,10-Jul-09,10-Jul-09,HRDT,HIV test,Orasure Technologies Inc.,"HIV 1/2, OraQuick Advance HIV Rapid Antibody Kit, 100 Tests","HIV 1/2, OraQuick Advance HIV Rapid Antibody Kit",OraQuick,20mg+ml+/,Test kit,100,5,1750.00,350,3.5,"Pacific Biotech, Thailand",TRUE,12,$684.42 ,3.43
"1,198",119-NA-T01,Pre-PQ Process,SCMS-46120,ASN-4659,Namibia,PMO - US,Direct Drop,EXW,Air,Pre-PQ Process,5/18/2009,01-Sep-09,01-Sep-09,01-Sep-09,HRDT,HIV test,"Orgenics, Ltd","HIV 1/2, Clearview Complete Kit, 25 Tests","HIV 1/2, Clearview Complete Kit",Clearview,1mg+ml+/,Test kit,25,67,5025.00,75,3,Chembio Diagnostics Sys. Inc.,TRUE,48,$401.97 ,9.85
"1,213",108-VN-T01,Pre-PQ Process,SCMS-46550,ASN-4488,Vietnam,PMO - US,Direct Drop,CIP,Air,Pre-PQ Process,5/27/2009,28-Jul-09,28-Jul-09,28-Jul-09,ARV,Pediatric,BRISTOL-MYERS SQUIBB,"Didanosine 25mg [Videx], chewable tablets, 60 Tabs",Didanosine,Videx,30mg+ml+/,Chewable/dispersible tablet,60,400,2800.00,7,0.12,"BMS Meymac, France",TRUE,148,$14.36 ,5.49
"1,215",119-NA-T01,Pre-PQ Process,SCMS-46820,ASN-4311,Namibia,PMO - US,Direct Drop,EXW,Air,Pre-PQ Process,06-02-09,29-Jun-09,29-Jun-09,29-Jun-09,HRDT,HIV test,"Trinity Biotech, Plc","HIV 1/2, Uni-Gold HIV Kit, 20 Tests","HIV 1/2, Uni-Gold HIV Kit",Uni-Gold,10mg+ml+/,Test kit,20,220,7040.00,32,1.6,"Trinity Biotech, Plc",TRUE,79,"$1,736.18 ",13.8
"1,531",100-KZ-T01,Pre-PQ Process,SCMS-14770,ASN-1061,Kazakhstan,PMO - US,Direct Drop,DDP,Air,Pre-PQ Process,11/30/2007,27-Dec-07,27-Dec-07,27-Dec-07,HRDT,HIV test,Orasure Technologies Inc.,"HIV 1/2, OraQuick Advance HIV Rapid Antibody Kit, 100 Tests","HIV 1/2, OraQuick Advance HIV Rapid Antibody Kit",OraQuick,1mg+ml+/,Test kit,100,50,17500.00,350,3.5,"Pacific Biotech, Thailand",TRUE,Weight Captured Separately,Freight Included in Commodity Cost,28
"1,587",116-ZA-T01,Pre-PQ Process,SCMS-16600,ASN-1520,South Africa,PMO - US,Direct Drop,DDP,,Pre-PQ Process,01-04-08,21-Jan-08,04-Jan-08,04-Jan-08,ARV,Adult,"JSI R&T INSTITUTE, INC.","Stavudine 20mg [Zerit], capsules, 60 Caps",Stavudine,Zerit,30mg+ml+/,Capsule,60,100,573.00,5.73,0.1,"BMS Meymac, France",FALSE,Weight Captured Separately,Freight Included in Commodity Cost,0.92
"1,634",110-ZM-T01,Pre-PQ Process,SCMS-18240,ASN-1789,Zambia,PMO - US,Direct Drop,EXW,Air,Pre-PQ Process,2/29/2008,06-Jun-08,30-May-08,30-May-08,HRDT,HIV test - Ancillary,"Orgenics, Ltd","HIV, Lancet, Safety, for HIV Test kits, 100 Pcs","HIV, Lancet, Safety, for HIV Test kits, 100 Pcs",Generic,30mg+ml+/,Test kit - Ancillary,100,"4,300",43.00,0.01,0,Inverness Japan,TRUE,284,Freight Included in Commodity Cost,0.07
"1,245",100-CI-T01,Pre-PQ Process,SCMS-1,ASN-5,Côte d'Ivoire,PMO - US,Direct Drop,EXW,Air,Pre-PQ Process,4/19/2006,27-Jun-06,27-Jun-06,27-Jun-06,HRDT,HIV test,BIO-RAD LABORATORIES (FRANCE),"#108853** HIV, Genie II HIV-1/HIV-2 Kit, 40 Tests","HIV, Genie II HIV-1/HIV-2 Kit",Genie,10mg+ml+/,Test kit,40,147,11076.45,75.35,1.88,Bio-Rad Laboratories,TRUE,165,"$1,816.57 ",
"1,246",104-CI-T01,Pre-PQ Process,SCMS-5,ASN-7,Côte d'Ivoire,PMO - US,Direct Drop,EXW,Air,Pre-PQ Process,Date Not Captured,14-Jul-06,14-Jul-06,14-Jul-06,HRDT,HIV test,Orasure Technologies Inc.,"HIV 1/2, OraQuick Advance HIV Rapid Antibody Kit, 100 Tests","HIV 1/2, OraQuick Advance HIV Rapid Antibody Kit",OraQuick,1mg+ml+/,Test kit,100,6,2400.00,400,4,"Pacific Biotech, Thailand",TRUE,15,"$1,039.50 ",
"1,251",108-VN-T01,Pre-PQ Process,SCMS-12,ASN-91,Vietnam,PMO - US,Direct Drop,CIP,Air,Pre-PQ Process,Date Not Captured,16-Nov-06,16-Nov-06,16-Nov-06,ARV,Pediatric,BRISTOL-MYERS SQUIBB,"Didanosine 25mg [Videx], chewable tablets, 60 Tabs",Didanosine,Videx,20mg+ml+/,Chewable/dispersible tablet,60,"2,800",19600.00,7,0.12,"BMS Meymac, France",TRUE,555,"$3,292.15 ",
"1,262",106-HT-T01,Pre-PQ Process,SCMS-74,ASN-46,Haiti,PMO - US,Direct Drop,EXW,Air,Pre-PQ Process,Date Not Captured,09-Nov-06,09-Nov-06,09-Nov-06,HRDT,HIV test,Orasure Technologies Inc.,"HIV 1/2, OraQuick Advance HIV Rapid Antibody Kit, 100 Tests","HIV 1/2, OraQuick Advance HIV Rapid Antibody Kit",OraQuick,10mg+ml+/,Test kit,100,15,6000.00,400,4,"Pacific Biotech, Thailand",TRUE,36,"$1,195.29 ",
"1,673",116-ZA-T01,Pre-PQ Process,SCMS-19800,ASN-1665,South Africa,PMO - US,Direct Drop,DDP,Truck,Pre-PQ Process,2/20/2008,24-Apr-08,24-Apr-08,24-Apr-08,ARV,Adult,S. BUYS WHOLESALER,"Lopinavir/Ritonavir 133.3/33.3mg [Kaletra], capsules, cool, 2 x 90 Caps",Lopinavir/Ritonavir,Kaletra,20mg+ml+/,Capsule,180,400,15760.00,39.4,0.22,ABBVIE (Abbott) Logis. UK,FALSE,Weight Captured Separately,Freight Included in Commodity Cost,25.22
"1,281",112-NG-T01,Pre-PQ Process,SCMS-156,ASN-93,Nigeria,PMO - US,Direct Drop,EXW,Air,Pre-PQ Process,Date Not Captured,07-Dec-06,07-Dec-06,07-Dec-06,ARV,Adult,Aurobindo Pharma Limited,"Lamivudine 150mg, tablets, 60 Tabs",Lamivudine,Generic,10mg+ml+/,Tablet,60,894,2994.90,3.35,0.06,"Aurobindo Unit III, India",TRUE,479,"$4,861.14 ",
"1,282",108-VN-T01,Pre-PQ Process,SCMS-169,ASN-272,Vietnam,PMO - US,Direct Drop,EXW,Air,Pre-PQ Process,11/15/2006,14-Mar-07,14-Mar-07,14-Mar-07,ARV,Adult,CIPLA LIMITED,"Lamivudine/Zidovudine 150/300mg, tablets, 60 Tabs",Lamivudine/Zidovudine,Generic,1mg+ml+/,Tablet - FDC,60,"25,100",276100.00,11,0.18,"Cipla, Goa, India",TRUE,2575,"$18,772.94 ",
"1,283",108-VN-T01,Pre-PQ Process,SCMS-170,ASN-273,Vietnam,PMO - US,Direct Drop,EXW,Air,Pre-PQ Process,11/15/2006,14-Mar-07,14-Mar-07,14-Mar-07,ARV,Adult,STRIDES ARCOLAB LIMITED,"Stavudine 30mg, capsules, 60 Caps",Stavudine,Generic,10mg+ml+/,Capsule,60,"95,500",144205.00,1.51,0.03,"Strides, Bangalore, India.",TRUE,9170,"$42,453.21 ",
"1,285",102-GY-T01,Pre-PQ Process,SCMS-177,ASN-136,Guyana,PMO - US,Direct Drop,EXW,Air,Pre-PQ Process,Date Not Captured,29-Dec-06,29-Dec-06,29-Dec-06,HRDT,HIV test,"Trinity Biotech, Plc","HIV 1/2, Uni-Gold HIV Kit, 20 Tests","HIV 1/2, Uni-Gold HIV Kit",Uni-Gold,30mg+ml+/,Test kit,20,900,36000.00,40,2,"Trinity Biotech, Plc",TRUE,316,"$4,989.87 ",
"1,674",116-ZA-T01,Pre-PQ Process,SCMS-19800,ASN-1665,South Africa,PMO - US,Direct Drop,DDP,Truck,Pre-PQ Process,2/20/2008,24-Apr-08,24-Apr-08,24-Apr-08,ARV,Pediatric,S. BUYS WHOLESALER,"Ritonavir 80mg/ml [Norvir], oral solution, cool, Bottle, 90 ml",Ritonavir,Norvir,10mg+ml+/,Oral solution,90,6,47.28,7.88,0.09,ABBVIE (Abbott) France,FALSE,Weight Captured Separately,Freight Included in Commodity Cost,0.08
"1,298",108-VN-T01,Pre-PQ Process,SCMS-262,ASN-386,Vietnam,PMO - US,Direct Drop,EXW,Air,Pre-PQ Process,01-09-07,12-May-07,12-May-07,12-May-07,ARV,Adult,CIPLA LIMITED,"Lamivudine/Nevirapine/Stavudine 150/200/30mg, tablets, 60 Tabs",Lamivudine/Nevirapine/Stavudine,Generic,10mg+ml+/,Tablet - FDC,60,"70,000",525000.00,7.5,0.12,"Cipla, Goa, India",TRUE,6813,"$31,858.09 ",
"1,675",116-ZA-T01,Pre-PQ Process,SCMS-19800,ASN-1665,South Africa,PMO - US,Direct Drop,DDP,Truck,Pre-PQ Process,2/20/2008,24-Apr-08,24-Apr-08,24-Apr-08,ARV,Adult,S. BUYS WHOLESALER,"Tenofovir Disoproxil Fumarate 300mg [Viread], tablets, 30 Tabs",Tenofovir Disoproxil Fumarate,Viread,20mg+ml+/,Tablet,30,500,10925.00,21.85,0.73,"Aspen-OSD, Port Elizabeth, SA",FALSE,Weight Captured Separately,Freight Included in Commodity Cost,17.48
"1,719",104-CI-T01,Pre-PQ Process,SCMS-21270,ASN-1668,Côte d'Ivoire,PMO - US,Direct Drop,EXW,Air,Pre-PQ Process,04-07-08,09-May-08,09-May-08,09-May-08,HRDT,HIV test - Ancillary,"Orgenics, Ltd","HIV, Lancet, Safety, for HIV Test kits, 100 Pcs","HIV, Lancet, Safety, for HIV Test kits, 100 Pcs",Generic,10mg+ml+/,Test kit - Ancillary,100,250,2.50,0.01,0,Inverness Japan,TRUE,17,Freight Included in Commodity Cost,0
"1,722",116-ZA-T01,Pre-PQ Process,SCMS-21460,ASN-1667,South Africa,PMO - US,Direct Drop,DDP,,Pre-PQ Process,04-04-08,25-Apr-08,07-Apr-08,07-Apr-08,ARV,Adult,S. BUYS WHOLESALER,"Efavirenz 600mg, tablets, 30 Tabs",Efavirenz,Generic,10mg+ml+/,Tablet,30,300,4614.00,15.38,0.51,"Cipla, Goa, India",FALSE,Weight Captured Separately,Freight Included in Commodity Cost,7.38
"1,306",108-VN-T01,Pre-PQ Process,SCMS-314,ASN-624,Vietnam,PMO - US,Direct Drop,EXW,Air,Pre-PQ Process,02-07-07,24-Aug-07,24-Aug-07,24-Aug-07,ARV,Adult,CIPLA LIMITED,"Lamivudine/Nevirapine/Stavudine 150/200/30mg, tablets, 60 Tabs",Lamivudine/Nevirapine/Stavudine,Generic,20mg+ml+/,Tablet - FDC,60,"25,000",187500.00,7.5,0.12,"Cipla, Goa, India",TRUE,2348,"$21,439.59 ",300
"1,307",102-NG-T01,Pre-PQ Process,SCMS-343,ASN-259,Nigeria,PMO - US,Direct Drop,EXW,Air,Pre-PQ Process,Date Not Captured,15-Mar-07,30-Mar-07,30-Mar-07,HRDT,HIV test,BIO-RAD LABORATORIES (FRANCE),"#108853** HIV, Genie II HIV-1/HIV-2 Kit, 40 Tests","HIV, Genie II HIV-1/HIV-2 Kit",Genie,20mg+ml+/,Test kit,40,375,28500.00,76,1.9,Bio-Rad Laboratories,TRUE,402,"$4,445.75 ",
"1,309",117-ET-T01,Pre-PQ Process,SCMS-360,ASN-201,Ethiopia,PMO - US,Direct Drop,EXW,Air,Pre-PQ Process,12/14/2006,15-Jan-07,15-Jan-07,15-Jan-07,HRDT,HIV test,Abbott GmbH & Co. KG,"HIV 1/2, Determine Complete HIV Kit, 100 Tests","HIV 1/2, Determine Complete HIV Kit",Determine,10mg+ml+/,Test kit,100,"4,650",372000.00,80,0.8,ABBVIE GmbH & Co.KG Wiesbaden,TRUE,1707,"$24,859.45 ",
"1,723",116-ZA-T01,Pre-PQ Process,SCMS-21460,ASN-2291,South Africa,PMO - US,Direct Drop,DDP,,Pre-PQ Process,04-04-08,25-Apr-08,25-Apr-08,25-Apr-08,ARV,Adult,S. BUYS WHOLESALER,"Zidovudine 300mg [Retrovir], tablets, 60 Tabs",Zidovudine,Retrovir,10mg+ml+/,Tablet,60,300,4155.00,13.85,0.23,GSK Aranda,TRUE,Weight Captured Separately,Freight Included in Commodity Cost,6.65
"1,347",102-NG-T01,Pre-PQ Process,SCMS-695,ASN-622,Nigeria,PMO - US,Direct Drop,EXW,Air,Pre-PQ Process,Date Not Captured,07-Sep-07,07-Sep-07,07-Sep-07,HRDT,HIV test,Abbott GmbH & Co. KG,"HIV 1/2, Determine Complete HIV Kit, 100 Tests","HIV 1/2, Determine Complete HIV Kit",Determine,10mg+ml+/,Test kit,100,"3,500",280000.00,80,0.8,ABBVIE GmbH & Co.KG Wiesbaden,TRUE,1194,"$5,858.57 ",448
"1,724",116-ZA-T01,Pre-PQ Process,SCMS-21460,ASN-1667,South Africa,PMO - US,Direct Drop,DDP,,Pre-PQ Process,04-04-08,25-Apr-08,07-Apr-08,07-Apr-08,ARV,Adult,S. BUYS WHOLESALER,"Didanosine EC 250mg [Videx EC], delayed-release capsules, Blister 3 x 10 Caps",Didanosine EC,Videx EC,10mg+ml+/,Delayed-release capsules - blister,30,100,1849.00,18.49,0.62,"BMS Meymac, France",FALSE,Weight Captured Separately,Freight Included in Commodity Cost,2.96
"1,356",108-VN-T01,Pre-PQ Process,SCMS-749,ASN-744,Vietnam,PMO - US,Direct Drop,EXW,Air,Pre-PQ Process,07-03-07,02-Oct-07,02-Oct-07,02-Oct-07,ARV,Pediatric,Aurobindo Pharma Limited,"Nevirapine 10mg/ml, oral suspension, Bottle, 240 ml",Nevirapine,Generic,10mg+ml+/,Oral suspension,240,"1,000",1920.00,1.92,0.01,"Aurobindo Unit III, India",TRUE,960,"$13,762.41 ",3.07
"1,801",116-ZA-T01,Pre-PQ Process,SCMS-23500,ASN-2293,South Africa,PMO - US,Direct Drop,DDP,Truck,Pre-PQ Process,Date Not Captured,20-Aug-08,08-May-08,08-May-08,ARV,Adult,S. BUYS WHOLESALER,"Lopinavir/Ritonavir 133.3/33.3mg [Kaletra], capsules, cool, 2 x 90 Caps",Lopinavir/Ritonavir,Kaletra,10mg+ml+/,Capsule,180,670,24783.30,36.99,0.21,ABBVIE (Abbott) Logis. UK,FALSE,Weight Captured Separately,Freight Included in Commodity Cost,39.65
"1,802",116-ZA-T01,Pre-PQ Process,SCMS-23500,ASN-2296,South Africa,PMO - US,Direct Drop,DDP,Truck,Pre-PQ Process,Date Not Captured,20-Aug-08,21-May-08,21-May-08,ARV,Adult,S. BUYS WHOLESALER,"Lamivudine 150mg [Epivir], tablets, 60 Tabs",Lamivudine,Epivir,10mg+ml+/,Tablet,60,"2,000",11060.00,5.53,0.09,GSK Cape Town Factory (South Africa),TRUE,Weight Captured Separately,Freight Included in Commodity Cost,17.7
"1,359",108-VN-T01,Pre-PQ Process,SCMS-753,ASN-782,Vietnam,PMO - US,Direct Drop,EXW,Air,Pre-PQ Process,07-04-07,15-Oct-07,15-Oct-07,15-Oct-07,ARV,Adult,Aurobindo Pharma Limited,"Lamivudine/Nevirapine/Zidovudine 150/200/300mg, tablets, 60 Tabs",Lamivudine/Nevirapine/Zidovudine,Generic,10mg+ml+/,Tablet - FDC,60,"3,000",40500.00,13.5,0.22,"Aurobindo Unit III, India",TRUE,332,"$4,454.62 ",64.8
"1,360",108-VN-T01,Pre-PQ Process,SCMS-754,ASN-926,Vietnam,PMO - US,Direct Drop,EXW,Air,Pre-PQ Process,07-04-07,23-Nov-07,23-Nov-07,23-Nov-07,ARV,Adult,Aurobindo Pharma Limited,"Efavirenz 600mg, tablets, 30 Tabs",Efavirenz,Generic,10mg+ml+/,Tablet,30,"22,500",277425.00,12.33,0.41,"Aurobindo Unit III, India",TRUE,1955,"$16,095.39 ",443.88
"1,361",108-VN-T01,Pre-PQ Process,SCMS-757,ASN-631,Vietnam,PMO - US,Direct Drop,FCA,Air,Pre-PQ Process,07-03-07,27-Aug-07,27-Aug-07,27-Aug-07,ARV,Adult,ABBVIE LOGISTICS (FORMERLY ABBOTT LOGISTICS BV),"Lopinavir/Ritonavir 200/50mg [Aluvia], tablets, 120 Tabs",Lopinavir/Ritonavir,Aluvia,20mg+ml+/,Tablet,120,500,41095.00,82.19,0.68,ABBVIE Ludwigshafen Germany,TRUE,117,"$1,767.38 ",65.75
"1,383",109-TZ-T01,Pre-PQ Process,SCMS-10240,ASN-649,Tanzania,PMO - US,Direct Drop,EXW,Air,Pre-PQ Process,Date Not Captured,19-Sep-07,19-Sep-07,19-Sep-07,HRDT,HIV test,"Standard Diagnostics, Inc.","HIV 1/2, Bioline 3.0 Kit, Lancets, Capillary pipets, Alcohol swabs included, 25 Tests","HIV 1/2, Bioline 3.0 Kit, Lancets, Capillary pipets, Alcohol swabs included",Bioline,10mg+ml+/,Test kit,25,"10,000",200000.00,20,0.8,"Standard Diagnostics, Korea",TRUE,3336,"$25,165.30 ",320
"1,502",107-RW-T01,Pre-PQ Process,SCMS-13900,ASN-990,Rwanda,PMO - US,Direct Drop,EXW,Air,Pre-PQ Process,11-12-07,28-Jan-08,28-Jan-08,28-Jan-08,ARV,Adult,ASPEN PHARMACARE,"Tenofovir Disoproxil Fumarate 300mg [Viread], tablets, 30 Tabs",Tenofovir Disoproxil Fumarate,Viread,10mg+ml+/,Tablet,30,"1,609",27353.00,17,0.57,"Aspen-OSD, Port Elizabeth, SA",TRUE,157,"$7,922.24 ",43.76
"1,803",116-ZA-T01,Pre-PQ Process,SCMS-23500,ASN-2300,South Africa,PMO - US,Direct Drop,DDP,Truck,Pre-PQ Process,Date Not Captured,20-Aug-08,14-May-08,14-May-08,ARV,Adult,S. BUYS WHOLESALER,"Zidovudine 300mg [Retrovir], tablets, 60 Tabs",Zidovudine,Retrovir,10mg+ml+/,Tablet,60,"1,000",16630.00,16.63,0.28,GSK Aranda,TRUE,Weight Captured Separately,Freight Included in Commodity Cost,26.61
"1,804",116-ZA-T01,Pre-PQ Process,SCMS-23500,ASN-2293,South Africa,PMO - US,Direct Drop,DDP,Truck,Pre-PQ Process,Date Not Captured,20-Aug-08,08-May-08,08-May-08,ARV,Pediatric,S. BUYS WHOLESALER,"Nevirapine 10mg/ml [Viramune], oral suspension, Bottle, 240 ml",Nevirapine,Viramune,80+20mg+ml,Oral suspension,240,30,435.90,14.53,0.06,"BI, Ingelheim, Germany",FALSE,Weight Captured Separately,Freight Included in Commodity Cost,0.7
"1,519",108-VN-T01,Pre-PQ Process,SCMS-14170,ASN-1439,Vietnam,PMO - US,Direct Drop,FCA,Air,Pre-PQ Process,11/21/2007,28-Mar-08,28-Mar-08,28-Mar-08,ARV,Adult,ABBVIE LOGISTICS (FORMERLY ABBOTT LOGISTICS BV),"Ritonavir 100mg [Norvir], capsules, cool, 4 x 84 Caps",Ritonavir,Norvir,10mg+ml+/,Capsule,336,100,18333.00,183.33,0.55,ABBVIE (Abbott) Logis. UK,TRUE,337,"$2,535.40 ",29.33
"1,527",102-NG-T01,Pre-PQ Process,SCMS-14640,ASN-1167,Nigeria,PMO - US,Direct Drop,EXW,Air,Pre-PQ Process,11/30/2007,21-Jan-08,21-Jan-08,21-Jan-08,HRDT,HIV test,"CHEMBIO DIAGNOSTIC SYSTEMS, INC.","HIV 1/2, Stat-Pak HIV, Kit, 20 Tests","HIV 1/2, Stat-Pak HIV, Kit",Stat-Pak,10mg+ml+/,Test kit,20,"10,000",270000.00,27,1.35,Chembio Diagnostics Sys. Inc.,TRUE,3336,"$28,002.75 ",432
"1,529",107-RW-T01,Pre-PQ Process,SCMS-14750,ASN-1194,Rwanda,PMO - US,Direct Drop,CIP,Air,Pre-PQ Process,12-03-07,28-Jan-08,28-Jan-08,28-Jan-08,ARV,Adult,MYLAN LABORATORIES LTD (FORMERLY MATRIX LABORATORIES),"Abacavir 300mg, tablets, 60 Tabs",Abacavir,Generic,10mg+ml+/,Tablet,60,"1,099",30222.50,27.5,0.46,Mylan (formerly Matrix) Nashik,TRUE,113,"$1,511.25 ",48.36
"1,530",108-VN-T01,Pre-PQ Process,SCMS-14760,ASN-1230,Vietnam,PMO - US,Direct Drop,EXW,Air,Pre-PQ Process,12-05-07,01-Feb-08,01-Feb-08,01-Feb-08,ARV,Adult,Aurobindo Pharma Limited,"Stavudine 20mg, capsules, 60 Caps",Stavudine,Generic,80+20mg+ml,Capsule,60,"1,200",2100.00,1.75,0.03,"Aurobindo Unit III, India",TRUE,125,"$2,429.85 ",3.36
"1,926",116-ZA-T01,Pre-PQ Process,SCMS-26820,ASN-2487,South Africa,PMO - US,Direct Drop,DDP,Truck,Pre-PQ Process,Date Not Captured,10-Jul-08,14-Jul-08,14-Jul-08,ARV,Adult,S. BUYS WHOLESALER,"Zidovudine 300mg [Retrovir], tablets, 60 Tabs",Zidovudine,Retrovir,10mg+ml+/,Tablet,60,50,663.50,13.27,0.22,GSK Aranda,TRUE,Weight Captured Separately,Freight Included in Commodity Cost,1.06
"1,549",123-NG-T01,Pre-PQ Process,SCMS-15550,ASN-1197,Nigeria,PMO - US,Direct Drop,EXW,Air,Pre-PQ Process,Date Not Captured,05-Feb-08,05-Feb-08,05-Feb-08,HRDT,HIV test,"Orgenics, Ltd","HIV 1/2, Determine HIV Kit, without Lancets, 100 Tests","HIV 1/2, Determine HIV Kit, without Lancets",Determine,1mg+ml+/,Test kit,100,650,51993.50,79.99,0.8,Inverness Japan,TRUE,148,"$2,577.27 ",83.19
"1,927",116-ZA-T01,Pre-PQ Process,SCMS-26820,ASN-2488,South Africa,PMO - US,Direct Drop,DDP,Truck,Pre-PQ Process,Date Not Captured,10-Jul-08,08-Jul-08,08-Jul-08,ARV,Pediatric,S. BUYS WHOLESALER,"Efavirenz 50mg [Stocrin/Sustiva], capsule, 30 Caps",Efavirenz,Stocrin/Sustiva,10mg+ml+/,Capsule,30,250,715.00,2.86,0.1,"MSD Midrand, J'burg, SA",FALSE,Weight Captured Separately,Freight Included in Commodity Cost,1.14
"1,593",102-BW-T01,Pre-PQ Process,SCMS-16730,ASN-1721,Botswana,PMO - US,Direct Drop,EXW,Air,Pre-PQ Process,02-04-08,03-Jul-08,03-Jul-08,03-Jul-08,HRDT,HIV test,"Trinity Biotech, Plc","HIV 1/2, Uni-Gold HIV Kit, 20 Tests","HIV 1/2, Uni-Gold HIV Kit",Uni-Gold,10mg+ml+/,Test kit,20,450,14400.00,32,1.6,"Trinity Biotech, Plc",TRUE,154,"$2,496.62 ",23.04
"1,594",102-NG-T01,Pre-PQ Process,SCMS-16890,ASN-2014,Nigeria,PMO - US,Direct Drop,EXW,Air,Pre-PQ Process,1/29/2008,19-Sep-08,16-Jul-08,16-Jul-08,HRDT,HIV test,"CHEMBIO DIAGNOSTIC SYSTEMS, INC.","HIV 1/2, Stat-Pak HIV, Kit, 20 Tests","HIV 1/2, Stat-Pak HIV, Kit",Stat-Pak,20mg+ml+/,Test kit,20,"10,270",277290.00,27,1.35,Chembio Diagnostics Sys. Inc.,TRUE,2907,"$18,864.37 ",443.66
"1,618",111-MZ-T01,Pre-PQ Process,SCMS-17800,ASN-1368,Mozambique,PMO - US,Direct Drop,EXW,Air,Pre-PQ Process,2/19/2008,27-Mar-08,27-Mar-08,27-Mar-08,HRDT,HIV test,"Trinity Biotech, Plc","HIV 1/2, Uni-Gold HIV Kit, 20 Tests","HIV 1/2, Uni-Gold HIV Kit",Uni-Gold,10mg+ml+/,Test kit,20,"9,000",288000.00,32,1.6,"Trinity Biotech, Plc",TRUE,9000,"$55,746.59 ",460.8
"1,628",110-ZM-T01,Pre-PQ Process,SCMS-18030,ASN-1619,Zambia,PMO - US,Direct Drop,EXW,Air,Pre-PQ Process,2/25/2008,14-May-08,14-May-08,14-May-08,HRDT,HIV test,"Trinity Biotech, Plc","HIV 1/2, Uni-Gold HIV Kit, 20 Tests","HIV 1/2, Uni-Gold HIV Kit",Uni-Gold,10mg+ml+/,Test kit,20,"6,040",193280.00,32,1.6,"Trinity Biotech, Plc",TRUE,2052,"$24,689 ",309.25
"1,928",116-ZA-T01,Pre-PQ Process,SCMS-26820,ASN-2488,South Africa,PMO - US,Direct Drop,DDP,Truck,Pre-PQ Process,Date Not Captured,10-Jul-08,08-Jul-08,08-Jul-08,ARV,Adult,S. BUYS WHOLESALER,"Didanosine EC 250mg [Videx EC], delayed-release capsules, Blister 3 x 10 Caps",Didanosine EC,Videx EC,10mg+ml+/,Delayed-release capsules - blister,30,60,1096.20,18.27,0.61,"BMS Meymac, France",FALSE,Weight Captured Separately,Freight Included in Commodity Cost,1.75
"1,637",104-CI-T01,Pre-PQ Process,SCMS-18320,ASN-3465,Côte d'Ivoire,PMO - US,Direct Drop,EXW,Air,Pre-PQ Process,2/27/2008,04-Mar-09,04-Mar-09,04-Mar-09,HRDT,HIV test,"CHEMBIO DIAGNOSTIC SYSTEMS, INC.","HIV 1/2, Stat-Pak HIV, Kit, 20 Tests","HIV 1/2, Stat-Pak HIV, Kit",Stat-Pak,10mg+ml+/,Test kit,20,289,7803.00,27,1.35,Chembio Diagnostics Sys. Inc.,TRUE,79,"$1,104.69 ",15.29
"1,638",111-MZ-T01,Pre-PQ Process,SCMS-18340,ASN-1746,Mozambique,PMO - US,Direct Drop,EXW,Air,Pre-PQ Process,2/27/2008,09-Jul-08,04-Jul-08,04-Jul-08,HRDT,HIV test,"Orgenics, Ltd","HIV 1/2, Determine HIV Kit, without Lancets, 100 Tests","HIV 1/2, Determine HIV Kit, without Lancets",Determine,1mg+ml+/,Test kit,100,"3,000",215970.00,71.99,0.72,Inverness Japan,TRUE,682,"$5,298.90 ",345.55
"1,929",116-ZA-T01,Pre-PQ Process,SCMS-26820,ASN-2488,South Africa,PMO - US,Direct Drop,DDP,Truck,Pre-PQ Process,Date Not Captured,10-Jul-08,08-Jul-08,08-Jul-08,ARV,Pediatric,S. BUYS WHOLESALER,"Didanosine 2g [Videx], powder for oral solution 10mg/ml, reconstitute to 200 ml",Didanosine,Videx,30mg+ml+/,Powder for oral solution,200,12,150.48,12.54,0.06,"BMS Meymac, France",FALSE,Weight Captured Separately,Freight Included in Commodity Cost,0.24
"1,644",104-CI-T01,Pre-PQ Process,SCMS-18450,ASN-1934,Côte d'Ivoire,PMO - US,Direct Drop,EXW,Air,Pre-PQ Process,2/28/2008,22-Jul-08,22-Jul-08,22-Jul-08,HRDT,HIV test,"Orgenics, Ltd","HIV 1/2, Determine HIV Kit, without Lancets, 100 Tests","HIV 1/2, Determine HIV Kit, without Lancets",Determine,10mg+ml+/,Test kit,100,"1,116",78120.00,70,0.7,Inverness Japan,TRUE,255,"$5,175.72 ",124.99
"1,645",104-CI-T01,Pre-PQ Process,SCMS-18470,ASN-2887,Côte d'Ivoire,PMO - US,Direct Drop,EXW,Air,Pre-PQ Process,2/29/2008,19-Dec-08,19-Dec-08,19-Dec-08,HRDT,HIV test,"Orgenics, Ltd","HIV 1/2, Determine HIV Kit, without Lancets, 100 Tests","HIV 1/2, Determine HIV Kit, without Lancets",Determine,20mg+ml+/,Test kit,100,"1,116",78120.00,70,0.7,Inverness Japan,TRUE,256,"$7,118.12 ",153.12
"1,646",102-GY-T01,Pre-PQ Process,SCMS-18490,ASN-1612,Guyana,PMO - US,Direct Drop,EXW,Air,Pre-PQ Process,2/28/2008,06-May-08,06-May-08,06-May-08,HRDT,HIV test,"Trinity Biotech, Plc","HIV 1/2, Uni-Gold HIV Kit, 20 Tests","HIV 1/2, Uni-Gold HIV Kit",Uni-Gold,10mg+ml+/,Test kit,20,832,26624.00,32,1.6,"Trinity Biotech, Plc",TRUE,832,"$3,740.04 ",42.6
"1,647",102-GY-T01,Pre-PQ Process,SCMS-18500,ASN-2100,Guyana,PMO - US,Direct Drop,EXW,Air,Pre-PQ Process,2/28/2008,28-Jul-08,28-Jul-08,28-Jul-08,HRDT,HIV test,"Orgenics, Ltd","HIV 1/2, Determine HIV Kit, without Lancets, 100 Tests","HIV 1/2, Determine HIV Kit, without Lancets",Determine,10mg+ml+/,Test kit,100,213,15333.87,71.99,0.72,Inverness Japan,TRUE,49,$959.46 ,24.53
"1,648",102-BW-T01,Pre-PQ Process,SCMS-18550,ASN-1448,Botswana,PMO - US,Direct Drop,EXW,Air,Pre-PQ Process,Date Not Captured,11-Apr-08,11-Apr-08,11-Apr-08,HRDT,HIV test,Orasure Technologies Inc.,"HIV 1/2, OraQuick Advance HIV Rapid Antibody Kit, 100 Tests","HIV 1/2, OraQuick Advance HIV Rapid Antibody Kit",OraQuick,1mg+ml+/,Test kit,100,10,3500.00,350,3.5,"Pacific Biotech, Thailand",TRUE,39,$604 ,5.6
"1,861",107-RW-T01,Pre-PQ Process,SCMS-25090,ASN-2256,Rwanda,PMO - US,Direct Drop,EXW,Air,Pre-PQ Process,06-12-08,16-Aug-08,16-Aug-08,16-Aug-08,HRDT,HIV test,"Trinity Biotech, Plc","HIV 1/2, Capillus HIV Kit, 100 Tests","HIV 1/2, Capillus HIV Kit",Capillus,10mg+ml+/,Test kit,100,340,47260.00,139,1.39,"Trinity Biotech, Plc",TRUE,234,"$5,446.06 ",75.62
"2,014",116-ZA-T01,Pre-PQ Process,SCMS-28830,ASN-2503,South Africa,PMO - US,Direct Drop,DDP,Truck,Pre-PQ Process,Date Not Captured,25-Aug-08,14-Aug-08,14-Aug-08,ARV,Adult,S. BUYS WHOLESALER,"Tenofovir Disoproxil Fumarate 300mg [Viread], tablets, 30 Tabs",Tenofovir Disoproxil Fumarate,Viread,10mg+ml+/,Tablet,30,300,7080.00,23.6,0.79,"Aspen-OSD, Port Elizabeth, SA",TRUE,Weight Captured Separately,Freight Included in Commodity Cost,11.33
"2,015",116-ZA-T01,Pre-PQ Process,SCMS-28830,ASN-2503,South Africa,PMO - US,Direct Drop,DDP,Truck,Pre-PQ Process,Date Not Captured,25-Aug-08,14-Aug-08,14-Aug-08,ARV,Pediatric,S. BUYS WHOLESALER,"Nevirapine 10mg/ml [Viramune], oral suspension, Bottle, 240 ml",Nevirapine,Viramune,10mg+ml+/,Oral suspension,240,40,557.60,13.94,0.06,"BI, Ingelheim, Germany",FALSE,Weight Captured Separately,Freight Included in Commodity Cost,0.89
"2,148",113-ZW-T01,Pre-PQ Process,SCMS-32660,ASN-3228,Zimbabwe,PMO - US,Direct Drop,CIP,Air,Pre-PQ Process,10/28/2008,03-Feb-09,03-Feb-09,03-Feb-09,HRDT,HIV test,BIOLYTICAL LABORATORIES INC.,"#109440**HIV 1/2, INSTI HIV Antibody Individual POC, 1 Test","HIV 1/2, INSTI HIV Antibody Individual POC, 1 Test",INSTi,80+20mg+ml,Test kit,1,"5,000",12706.65,2.54,2.54,bioLytical Laboratories,TRUE,Weight Captured Separately,Freight Included in Commodity Cost,24.91
"2,156",116-ZA-T01,Pre-PQ Process,SCMS-33320,ASN-3553,South Africa,PMO - US,Direct Drop,DDP,Truck,Pre-PQ Process,Date Not Captured,17-May-09,09-Oct-08,09-Oct-08,ARV,Adult,S. BUYS WHOLESALER,"Efavirenz 600mg, tablets, 30 Tabs",Efavirenz,Generic,10mg+ml+/,Tablet,30,"1,300",20410.00,15.7,0.52,"Cipla, Goa, India",FALSE,Weight Captured Separately,Freight Included in Commodity Cost,40
"1,691",108-VN-T01,Pre-PQ Process,SCMS-20180,ASN-1860,Vietnam,PMO - US,Direct Drop,EXW,Air,Pre-PQ Process,3/31/2008,07-Jul-08,20-Jun-08,20-Jun-08,ARV,Adult,Aurobindo Pharma Limited,"Lamivudine 150mg, tablets, 60 Tabs",Lamivudine,Generic,20mg+ml+/,Tablet,60,"10,080",29232.00,2.9,0.05,"Aurobindo Unit III, India",TRUE,507,"$4,159.45 ",46.77
"1,693",108-VN-T01,Pre-PQ Process,SCMS-20340,ASN-1754,Vietnam,PMO - US,Direct Drop,EXW,Air,Pre-PQ Process,3/31/2008,01-Jun-08,01-Jun-08,01-Jun-08,ARV,Adult,MYLAN LABORATORIES LTD (FORMERLY MATRIX LABORATORIES),"Efavirenz 600mg, tablets, 30 Tabs",Efavirenz,Generic,10mg+ml+/,Tablet,30,"6,720",77145.60,11.48,0.38,Mylan (formerly Matrix) Nashik,TRUE,522,"$3,796.05 ",123.43
"2,157",116-ZA-T01,Pre-PQ Process,SCMS-33320,ASN-3553,South Africa,PMO - US,Direct Drop,DDP,Truck,Pre-PQ Process,Date Not Captured,17-May-09,09-Oct-08,09-Oct-08,ARV,Pediatric,S. BUYS WHOLESALER,"Zidovudine 10mg/ml [Retrovir], oral solution, Bottle, 200 ml",Zidovudine,Retrovir,10mg+ml+/,Oral solution,200,120,733.20,6.11,0.03,GSK Mississauga (Canada),FALSE,Weight Captured Separately,Freight Included in Commodity Cost,1.44
"2,158",116-ZA-T01,Pre-PQ Process,SCMS-33320,ASN-3553,South Africa,PMO - US,Direct Drop,DDP,Truck,Pre-PQ Process,Date Not Captured,17-May-09,09-Oct-08,09-Oct-08,ARV,Adult,S. BUYS WHOLESALER,"Saquinavir 200mg [Invirase], capsules, 270 Caps",Saquinavir,Invirase,1mg+ml+/,Capsule,270,6,424.08,70.68,0.26,Roche Basel,FALSE,Weight Captured Separately,Freight Included in Commodity Cost,0.83
"2,159",116-ZA-T01,Pre-PQ Process,SCMS-33320,ASN-3553,South Africa,PMO - US,Direct Drop,DDP,Truck,Pre-PQ Process,Date Not Captured,17-May-09,09-Oct-08,09-Oct-08,ARV,Pediatric,S. BUYS WHOLESALER,"Nevirapine 10mg/ml [Viramune], oral suspension, Bottle, 240 ml",Nevirapine,Viramune,10mg+ml+/,Oral suspension,240,40,540.40,13.51,0.06,"BI, Ingelheim, Germany",FALSE,Weight Captured Separately,Freight Included in Commodity Cost,1.06
"2,429",116-ZA-T01,Pre-PQ Process,SCMS-40780,ASN-3607,South Africa,PMO - US,Direct Drop,DDP,Air,Pre-PQ Process,Date Not Captured,17-Mar-09,28-Nov-08,28-Nov-08,ARV,Pediatric,S. BUYS WHOLESALER,"Efavirenz 200mg, capsule, 90 Caps",Efavirenz,Generic,10mg+ml+/,Capsule,90,176,3359.84,19.09,0.21,"Aurobindo Unit III, India",TRUE,Weight Captured Separately,Freight Included in Commodity Cost,6.59
"2,430",116-ZA-T01,Pre-PQ Process,SCMS-40790,ASN-3575,South Africa,PMO - US,Direct Drop,DDP,Air,Pre-PQ Process,Date Not Captured,24-Mar-09,01-Dec-08,01-Dec-08,ARV,Adult,S. BUYS WHOLESALER,"Nevirapine 200mg, tablets, 60 Tabs",Nevirapine,Generic,10mg+ml+/,Tablet,60,"5,017",24583.30,4.9,0.08,"Aurobindo Unit III, India",TRUE,Weight Captured Separately,Freight Included in Commodity Cost,48.18
"1,797",108-VN-T01,Pre-PQ Process,SCMS-23370,ASN-2523,Vietnam,PMO - US,Direct Drop,CIP,Air,Pre-PQ Process,5/13/2008,03-Oct-08,03-Oct-08,03-Oct-08,ARV,Pediatric,BRISTOL-MYERS SQUIBB,"Didanosine 25mg [Videx], chewable tablets, 60 Tabs",Didanosine,Videx,10mg+ml+/,Chewable/dispersible tablet,60,400,2800.00,7,0.12,"BMS Meymac, France",TRUE,81,"$3,013.09 ",4.48
"1,798",108-VN-T01,Pre-PQ Process,SCMS-23470,ASN-2244,Vietnam,PMO - US,Direct Drop,EXW,Air,Pre-PQ Process,5/13/2008,19-Aug-08,19-Aug-08,19-Aug-08,ARV,Adult,STRIDES ARCOLAB LIMITED,"Stavudine 30mg, capsules, 60 Caps",Stavudine,Generic,10mg+ml+/,Capsule,60,"10,780",15631.00,1.45,0.02,"Strides, Bangalore, India.",TRUE,502,"$7,575.60 ",25.01
"2,431",116-ZA-T01,Pre-PQ Process,SCMS-40810,ASN-3634,South Africa,PMO - US,Direct Drop,DDP,Air,Pre-PQ Process,Date Not Captured,31-Mar-09,02-Dec-08,02-Dec-08,ARV,Pediatric,S. BUYS WHOLESALER,"Zidovudine 10mg/ml, oral solution, Bottle, 240 ml",Zidovudine,Generic,10mg+ml+/,Oral solution,240,929,3390.85,3.65,0.02,"Aurobindo Unit III, India",FALSE,Weight Captured Separately,Freight Included in Commodity Cost,6.65
"2,432",116-ZA-T01,Pre-PQ Process,SCMS-40860,ASN-3581,South Africa,PMO - US,Direct Drop,DDP,Air,Pre-PQ Process,Date Not Captured,23-Jun-09,29-Jan-09,29-Jan-09,ARV,Adult,S. BUYS WHOLESALER,"Lamivudine 150mg, tablets, 60 Tabs",Lamivudine,Generic,20mg+ml+/,Tablet,60,"6,700",36582.00,5.46,0.09,"Aurobindo Unit III, India",TRUE,Weight Captured Separately,Freight Included in Commodity Cost,71.7
"2,436",116-ZA-T01,Pre-PQ Process,SCMS-41070,ASN-3625,South Africa,PMO - US,Direct Drop,DDP,Air,Pre-PQ Process,Date Not Captured,12-May-09,30-Dec-08,30-Dec-08,ARV,Adult,S. BUYS WHOLESALER,"Zidovudine 300mg [Retrovir], tablets, 60 Tabs",Zidovudine,Retrovir,10mg+ml+/,Tablet,60,"1,350",19062.00,14.12,0.24,GSK Aranda,FALSE,Weight Captured Separately,Freight Included in Commodity Cost,37.36
"2,437",116-ZA-T01,Pre-PQ Process,SCMS-41080,ASN-3638,South Africa,PMO - US,Direct Drop,DDP,Air,Pre-PQ Process,Date Not Captured,26-May-09,22-Jan-09,22-Jan-09,ARV,Adult,S. BUYS WHOLESALER,"Efavirenz 600mg, tablets, 30 Tabs",Efavirenz,Generic,20mg+ml+/,Tablet,30,"1,120",16307.20,14.56,0.49,"Cipla, Goa, India",TRUE,Weight Captured Separately,Freight Included in Commodity Cost,31.96
"1,820",106-HT-T01,Pre-PQ Process,SCMS-23980,ASN-2640,Haiti,PMO - US,Direct Drop,EXW,Air,Pre-PQ Process,5/23/2008,27-Oct-08,27-Oct-08,27-Oct-08,HRDT,HIV test,"Orgenics, Ltd","HIV 1/2, Determine HIV Kit, without Lancets, 100 Tests","HIV 1/2, Determine HIV Kit, without Lancets",Determine,10mg+ml+/,Test kit,100,"1,123",78610.00,70,0.7,Inverness Japan,TRUE,257,"$2,851.72 ",154.08
"1,888",107-RW-T01,Pre-PQ Process,SCMS-25520,ASN-2079,Rwanda,PMO - US,Direct Drop,CIP,Air,Pre-PQ Process,6/13/2008,23-Jul-08,22-Jul-08,22-Jul-08,ARV,Adult,Aurobindo Pharma Limited,"Lamivudine/Nevirapine/Zidovudine 150/200/300mg, tablets, 60 Tabs",Lamivudine/Nevirapine/Zidovudine,Generic,10mg+ml+/,Tablet - FDC,60,"47,879",569281.31,11.89,0.2,"Aurobindo Unit III, India",TRUE,5311,"$30,408.04 ",910.85
"1,889",107-RW-T01,Pre-PQ Process,SCMS-25520,ASN-2080,Rwanda,PMO - US,Direct Drop,CIP,Air,Pre-PQ Process,6/13/2008,23-Jul-08,23-Jul-08,23-Jul-08,ARV,Adult,Aurobindo Pharma Limited,"Lamivudine/Nevirapine/Zidovudine 150/200/300mg, tablets, 60 Tabs",Lamivudine/Nevirapine/Zidovudine,Generic,10mg+ml+/,Tablet - FDC,60,"61,021",725539.69,11.89,0.2,"Aurobindo Unit III, India",TRUE,6768,"$38,120.96 ","1,160.86"
"2,438",116-ZA-T01,Pre-PQ Process,SCMS-41140,ASN-3752,South Africa,PMO - US,Direct Drop,DDP,Air,Pre-PQ Process,Date Not Captured,31-Mar-09,21-Nov-08,21-Nov-08,ARV,Adult,S. BUYS WHOLESALER,"Stavudine 20mg [Zerit], capsules, 60 Caps",Stavudine,Zerit,10mg+ml+/,Capsule,60,100,371.00,3.71,0.06,"BMS Meymac, France",FALSE,Weight Captured Separately,Freight Included in Commodity Cost,0.73
"1,919",108-VN-T01,Pre-PQ Process,SCMS-26190,ASN-2562,Vietnam,PMO - US,Direct Drop,EXW,Air,Pre-PQ Process,07-03-08,03-Oct-08,03-Oct-08,03-Oct-08,ARV,Adult,Aurobindo Pharma Limited,"Stavudine 30mg, capsules, 60 Caps",Stavudine,Generic,30mg+ml+/,Capsule,60,"18,030",26143.50,1.45,0.02,"Aurobindo Unit III, India",TRUE,1114,"$5,822.44 ",41.83
"2,439",116-ZA-T01,Pre-PQ Process,SCMS-41190,ASN-3732,South Africa,PMO - US,Direct Drop,DDP,Air,Pre-PQ Process,Date Not Captured,30-Mar-09,21-Jan-09,21-Jan-09,ARV,Adult,S. BUYS WHOLESALER,"Stavudine 30mg, capsules, 60 Caps",Stavudine,Generic,10mg+ml+/,Capsule,60,"1,000",2920.00,2.92,0.05,"Aurobindo Unit III, India",TRUE,Weight Captured Separately,Freight Included in Commodity Cost,5.72
"2,440",116-ZA-T01,Pre-PQ Process,SCMS-41190,ASN-3732,South Africa,PMO - US,Direct Drop,DDP,Air,Pre-PQ Process,Date Not Captured,30-Mar-09,21-Jan-09,21-Jan-09,ARV,Adult,S. BUYS WHOLESALER,"Nevirapine 200mg [Viramune], tablets, 60 Tabs",Nevirapine,Viramune,10mg+ml+/,Tablet,60,260,4035.20,15.52,0.26,"Boehringer Ing., Koropi, GR",FALSE,Weight Captured Separately,Freight Included in Commodity Cost,7.91
"2,447",116-ZA-T01,Pre-PQ Process,SCMS-41450,ASN-4362,South Africa,PMO - US,Direct Drop,DDP,Truck,Pre-PQ Process,3/18/2009,17-Apr-09,17-Apr-09,17-Apr-09,ARV,Pediatric,S. BUYS WHOLESALER,"Efavirenz 200mg [Stocrin/Sustiva], capsule, 90 Caps",Efavirenz,Stocrin/Sustiva,10mg+ml+/,Capsule,90,"5,000",160900.00,32.18,0.36,"MSD Midrand, J'burg, SA",TRUE,Weight Captured Separately,Freight Included in Commodity Cost,315.36
"2,450",116-ZA-T01,Pre-PQ Process,SCMS-41584,ASN-4385,South Africa,PMO - US,Direct Drop,DDP,Air,Pre-PQ Process,3/27/2009,25-Jun-09,20-Apr-09,20-Apr-09,ARV,Pediatric,S. BUYS WHOLESALER,"Zidovudine 10mg/ml [Retrovir], solution for IV infusion injection, Vial 5 x 20 ml",Zidovudine,Retrovir,10mg+ml+/,Injection,5,166,2265.90,13.65,2.73,GSK Ware (UK),FALSE,Weight Captured Separately,Freight Included in Commodity Cost,4.44
"1,939",110-ZM-T01,Pre-PQ Process,SCMS-27010,ASN-2448,Zambia,PMO - US,Direct Drop,EXW,Air,Pre-PQ Process,8/21/2008,22-Sep-08,22-Sep-08,22-Sep-08,HRDT,HIV test - Ancillary,"Orgenics, Ltd","HIV, Lancet, Safety, for HIV Test kits, 100 Pcs","HIV, Lancet, Safety, for HIV Test kits, 100 Pcs",Generic,10mg+ml+/,Test kit - Ancillary,100,"3,000",30.00,0.01,0,Inverness Japan,TRUE,889,"$7,303.52 ",0.05
"1,940",102-GY-T01,Pre-PQ Process,SCMS-27030,ASN-2638,Guyana,PMO - US,Direct Drop,EXW,Air,Pre-PQ Process,8/21/2008,29-Oct-08,29-Oct-08,29-Oct-08,HRDT,HIV test,"Orgenics, Ltd","HIV 1/2, Determine HIV Kit, without Lancets, 100 Tests","HIV 1/2, Determine HIV Kit, without Lancets",Determine,10mg+ml+/,Test kit,100,213,15333.87,71.99,0.72,Inverness Japan,TRUE,49,"$1,047.39 ",30.05
"1,941",133-NG-T01,Pre-PQ Process,SCMS-27060,ASN-2438,Nigeria,PMO - US,Direct Drop,EXW,Air,Pre-PQ Process,7/18/2008,15-Oct-08,15-Oct-08,15-Oct-08,HRDT,HIV test - Ancillary,"Orgenics, Ltd","HIV, Lancet, Safety, for HIV Test kits, 100 Pcs","HIV, Lancet, Safety, for HIV Test kits, 100 Pcs",Generic,1mg+ml+/,Test kit - Ancillary,100,"6,502",65.02,0.01,0,Inverness Japan,TRUE,1927,"$24,870.05 ",0.1
"1,942",133-NG-T01,Pre-PQ Process,SCMS-27070,ASN-2352,Nigeria,PMO - US,Direct Drop,EXW,Air,Pre-PQ Process,8/21/2008,12-Sep-08,12-Sep-08,12-Sep-08,HRDT,HIV test,"Orgenics, Ltd","HIV 1/2, Determine HIV Kit, without Lancets, 100 Tests","HIV 1/2, Determine HIV Kit, without Lancets",Determine,20mg+ml+/,Test kit,100,"6,875",549931.25,79.99,0.8,Inverness Japan,TRUE,1566,"$19,992.75 ",879.89
"1,954",108-VN-T01,Pre-PQ Process,SCMS-27290,ASN-2854,Vietnam,PMO - US,Direct Drop,FCA,Air,Pre-PQ Process,7/24/2008,02-Dec-08,02-Dec-08,02-Dec-08,ARV,Adult,ABBVIE LOGISTICS (FORMERLY ABBOTT LOGISTICS BV),"Lopinavir/Ritonavir 200/50mg [Aluvia], tablets, 120 Tabs",Lopinavir/Ritonavir,Aluvia,10mg+ml+/,Tablet,120,434,35674.80,82.2,0.68,ABBVIE Ludwigshafen Germany,TRUE,113,"$2,709.98 ",69.92
"1,955",108-VN-T01,Pre-PQ Process,SCMS-27310,ASN-2809,Vietnam,PMO - US,Direct Drop,EXW,Air,Pre-PQ Process,7/24/2008,24-Nov-08,24-Nov-08,24-Nov-08,ARV,Adult,Aurobindo Pharma Limited,"Lamivudine/Nevirapine/Zidovudine 150/200/300mg, tablets, 60 Tabs",Lamivudine/Nevirapine/Zidovudine,Generic,1mg+ml+/,Tablet - FDC,60,"1,100",12540.00,11.4,0.19,"Aurobindo Unit III, India",TRUE,159,"$2,568.60 ",24.58
"1,956",108-VN-T01,Pre-PQ Process,SCMS-27350,ASN-2766,Vietnam,PMO - US,Direct Drop,EXW,Air,Pre-PQ Process,7/24/2008,25-Nov-08,25-Nov-08,25-Nov-08,ARV,Adult,MYLAN LABORATORIES LTD (FORMERLY MATRIX LABORATORIES),"Efavirenz 600mg, tablets, 30 Tabs",Efavirenz,Generic,80+20mg+ml,Tablet,30,"8,400",85596.00,10.19,0.34,Mylan (formerly Matrix) Nashik,TRUE,613,"$3,247.73 ",167.77
"1,957",108-VN-T01,Pre-PQ Process,SCMS-27380,ASN-2873,Vietnam,PMO - US,Direct Drop,EXW,Air,Pre-PQ Process,7/24/2008,03-Dec-08,03-Dec-08,03-Dec-08,ARV,Adult,CIPLA LIMITED,"Lamivudine/Nevirapine/Stavudine 150/200/30mg, tablets, 60 Tabs",Lamivudine/Nevirapine/Stavudine,Generic,20mg+ml+/,Tablet - FDC,60,"3,648",26448.00,7.25,0.12,"Cipla, Goa, India",TRUE,323,"$2,335.19 ",51.84
"1,971",102-GY-T01,Pre-PQ Process,SCMS-27680,ASN-2910,Guyana,PMO - US,Direct Drop,EXW,Air,Pre-PQ Process,7/28/2008,15-Dec-08,15-Dec-08,15-Dec-08,MRDT,Malaria,ZEPHYR BIOMEDICALS,"Malaria Paramax-3 Kit, 25 Tests",Malaria Paramax-3 Kit,Paramax,20mg+ml+/,Test kit,25,108,4050.00,37.5,1.5,Not Applicable,TRUE,34,$648.27 ,7.94
"1,972",117-ET-T01,Pre-PQ Process,SCMS-27800,ASN-2592,Ethiopia,PMO - US,Direct Drop,EXW,Air,Pre-PQ Process,7/30/2008,03-Nov-08,13-Oct-08,13-Oct-08,HRDT,HIV test,"CHEMBIO DIAGNOSTIC SYSTEMS, INC.","HIV 1/2, Stat-Pak HIV, Kit, 20 Tests","HIV 1/2, Stat-Pak HIV, Kit",Stat-Pak,10mg+ml+/,Test kit,20,"5,958",160866.00,27,1.35,Chembio Diagnostics Sys. Inc.,TRUE,2147,"$11,066.17 ",257.39
"1,973",117-ET-T01,Pre-PQ Process,SCMS-27800,ASN-2747,Ethiopia,PMO - US,Direct Drop,EXW,Air,Pre-PQ Process,7/30/2008,03-Nov-08,03-Nov-08,03-Nov-08,HRDT,HIV test,"CHEMBIO DIAGNOSTIC SYSTEMS, INC.","HIV 1/2, Stat-Pak HIV, Kit, 20 Tests","HIV 1/2, Stat-Pak HIV, Kit",Stat-Pak,10mg+ml+/,Test kit,20,"3,982",107514.00,27,1.35,Chembio Diagnostics Sys. Inc.,TRUE,1445,"$7,303.25 ",210.73
"2,008",117-ET-T01,Pre-PQ Process,SCMS-28710,ASN-2576,Ethiopia,PMO - US,Direct Drop,EXW,Air,Pre-PQ Process,8/22/2008,07-Oct-08,07-Oct-08,07-Oct-08,HRDT,HIV test,"SHANGHAI KEHUA BIOENGINEERING CO.,LTD.  (KHB)","HIV 1/2, SKB Colloidal Gold, Diagnostic Kit, Antibody, 50 Tests","HIV 1/2, Colloidal Gold, Diagnostic Kit, Antibody",Colloidal Gold,10mg+ml+/,Test kit,1,"6,998",160954.00,23,23,"KHB Test Kit Facility, Shanghai China",TRUE,5057,"$44,347.71 ",257.53
"2,451",116-ZA-T01,Pre-PQ Process,SCMS-41584,ASN-4385,South Africa,PMO - US,Direct Drop,DDP,Air,Pre-PQ Process,3/27/2009,25-Jun-09,20-Apr-09,20-Apr-09,ARV,Pediatric,S. BUYS WHOLESALER,"Didanosine 50mg [Videx], chewable tablets, 60 Tabs",Didanosine,Videx,10mg+ml+/,Chewable/dispersible tablet,60,"1,500",15150.00,10.1,0.17,"BMS Meymac, France",FALSE,Weight Captured Separately,Freight Included in Commodity Cost,29.69
"2,474",116-ZA-T01,Pre-PQ Process,SCMS-47420,ASN-4280,South Africa,PMO - US,Direct Drop,DDP,Air,Pre-PQ Process,04-02-09,31-Jul-09,20-Apr-09,20-Apr-09,ARV,Pediatric,S. BUYS WHOLESALER,"Lopinavir/Ritonavir 80/20mg/ml [Kaletra], oral solution, cool, Bottle 5 x 60 ml",Lopinavir/Ritonavir,Kaletra,30mg+ml+/,Oral solution,300,40,1440.00,36,0.12,ABBVIE (Abbott) Logis. UK,TRUE,Weight Captured Separately,Freight Included in Commodity Cost,2.82
"2,146",117-ET-T01,Pre-PQ Process,SCMS-32630,ASN-3155,Ethiopia,PMO - US,Direct Drop,EXW,Air,Pre-PQ Process,10/27/2008,26-Jan-09,20-Jan-09,20-Jan-09,HRDT,HIV test,"SHANGHAI KEHUA BIOENGINEERING CO.,LTD.  (KHB)","HIV 1/2, SKB Colloidal Gold, Diagnostic Kit, Antibody, 50 Tests","HIV 1/2, Colloidal Gold, Diagnostic Kit, Antibody",Colloidal Gold,20mg+ml+/,Test kit,1,"3,470",79810.00,23,23,"KHB Test Kit Facility, Shanghai China",TRUE,2509,"$19,882.25 ",156.43
"2,147",117-ET-T01,Pre-PQ Process,SCMS-32640,ASN-2935,Ethiopia,PMO - US,Direct Drop,EXW,Air,Pre-PQ Process,10/27/2008,03-Dec-08,03-Dec-08,03-Dec-08,HRDT,HIV test,"SHANGHAI KEHUA BIOENGINEERING CO.,LTD.  (KHB)","HIV 1/2, SKB Colloidal Gold, Diagnostic Kit, Antibody, 50 Tests","HIV 1/2, Colloidal Gold, Diagnostic Kit, Antibody",Colloidal Gold,80+20mg+ml,Test kit,1,"3,510",80730.00,23,23,"KHB Test Kit Facility, Shanghai China",TRUE,2535,"$22,433.91 ",158.23
"2,475",116-ZA-T01,Pre-PQ Process,SCMS-47360,ASN-4286,South Africa,PMO - US,Direct Drop,DDP,Truck,Pre-PQ Process,04-02-09,31-Jul-09,04-May-09,04-May-09,ARV,Pediatric,S. BUYS WHOLESALER,"Ritonavir 80mg/ml [Norvir], oral solution, cool, Bottle, 90 ml",Ritonavir,Norvir,30mg+ml+/,Oral solution,90,6,43.20,7.2,0.08,ABBVIE (Abbott) France,TRUE,Weight Captured Separately,Freight Included in Commodity Cost,0.08
"2,153",108-VN-T01,Pre-PQ Process,SCMS-33070,ASN-2888,Vietnam,PMO - US,Direct Drop,EXW,Air,Pre-PQ Process,11-03-08,27-Nov-08,27-Nov-08,27-Nov-08,ARV,Adult,Aurobindo Pharma Limited,"Nevirapine 200mg, tablets, 60 Tabs",Nevirapine,Generic,20mg+ml+/,Tablet,60,"6,000",17400.00,2.9,0.05,"Aurobindo Unit III, India",TRUE,581,"$2,653.27 ",34.1
"2,476",116-ZA-T01,Pre-PQ Process,SCMS-42250,ASN-4612,South Africa,PMO - US,Direct Drop,DDP,Truck,Pre-PQ Process,04-02-09,31-Jul-09,08-Jun-09,08-Jun-09,ARV,Pediatric,S. BUYS WHOLESALER,"Ritonavir 80mg/ml [Norvir], oral solution, cool, Bottle, 90 ml",Ritonavir,Norvir,1mg+ml+/,Oral solution,90,6,43.20,7.2,0.08,ABBVIE (Abbott) France,TRUE,Weight Captured Separately,Freight Included in Commodity Cost,0.08
"2,588",108-VN-T01,Pre-PQ Process,SCMS-46560,ASN-4709,Vietnam,PMO - US,Direct Drop,CIP,Air,Pre-PQ Process,5/27/2009,19-Aug-09,19-Aug-09,19-Aug-09,ARV,Pediatric,BRISTOL-MYERS SQUIBB,"Didanosine 25mg [Videx], chewable tablets, 60 Tabs",Didanosine,Videx,20mg+ml+/,Chewable/dispersible tablet,60,120,840.00,7,0.12,"BMS Meymac, France",TRUE,Weight Captured Separately,Freight Included in Commodity Cost,1.65
"2,601",116-ZA-T01,Pre-PQ Process,SCMS-47051,ASN-4837,South Africa,PMO - US,Direct Drop,DDP,Truck,Pre-PQ Process,06-05-09,12-Oct-09,03-Aug-09,03-Aug-09,ARV,Adult,S. BUYS WHOLESALER,"Didanosine EC 400mg [Videx EC], delayed-release capsules, Blister 3 x 10 Caps",Didanosine EC,Videx EC,80+20mg+ml,Delayed-release capsules - blister,30,20,438.00,21.9,0.73,"BMS Meymac, France",TRUE,Weight Captured Separately,Freight Included in Commodity Cost,0.86
"2,602",116-ZA-T01,Pre-PQ Process,SCMS-47090,ASN-4820,South Africa,PMO - US,Direct Drop,DDP,Truck,Pre-PQ Process,06-05-09,21-Jul-09,21-Jul-09,21-Jul-09,ARV,Adult,S. BUYS WHOLESALER,"Stavudine 20mg [Zerit], capsules, 60 Caps",Stavudine,Zerit,20mg+ml+/,Capsule,60,320,1475.20,4.61,0.08,"BMS Meymac, France",TRUE,Weight Captured Separately,Freight Included in Commodity Cost,2.89
"2,171",133-NG-T01,Pre-PQ Process,SCMS-33820,ASN-3665,Nigeria,PMO - US,Direct Drop,EXW,Air,Pre-PQ Process,11/20/2008,08-Apr-09,08-Apr-09,08-Apr-09,HRDT,HIV test,"Orgenics, Ltd","HIV 1/2, Determine Complete HIV Kit, 100 Tests","HIV 1/2, Determine Complete HIV Kit",Determine,20mg+ml+/,Test kit,100,"5,751",460080.00,80,0.8,Inverness Japan,TRUE,1723,"$22,451.67 ",901.76
"2,173",141-NA-T01,Pre-PQ Process,SCMS-33850,ASN-3110,Namibia,PMO - US,Direct Drop,EXW,Air,Pre-PQ Process,11/20/2008,27-Jan-09,27-Jan-09,27-Jan-09,HRDT,HIV test,INVERNESS MEDICAL INNOVATIONS SOUTH AFRICA (PTY) LTD,"HIV 1/2, Clearview Complete Kit, 25 Tests","HIV 1/2, Clearview Complete Kit",Clearview,10mg+ml+/,Test kit,25,3,225.00,75,3,Inverness USA,TRUE,3,$963.34 ,0.44
"2,257",102-GY-T01,Pre-PQ Process,SCMS-36540,ASN-3166,Guyana,PMO - US,Direct Drop,EXW,Air,Pre-PQ Process,12/23/2008,25-Feb-09,27-Jan-09,27-Jan-09,HRDT,HIV test,"CHEMBIO DIAGNOSTIC SYSTEMS, INC.","HIV 1/2, Stat-Pak HIV, Kit, 20 Tests","HIV 1/2, Stat-Pak HIV, Kit",Stat-Pak,80+20mg+ml,Test kit,20,100,2700.00,27,1.35,Chembio Diagnostics Sys. Inc.,TRUE,28,$692.38 ,5.29
"2,295",119-NA-T01,Pre-PQ Process,SCMS-37060,ASN-3303,Namibia,PMO - US,Direct Drop,EXW,Air,Pre-PQ Process,1/13/2009,02-Mar-09,02-Mar-09,02-Mar-09,HRDT,HIV test,"Trinity Biotech, Plc","HIV 1/2, Uni-Gold HIV Kit, 20 Tests","HIV 1/2, Uni-Gold HIV Kit",Uni-Gold,10mg+ml+/,Test kit,20,68,2176.00,32,1.6,"Trinity Biotech, Plc",TRUE,22,"$1,003.52 ",4.26
"2,297",108-VN-T01,Pre-PQ Process,SCMS-37160,ASN-3561,Vietnam,PMO - US,Direct Drop,EXW,Air,Pre-PQ Process,1/16/2009,07-Apr-09,07-Apr-09,07-Apr-09,ARV,Adult,Aurobindo Pharma Limited,"Lamivudine 150mg, tablets, 60 Tabs",Lamivudine,Generic,1mg+ml+/,Tablet,60,"9,000",21600.00,2.4,0.04,"Aurobindo Unit III, India",TRUE,2228,"$9,809.70 ",42.34
"2,721",110-ZM-T01,Pre-PQ Process,SCMS-416,ASN-465,Zambia,PMO - US,Direct Drop,CIP,Air,Pre-PQ Process,03-08-07,06-Jun-07,06-Jun-07,06-Jun-07,ARV,Pediatric,BRISTOL-MYERS SQUIBB,"Didanosine 100mg [Videx],chewable tablets, 60 Tabs",Didanosine,Videx,10mg+ml+/,Chewable/dispersible tablet,60,"5,408",68952.00,12.75,0.21,"BMS Meymac, France",TRUE,1072,Freight Included in Commodity Cost,
"2,305",131-NG-T01,Pre-PQ Process,SCMS-37370,ASN-3497,Nigeria,PMO - US,Direct Drop,CIP,Air,Pre-PQ Process,02-03-09,08-Apr-09,08-Apr-09,08-Apr-09,ARV,Adult,MERCK SHARP & DOHME IDEA GMBH (FORMALLY MERCK SHARP & DOHME B.V.),"Efavirenz/Emtricitabine/Tenofovir Disoproxil Fumarate 600/200/300mg [Atripla], tablets, 30 Tabs",Efavirenz/Emtricitabine/Tenofovir Disoproxil Fumarate,Atripla,80+20mg+ml,Tablet - FDC,30,"25,000",1260000.00,50.4,1.68,"MSD, Haarlem, NL",TRUE,2067,"$7,933.38 ","2,469.60"
"2,328",106-HT-T01,Pre-PQ Process,SCMS-38160,ASN-3457,Haiti,PMO - US,Direct Drop,EXW,Air,Pre-PQ Process,02-03-09,16-Mar-09,16-Mar-09,16-Mar-09,HRDT,HIV test,"Orgenics, Ltd","HIV 1/2, Determine HIV Kit, without Lancets, 100 Tests","HIV 1/2, Determine HIV Kit, without Lancets",Determine,10mg+ml+/,Test kit,100,"1,680",117600.00,70,0.7,Inverness Japan,TRUE,382,"$3,241.06 ",230.5
"2,399",106-HT-T01,Pre-PQ Process,SCMS-39970,ASN-3628,Haiti,PMO - US,Direct Drop,EXW,Air,Pre-PQ Process,03-06-09,02-Apr-09,02-Apr-09,02-Apr-09,ARV,Pediatric,Aurobindo Pharma Limited,"Zidovudine 100mg, capsules, 100 Caps",Zidovudine,Generic,10mg+ml+/,Capsule,100,"2,100",10500.00,5,0.05,"Aurobindo Unit III, India",TRUE,187,"$1,903.54 ",20.58
"2,417",111-MZ-T01,Pre-PQ Process,SCMS-40370,ASN-3857,Mozambique,PMO - US,Direct Drop,EXW,Air,Pre-PQ Process,03-11-09,26-May-09,26-May-09,26-May-09,HRDT,HIV test,"Orgenics, Ltd","HIV 1/2, Determine Complete HIV Kit, 100 Tests","HIV 1/2, Determine Complete HIV Kit",Determine,10mg+ml+/,Test kit,100,"9,000",648000.00,72,0.72,Inverness Japan,TRUE,2655,"$25,052.69 ","1,270.08"
"2,892",114-UG-T01,Pre-PQ Process,SCMS-13510,ASN-1483,Uganda,PMO - US,Direct Drop,CIP,Air,Pre-PQ Process,10-03-07,31-Mar-08,31-Mar-08,31-Mar-08,ARV,Adult,BRISTOL-MYERS SQUIBB,"Didanosine EC 400mg [Videx EC], delayed-release capsules, Blister 3 x 10 Caps",Didanosine EC,Videx EC,20mg+ml+/,Delayed-release capsules - blister,30,140,3313.80,23.67,0.79,"BMS Meymac, France",TRUE,6,Freight Included in Commodity Cost,5.3
"2,921",116-ZA-T01,Pre-PQ Process,SCMS-14050,ASN-1251,South Africa,PMO - US,Direct Drop,DDP,,Pre-PQ Process,11-12-07,29-Jan-08,29-Jan-08,29-Jan-08,ARV,Pediatric,"JSI R&T INSTITUTE, INC.","Lamivudine 10mg/ml [Epivir], oral solution, Bottle, 240 ml",Lamivudine,Epivir,20mg+ml+/,Oral solution,240,500,3630.00,7.26,0.03,GSK Mississauga (Canada),FALSE,Weight Captured Separately,Freight Included in Commodity Cost,5.81
"2,922",116-ZA-T01,Pre-PQ Process,SCMS-14050,ASN-1251,South Africa,PMO - US,Direct Drop,DDP,,Pre-PQ Process,11-12-07,29-Jan-08,29-Jan-08,29-Jan-08,ARV,Adult,"JSI R&T INSTITUTE, INC.","Tenofovir Disoproxil Fumarate 300mg [Viread], tablets, 30 Tabs",Tenofovir Disoproxil Fumarate,Viread,20mg+ml+/,Tablet,30,20,535.20,26.76,0.89,"Aspen-OSD, Port Elizabeth, SA",FALSE,Weight Captured Separately,Freight Included in Commodity Cost,0.86
"2,923",116-ZA-T01,Pre-PQ Process,SCMS-14050,ASN-1251,South Africa,PMO - US,Direct Drop,DDP,,Pre-PQ Process,11-12-07,29-Jan-08,29-Jan-08,29-Jan-08,ARV,Adult,"JSI R&T INSTITUTE, INC.","Emtricitabine/Tenofovir Disoproxil Fumarate 200/300mg [Truvada], tablets, 30 Tabs",Emtricitabine/Tenofovir Disoproxil Fumarate,Truvada,10mg+ml+/,Tablet - FDC,30,10,443.00,44.3,1.48,"Aspen-OSD, Port Elizabeth, SA",FALSE,Weight Captured Separately,Freight Included in Commodity Cost,0.71
"2,993",116-ZA-T01,Pre-PQ Process,SCMS-16600,ASN-1520,South Africa,PMO - US,Direct Drop,DDP,,Pre-PQ Process,01-04-08,21-Jan-08,04-Jan-08,04-Jan-08,ARV,Pediatric,"JSI R&T INSTITUTE, INC.","Efavirenz 50mg [Stocrin/Sustiva], capsule, 30 Caps",Efavirenz,Stocrin/Sustiva,10mg+ml+/,Capsule,30,200,696.00,3.48,0.12,"MSD Midrand, J'burg, SA",FALSE,Weight Captured Separately,Freight Included in Commodity Cost,1.11
"2,994",116-ZA-T01,Pre-PQ Process,SCMS-16600,ASN-1520,South Africa,PMO - US,Direct Drop,DDP,,Pre-PQ Process,01-04-08,21-Jan-08,04-Jan-08,04-Jan-08,ARV,Adult,"JSI R&T INSTITUTE, INC.","Efavirenz 600mg [Stocrin/Sustiva], tablets, 30 Tabs",Efavirenz,Stocrin/Sustiva,10mg+ml+/,Tablet,30,"1,200",23808.00,19.84,0.66,"MSD Midrand, J'burg, SA",FALSE,Weight Captured Separately,Freight Included in Commodity Cost,38.09
"2,995",116-ZA-T01,Pre-PQ Process,SCMS-16600,ASN-1520,South Africa,PMO - US,Direct Drop,DDP,,Pre-PQ Process,01-04-08,21-Jan-08,04-Jan-08,04-Jan-08,ARV,Adult,"JSI R&T INSTITUTE, INC.","Emtricitabine/Tenofovir Disoproxil Fumarate 200/300mg [Truvada], tablets, 30 Tabs",Emtricitabine/Tenofovir Disoproxil Fumarate,Truvada,10mg+ml+/,Tablet - FDC,30,30,1271.10,42.37,1.41,"Aspen-OSD, Port Elizabeth, SA",FALSE,Weight Captured Separately,Freight Included in Commodity Cost,2.03
"2,996",116-ZA-T01,Pre-PQ Process,SCMS-16600,ASN-1520,South Africa,PMO - US,Direct Drop,DDP,,Pre-PQ Process,01-04-08,21-Jan-08,04-Jan-08,04-Jan-08,ARV,Adult,"JSI R&T INSTITUTE, INC.","Ritonavir 100mg [Norvir], capsules, cool, 84 Caps",Ritonavir,Norvir,10mg+ml+/,Capsule,84,3,32.31,10.77,0.13,ABBVIE (Abbott) Logis. UK,FALSE,Weight Captured Separately,Freight Included in Commodity Cost,0.05
"3,007",104-CI-T01,Pre-PQ Process,SCMS-16740,ASN-1492,Côte d'Ivoire,PMO - US,Direct Drop,CIP,Air,Pre-PQ Process,1/24/2008,08-Apr-08,08-Apr-08,08-Apr-08,ARV,Pediatric,BRISTOL-MYERS SQUIBB,"Didanosine 25mg [Videx], chewable tablets, 60 Tabs",Didanosine,Videx,80+20mg+ml,Chewable/dispersible tablet,60,546,3822.00,7,0.12,"BMS Meymac, France",TRUE,108,Freight Included in Commodity Cost,6.12
"2,441",114-UG-T01,Pre-PQ Process,SCMS-41240,ASN-3904,Uganda,PMO - US,Direct Drop,CIP,Air,Pre-PQ Process,3/19/2009,04-May-09,04-May-09,04-May-09,ARV,Adult,BRISTOL-MYERS SQUIBB,"Didanosine EC 250mg [Videx EC], delayed-release capsules, Blister 3 x 10 Caps",Didanosine EC,Videx EC,80+20mg+ml,Delayed-release capsules - blister,30,60,1100.40,18.34,0.61,"BMS Meymac, France",TRUE,3000,$428.91 ,2.16
"3,026",116-ZA-T01,Pre-PQ Process,SCMS-17630,ASN-1532,South Africa,PMO - US,Direct Drop,DDP,Truck,Pre-PQ Process,1/21/2008,05-Feb-08,21-Jan-08,21-Jan-08,ARV,Adult,"JSI R&T INSTITUTE, INC.","Didanosine EC 250mg [Videx EC], delayed-release capsules, Blister 3 x 10 Caps",Didanosine EC,Videx EC,10mg+ml+/,Delayed-release capsules - blister,30,400,8416.00,21.04,0.7,"BMS Meymac, France",TRUE,Weight Captured Separately,Freight Included in Commodity Cost,13.47
"3,037",117-ET-T01,Pre-PQ Process,SCMS-17940,ASN-1405,Ethiopia,PMO - US,Direct Drop,CIP,Air,Pre-PQ Process,2/20/2008,27-Feb-08,27-Feb-08,27-Feb-08,HRDT,HIV test,SUB-SAHARAN BIOMEDICAL P.L.C.,"HIV 1/2, Determine Complete HIV Kit, 100 Tests","HIV 1/2, Determine Complete HIV Kit",Determine,10mg+ml+/,Test kit,100,805,62967.10,78.22,0.78,Inverness Japan,TRUE,Weight Captured Separately,Freight Included in Commodity Cost,100.75
"3,080",116-ZA-T01,Pre-PQ Process,SCMS-19800,ASN-1664,South Africa,PMO - US,Direct Drop,DDP,Truck,Pre-PQ Process,2/20/2008,24-Apr-08,29-Feb-08,29-Feb-08,ARV,Pediatric,S. BUYS WHOLESALER,"Efavirenz 200mg [Stocrin/Sustiva], capsule, 90 Caps",Efavirenz,Stocrin/Sustiva,10mg+ml+/,Capsule,90,20,563.00,28.15,0.31,"MSD Midrand, J'burg, SA",TRUE,Weight Captured Separately,Freight Included in Commodity Cost,0.9
"2,463",107-RW-T01,Pre-PQ Process,SCMS-30312,ASN-3851,Rwanda,PMO - US,Direct Drop,CIP,Air,Pre-PQ Process,10/21/2008,20-Apr-09,20-Apr-09,20-Apr-09,ARV,Adult,CIPLA LIMITED,"Lamivudine/Zidovudine 150/300mg, tablets, 60 Tabs",Lamivudine/Zidovudine,Generic,10mg+ml+/,Tablet - FDC,60,"7,840",71344.00,9.1,0.15,"Cipla, Goa, India",TRUE,719,$853.88 ,139.83
"3,081",116-ZA-T01,Pre-PQ Process,SCMS-19800,ASN-1665,South Africa,PMO - US,Direct Drop,DDP,Truck,Pre-PQ Process,2/20/2008,24-Apr-08,24-Apr-08,24-Apr-08,ARV,Adult,S. BUYS WHOLESALER,"Efavirenz 600mg, tablets, 30 Tabs",Efavirenz,Generic,20mg+ml+/,Tablet,30,"2,500",37500.00,15,0.5,"Cipla, Goa, India",FALSE,Weight Captured Separately,Freight Included in Commodity Cost,60
"3,159",117-ET-T01,Pre-PQ Process,SCMS-22810,ASN-2096,Ethiopia,PMO - US,Direct Drop,DDP,Air,Pre-PQ Process,4/28/2008,01-Jul-08,01-Jul-08,01-Jul-08,HRDT,HIV test,SETEMA LIMITED PLC,"HIV 1/2, Stat-Pak HIV, Kit, 20 Tests","HIV 1/2, Stat-Pak HIV, Kit",Stat-Pak,80+20mg+ml,Test kit,20,81,3798.09,46.89,2.34,Chembio Diagnostics Sys. Inc.,TRUE,Weight Captured Separately,Freight Included in Commodity Cost,6.08
"3,191",116-ZA-T01,Pre-PQ Process,SCMS-23500,ASN-2300,South Africa,PMO - US,Direct Drop,DDP,Truck,Pre-PQ Process,Date Not Captured,20-Aug-08,14-May-08,14-May-08,ARV,Adult,S. BUYS WHOLESALER,"Ritonavir 100mg [Norvir], capsules, cool, 84 Caps",Ritonavir,Norvir,10mg+ml+/,Capsule,84,4,38.88,9.72,0.12,ABBVIE (Abbott) Logis. UK,FALSE,Weight Captured Separately,Freight Included in Commodity Cost,0.06
"2,477",102-GY-T01,Pre-PQ Process,SCMS-42290,ASN-3987,Guyana,PMO - US,Direct Drop,EXW,Air,Pre-PQ Process,3/31/2009,05-Jun-09,05-Jun-09,05-Jun-09,HRDT,HIV test,"Orgenics, Ltd","HIV 1/2, Determine Complete HIV Kit, 100 Tests","HIV 1/2, Determine Complete HIV Kit",Determine,1mg+ml+/,Test kit,100,425,38250.00,90,0.9,Inverness Japan,TRUE,130,"$1,859.79 ",74.97
"2,478",102-GY-T01,Pre-PQ Process,SCMS-42320,ASN-4291,Guyana,PMO - US,Direct Drop,EXW,Air,Pre-PQ Process,3/30/2009,01-Jul-09,01-Jul-09,01-Jul-09,HRDT,HIV test,"Orgenics, Ltd","HIV 1/2, Determine Complete HIV Kit, 100 Tests","HIV 1/2, Determine Complete HIV Kit",Determine,10mg+ml+/,Test kit,100,276,24840.00,90,0.9,Inverness Japan,TRUE,87,"$1,205.70 ",48.69
"3,192",116-ZA-T01,Pre-PQ Process,SCMS-23500,ASN-2293,South Africa,PMO - US,Direct Drop,DDP,Truck,Pre-PQ Process,Date Not Captured,20-Aug-08,08-May-08,08-May-08,ARV,Adult,S. BUYS WHOLESALER,"Nevirapine 200mg, tablets, 60 Tabs",Nevirapine,Generic,10mg+ml+/,Tablet,60,150,3166.50,21.11,0.35,"Cipla, Goa, India",FALSE,Weight Captured Separately,Freight Included in Commodity Cost,5.07
"2,499",112-NG-T01,Pre-PQ Process,SCMS-42830,ASN-3984,Nigeria,PMO - US,Direct Drop,FCA,Air,Pre-PQ Process,04-01-09,20-May-09,20-May-09,20-May-09,ARV,Adult,ABBVIE LOGISTICS (FORMERLY ABBOTT LOGISTICS BV),"Lopinavir/Ritonavir 200/50mg [Aluvia], tablets, 120 Tabs",Lopinavir/Ritonavir,Aluvia,10mg+ml+/,Tablet,120,73,3000.30,41.1,0.34,ABBVIE Ludwigshafen Germany,TRUE,69,"$1,332.43 ",5.88
"2,502",102-KE-T01,Pre-PQ Process,SCMS-42970,ASN-4098,Kenya,PMO - US,Direct Drop,EXW,Air,Pre-PQ Process,04-04-09,18-Jun-09,18-Jun-09,18-Jun-09,HRDT,HIV test,"Trinity Biotech, Plc","HIV 1/2, Uni-Gold HIV Kit, 20 Tests","HIV 1/2, Uni-Gold HIV Kit",Uni-Gold,10mg+ml+/,Test kit,20,5,160.00,32,1.6,"Trinity Biotech, Plc",TRUE,2,"$12,561.40 ",0.31
"2,503",102-KE-T01,Pre-PQ Process,SCMS-42970,ASN-4099,Kenya,PMO - US,Direct Drop,EXW,Air,Pre-PQ Process,04-04-09,18-Jun-09,18-Jun-09,18-Jun-09,HRDT,HIV test,"Trinity Biotech, Plc","HIV 1/2, Uni-Gold HIV Kit, 20 Tests","HIV 1/2, Uni-Gold HIV Kit",Uni-Gold,80+20mg+ml,Test kit,20,"4,995",159840.00,32,1.6,"Trinity Biotech, Plc",TRUE,4995,$275 ,313.29
"2,506",123-NG-T01,Pre-PQ Process,SCMS-36892,ASN-4206,Nigeria,PMO - US,Direct Drop,FCA,Air,Pre-PQ Process,04-07-09,14-Jul-09,14-Jul-09,14-Jul-09,ARV,Adult,ABBVIE LOGISTICS (FORMERLY ABBOTT LOGISTICS BV),"Lopinavir/Ritonavir 200/50mg [Aluvia], tablets, 120 Tabs",Lopinavir/Ritonavir,Aluvia,80+20mg+ml,Tablet,120,"2,040",83844.00,41.1,0.34,ABBVIE Ludwigshafen Germany,TRUE,309,"$3,777.93 ",164.33
"2,536",107-RW-T01,Pre-PQ Process,SCMS-43880,ASN-4462,Rwanda,PMO - US,Direct Drop,CIP,Air,Pre-PQ Process,4/15/2009,20-Jul-09,20-Jul-09,20-Jul-09,ARV,Adult,MYLAN LABORATORIES LTD (FORMERLY MATRIX LABORATORIES),"Lamivudine/Nevirapine/Zidovudine 150/200/300mg, tablets, 60 Tabs",Lamivudine/Nevirapine/Zidovudine,Generic,20mg+ml+/,Tablet - FDC,60,"26,932",317528.28,11.79,0.2,Mylan (formerly Matrix) Nashik,TRUE,3393,"$30,661.50 ",622.36
"2,539",104-CI-T01,Pre-PQ Process,SCMS-44120,ASN-4289,Côte d'Ivoire,PMO - US,Direct Drop,EXW,Air,Pre-PQ Process,4/15/2009,10-Jun-09,15-Jul-09,15-Jul-09,HRDT,HIV test,BIO-RAD LABORATORIES (FRANCE),"#108853** HIV, Genie II HIV-1/HIV-2 Kit, 40 Tests","HIV, Genie II HIV-1/HIV-2 Kit",Genie,30mg+ml+/,Test kit,40,"1,000",110000.00,110,2.75,Bio-Rad Laboratories,TRUE,1073,"$8,114.11 ",215.6
"2,558",119-NA-T01,Pre-PQ Process,SCMS-44960,ASN-4186,Namibia,PMO - US,Direct Drop,EXW,Air,Pre-PQ Process,4/27/2009,15-Jun-09,15-Jun-09,15-Jun-09,HRDT,HIV test,"Orgenics, Ltd","HIV 1/2, Determine HIV Kit, without Lancets, 100 Tests","HIV 1/2, Determine HIV Kit, without Lancets",Determine,80+20mg+ml,Test kit,100,800,56000.00,70,0.7,Inverness Japan,TRUE,195,"$2,008.54 ",109.76
"2,559",108-VN-T01,Pre-PQ Process,SCMS-44980,ASN-4094,Vietnam,PMO - US,Direct Drop,EXW,Air,Pre-PQ Process,4/29/2009,08-Jun-09,08-Jun-09,08-Jun-09,ARV,Adult,Aurobindo Pharma Limited,"Didanosine 250mg, delayed-release capsules, 30 Caps",Didanosine,Generic,10mg+ml+/,Delayed-release capsules,30,150,1950.00,13,0.43,"Aurobindo Unit III, India",TRUE,30,"$4,111.71 ",3.82
"2,562",104-CI-T01,Pre-PQ Process,SCMS-45110,ASN-4046,Côte d'Ivoire,PMO - US,Direct Drop,EXW,Air,Pre-PQ Process,4/29/2009,09-Jun-09,09-Jun-09,09-Jun-09,HRDT,HIV test,BIO-RAD LABORATORIES (FRANCE),"#108853** HIV, Genie II HIV-1/HIV-2 Kit, 40 Tests","HIV, Genie II HIV-1/HIV-2 Kit",Genie,80+20mg+ml,Test kit,40,140,15400.00,110,2.75,Bio-Rad Laboratories,TRUE,158,"$4,318.21 ",30.18
"2,571",119-NA-T01,Pre-PQ Process,SCMS-45620,ASN-4511,Namibia,PMO - US,Direct Drop,EXW,Air,Pre-PQ Process,05-08-09,18-Aug-09,18-Aug-09,18-Aug-09,ARV,Pediatric,CIPLA LIMITED,"Lamivudine/Stavudine 30/6mg, dispersible tablets, 60 Tabs",Lamivudine/Stavudine,Generic,10mg+ml+/,Chewable/dispersible tablet - FDC,60,"2,000",3800.00,1.9,0.03,"Cipla, Goa, India",TRUE,251,"$1,484.75 ",7.45
"3,193",116-ZA-T01,Pre-PQ Process,SCMS-23500,ASN-2293,South Africa,PMO - US,Direct Drop,DDP,Truck,Pre-PQ Process,Date Not Captured,20-Aug-08,08-May-08,08-May-08,ARV,Adult,S. BUYS WHOLESALER,"Stavudine 30mg [Zerit], capsules, 60 Caps",Stavudine,Zerit,80+20mg+ml,Capsule,60,"1,350",6979.50,5.17,0.09,"BMS Meymac, France",FALSE,Weight Captured Separately,Freight Included in Commodity Cost,11.17
"3,282",116-ZA-T01,Pre-PQ Process,SCMS-26820,ASN-2488,South Africa,PMO - US,Direct Drop,DDP,Truck,Pre-PQ Process,Date Not Captured,10-Jul-08,08-Jul-08,08-Jul-08,ARV,Adult,S. BUYS WHOLESALER,"Efavirenz 600mg, tablets, 30 Tabs",Efavirenz,Generic,20mg+ml+/,Tablet,30,"1,000",16190.00,16.19,0.54,"Cipla, Goa, India",FALSE,Weight Captured Separately,Freight Included in Commodity Cost,25.9
"3,357",116-ZA-T01,Pre-PQ Process,SCMS-28830,ASN-2502,South Africa,PMO - US,Direct Drop,DDP,Truck,Pre-PQ Process,Date Not Captured,25-Aug-08,18-Aug-08,18-Aug-08,ARV,Pediatric,S. BUYS WHOLESALER,"Zidovudine 10mg/ml [Retrovir], oral solution, Bottle, 200 ml",Zidovudine,Retrovir,10mg+ml+/,Oral solution,200,60,360.60,6.01,0.03,GSK Mississauga (Canada),TRUE,Weight Captured Separately,Freight Included in Commodity Cost,0.58
"2,603",110-ZM-T01,Pre-PQ Process,SCMS-42641,ASN-5221,Zambia,PMO - US,Direct Drop,EXW,Air,Pre-PQ Process,06-06-09,11-Nov-09,29-Oct-09,29-Oct-09,HRDT,HIV test,"Orgenics, Ltd","HIV 1/2, Determine Complete HIV Kit, 100 Tests","HIV 1/2, Determine Complete HIV Kit",Determine,20mg+ml+/,Test kit,100,"2,000",144000.00,72,0.72,Inverness Japan,TRUE,590,"$5,962.58 ",310.46
"2,632",105-GY-T01,Pre-PQ Process,SCMS-48690,ASN-4600,Guyana,PMO - US,Direct Drop,CIP,Air,Pre-PQ Process,7/15/2009,07-Aug-09,07-Aug-09,07-Aug-09,ARV,Adult,ABBOTT LABORATORIES (PUERTO RICO),"Lopinavir/Ritonavir 200/50mg [Aluvia], tablets, 120 Tabs",Lopinavir/Ritonavir,Aluvia,10mg+ml+/,Tablet,120,"2,733",224625.27,82.19,0.68,ABBVIE Ludwigshafen Germany,TRUE,589,$314 ,440.27
"2,647",104-CI-T01,Pre-PQ Process,SCMS-28,ASN-16,Côte d'Ivoire,PMO - US,Direct Drop,EXW,Air,Pre-PQ Process,Date Not Captured,06-Sep-06,06-Sep-06,06-Sep-06,HRDT,HIV test,BIO-RAD LABORATORIES (FRANCE),"#108853** HIV, Genie II HIV-1/HIV-2 Kit, 40 Tests","HIV, Genie II HIV-1/HIV-2 Kit",Genie,10mg+ml+/,Test kit,40,100,7535.00,75.35,1.88,Bio-Rad Laboratories,TRUE,107,"$1,845.74 ",
"2,654",106-HT-T01,Pre-PQ Process,SCMS-73,ASN-59,Haiti,PMO - US,Direct Drop,EXW,Air,Pre-PQ Process,Date Not Captured,09-Oct-06,09-Oct-06,09-Oct-06,HRDT,HIV test,"Trinity Biotech, Plc","HIV 1/2, Capillus HIV Kit, 100 Tests","HIV 1/2, Capillus HIV Kit",Capillus,10mg+ml+/,Test kit,100,45,7875.00,175,1.75,Not Applicable,TRUE,29,$854.34 ,
"2,655",108-VN-T01,Pre-PQ Process,SCMS-80,ASN-49,Vietnam,PMO - US,Direct Drop,EXW,Air,Pre-PQ Process,Date Not Captured,01-Sep-06,01-Sep-06,01-Sep-06,ARV,Adult,"GILEAD SCIENCES IRELAND, INC.","Tenofovir Disoproxil Fumarate 300mg [Viread], tablets, 30 Tabs",Tenofovir Disoproxil Fumarate,Viread,10mg+ml+/,Tablet,30,"1,000",17000.00,17,0.57,Gilead(Nycomed) Oranienburg DE,TRUE,61,"$7,682.69 ",
"3,358",116-ZA-T01,Pre-PQ Process,SCMS-28830,ASN-2503,South Africa,PMO - US,Direct Drop,DDP,Truck,Pre-PQ Process,Date Not Captured,25-Aug-08,14-Aug-08,14-Aug-08,ARV,Adult,S. BUYS WHOLESALER,"Stavudine 40mg [Zerit], capsules, 60 Caps",Stavudine,Zerit,80+20mg+ml,Capsule,60,130,644.80,4.96,0.08,"BMS Meymac, France",FALSE,Weight Captured Separately,Freight Included in Commodity Cost,1.03
"3,359",116-ZA-T01,Pre-PQ Process,SCMS-28830,ASN-2502,South Africa,PMO - US,Direct Drop,DDP,Truck,Pre-PQ Process,Date Not Captured,25-Aug-08,18-Aug-08,18-Aug-08,ARV,Adult,S. BUYS WHOLESALER,"Abacavir 300mg [Ziagen], tablets, Blister 6 x 10 Tabs",Abacavir,Ziagen,10mg+ml+/,Tablet - blister,60,40,1337.20,33.43,0.56,GSK Ware (UK),FALSE,Weight Captured Separately,Freight Included in Commodity Cost,2.14
"3,490",116-ZA-T01,Pre-PQ Process,SCMS-33320,ASN-3553,South Africa,PMO - US,Direct Drop,DDP,Truck,Pre-PQ Process,Date Not Captured,17-May-09,09-Oct-08,09-Oct-08,ARV,Adult,S. BUYS WHOLESALER,"Stavudine 30mg [Zerit], capsules, 60 Caps",Stavudine,Zerit,20mg+ml+/,Capsule,60,"1,200",5772.00,4.81,0.08,"BMS Meymac, France",FALSE,Weight Captured Separately,Freight Included in Commodity Cost,11.31
"3,735",116-ZA-T01,Pre-PQ Process,SCMS-40780,ASN-3607,South Africa,PMO - US,Direct Drop,DDP,Air,Pre-PQ Process,Date Not Captured,17-Mar-09,28-Nov-08,28-Nov-08,ARV,Adult,S. BUYS WHOLESALER,"Stavudine 15mg [Zerit], capsules, 60 Caps",Stavudine,Zerit,80+20mg+ml,Capsule,60,"1,000",3970.00,3.97,0.07,"BMS Meymac, France",FALSE,Weight Captured Separately,Freight Included in Commodity Cost,7.78
"2,680",110-ZM-T01,Pre-PQ Process,SCMS-137,ASN-95,Zambia,PMO - US,Direct Drop,EXW,Air,Pre-PQ Process,Date Not Captured,29-Jan-07,29-Jan-07,29-Jan-07,ARV,Pediatric,Aurobindo Pharma Limited,"Abacavir 20mg/ml, oral solution, Bottle, 240 ml",Abacavir,Generic,10mg+ml+/,Oral solution,240,906,19071.30,21.05,0.09,"Aurobindo Unit III, India",TRUE,316,"$3,850.80 ",
"2,681",110-ZM-T01,Pre-PQ Process,SCMS-138,ASN-86,Zambia,PMO - US,Direct Drop,EXW,Air,Pre-PQ Process,Date Not Captured,13-Nov-06,13-Nov-06,13-Nov-06,ARV,Adult,Aurobindo Pharma Limited,"Lamivudine/Zidovudine 150/300mg, tablets, 60 Tabs",Lamivudine/Zidovudine,Generic,20mg+ml+/,Tablet - FDC,60,"38,780",432009.20,11.14,0.19,"Aurobindo Unit III, India",TRUE,3217,"$14,364.29 ",
"3,736",116-ZA-T01,Pre-PQ Process,SCMS-40780,ASN-3607,South Africa,PMO - US,Direct Drop,DDP,Air,Pre-PQ Process,Date Not Captured,17-Mar-09,28-Nov-08,28-Nov-08,ARV,Adult,S. BUYS WHOLESALER,"Stavudine 30mg, capsules, 60 Caps",Stavudine,Generic,80+20mg+ml,Capsule,60,"3,675",9371.25,2.55,0.04,"Aurobindo Unit III, India",FALSE,Weight Captured Separately,Freight Included in Commodity Cost,18.37
"3,737",116-ZA-T01,Pre-PQ Process,SCMS-40790,ASN-3575,South Africa,PMO - US,Direct Drop,DDP,Air,Pre-PQ Process,Date Not Captured,24-Mar-09,01-Dec-08,01-Dec-08,ARV,Pediatric,S. BUYS WHOLESALER,"Efavirenz 200mg, capsule, 90 Caps",Efavirenz,Generic,80+20mg+ml,Capsule,90,824,15515.92,18.83,0.21,"Aurobindo Unit III, India",FALSE,Weight Captured Separately,Freight Included in Commodity Cost,30.41
"2,685",110-ZM-T01,Pre-PQ Process,SCMS-163,ASN-123,Zambia,PMO - US,Direct Drop,EXW,Air,Pre-PQ Process,Date Not Captured,20-Dec-06,20-Dec-06,20-Dec-06,ARV,Adult,Aurobindo Pharma Limited,"Efavirenz 600mg, tablets, 30 Tabs",Efavirenz,Generic,10mg+ml+/,Tablet,30,"60,784",1018132.00,16.75,0.56,"Aurobindo Unit III, India",TRUE,11179,"$49,824.57 ",
"2,686",108-VN-T01,Pre-PQ Process,SCMS-168,ASN-276,Vietnam,PMO - US,Direct Drop,EXW,Air,Pre-PQ Process,11/14/2006,14-Mar-07,14-Mar-07,14-Mar-07,ARV,Pediatric,Aurobindo Pharma Limited,"Zidovudine 10mg/ml, oral solution, Bottle, 240 ml",Zidovudine,Generic,10mg+ml+/,Oral solution,240,"1,000",5050.00,5.05,0.02,"Aurobindo Unit III, India",TRUE,3822,"$25,124.12 ",
"3,738",116-ZA-T01,Pre-PQ Process,SCMS-40820,ASN-3609,South Africa,PMO - US,Direct Drop,DDP,Air,Pre-PQ Process,Date Not Captured,14-Apr-09,04-Dec-08,04-Dec-08,ARV,Adult,S. BUYS WHOLESALER,"Nevirapine 200mg [Viramune], tablets, 60 Tabs",Nevirapine,Viramune,80+20mg+ml,Tablet,60,"10,560",163046.40,15.44,0.26,"Boehringer Ing., Koropi, GR",TRUE,Weight Captured Separately,Freight Included in Commodity Cost,319.57
"2,705",106-HT-T01,Pre-PQ Process,SCMS-276,ASN-194,Haiti,PMO - US,Direct Drop,EXW,Air,Pre-PQ Process,Date Not Captured,07-Feb-07,07-Feb-07,07-Feb-07,HRDT,HIV test,Orasure Technologies Inc.,"HIV 1/2, OraQuick Advance HIV Rapid Antibody Kit, 100 Tests","HIV 1/2, OraQuick Advance HIV Rapid Antibody Kit",OraQuick,10mg+ml+/,Test kit,100,25,10000.00,400,4,"Pacific Biotech, Thailand",TRUE,60,"$1,498.02 ",
"2,708",108-VN-T01,Pre-PQ Process,SCMS-313,ASN-542,Vietnam,PMO - US,Direct Drop,EXW,Air,Pre-PQ Process,02-07-07,09-Jul-07,09-Jul-07,09-Jul-07,ARV,Adult,CIPLA LIMITED,"Lamivudine/Nevirapine/Stavudine 150/200/30mg, tablets, 60 Tabs",Lamivudine/Nevirapine/Stavudine,Generic,10mg+ml+/,Tablet - FDC,60,"25,000",187500.00,7.5,0.12,"Cipla, Goa, India",TRUE,2336,"$21,150.56 ",300
"3,739",116-ZA-T01,Pre-PQ Process,SCMS-40890,ASN-3585,South Africa,PMO - US,Direct Drop,DDP,Air,Pre-PQ Process,Date Not Captured,19-May-09,02-Jan-09,02-Jan-09,ARV,Adult,S. BUYS WHOLESALER,"Lamivudine 150mg [Epivir], tablets, 60 Tabs",Lamivudine,Epivir,80+20mg+ml,Tablet,60,"10,000",56800.00,5.68,0.09,GSK Cape Town Factory (South Africa),TRUE,Weight Captured Separately,Freight Included in Commodity Cost,111.33
"2,733",104-CI-T01,Pre-PQ Process,SCMS-593,ASN-452,Côte d'Ivoire,PMO - US,Direct Drop,EXW,Air,Pre-PQ Process,05-01-07,28-Jun-07,28-Jun-07,28-Jun-07,HRDT,HIV test,Orasure Technologies Inc.,"HIV 1/2, OraQuick Advance HIV Rapid Antibody Kit, 100 Tests","HIV 1/2, OraQuick Advance HIV Rapid Antibody Kit",OraQuick,80+20mg+ml,Test kit,100,50,20000.00,400,4,"Pacific Biotech, Thailand",TRUE,120,"$3,004.62 ",
"2,740",102-NG-T01,Pre-PQ Process,SCMS-687,ASN-544,Nigeria,PMO - US,Direct Drop,EXW,Air,Pre-PQ Process,06-08-07,10-Jul-07,10-Jul-07,10-Jul-07,HRDT,HIV test,"CHEMBIO DIAGNOSTIC SYSTEMS, INC.","HIV 1/2, Stat-Pak HIV, Kit, 20 Tests","HIV 1/2, Stat-Pak HIV, Kit",Stat-Pak,80+20mg+ml,Test kit,20,"10,000",270000.00,27,1.35,Chembio Diagnostics Sys. Inc.,TRUE,3045,"$28,118.58 ",432
"2,741",102-NG-T01,Pre-PQ Process,SCMS-687,ASN-587,Nigeria,PMO - US,Direct Drop,EXW,Air,Pre-PQ Process,06-08-07,10-Jul-07,03-Aug-07,03-Aug-07,HRDT,HIV test,"CHEMBIO DIAGNOSTIC SYSTEMS, INC.","HIV 1/2, Stat-Pak HIV, Kit, 20 Tests","HIV 1/2, Stat-Pak HIV, Kit",Stat-Pak,80+20mg+ml,Test kit,20,"11,500",310500.00,27,1.35,Chembio Diagnostics Sys. Inc.,TRUE,3276,"$43,664.71 ",496.8
"2,756",102-NG-T01,Pre-PQ Process,SCMS-599,ASN-522,Nigeria,PMO - US,Direct Drop,EXW,Air,Pre-PQ Process,6/21/2007,04-Jul-07,04-Jul-07,04-Jul-07,HRDT,HIV test,"CHEMBIO DIAGNOSTIC SYSTEMS, INC.","HIV 1/2, Stat-Pak HIV, Kit, 20 Tests","HIV 1/2, Stat-Pak HIV, Kit",Stat-Pak,80+20mg+ml,Test kit,20,"8,000",216000.00,27,1.35,Chembio Diagnostics Sys. Inc.,TRUE,2603,"$22,838.29 ",345.6
"2,765",108-VN-T01,Pre-PQ Process,SCMS-749,ASN-737,Vietnam,PMO - US,Direct Drop,EXW,Air,Pre-PQ Process,07-03-07,02-Oct-07,02-Oct-07,02-Oct-07,ARV,Adult,Aurobindo Pharma Limited,"Efavirenz 600mg, tablets, 30 Tabs",Efavirenz,Generic,10mg+ml+/,Tablet,30,"22,500",277425.00,12.33,0.41,"Aurobindo Unit III, India",TRUE,2895,"$18,045.24 ",443.88
"3,743",116-ZA-T01,Pre-PQ Process,SCMS-41040,ASN-3623,South Africa,PMO - US,Direct Drop,DDP,Air,Pre-PQ Process,Date Not Captured,07-Apr-09,03-Dec-08,03-Dec-08,ARV,Adult,S. BUYS WHOLESALER,"Nevirapine 200mg [Viramune], tablets, 60 Tabs",Nevirapine,Viramune,80+20mg+ml,Tablet,60,"1,560",23649.60,15.16,0.25,"Boehringer Ing., Koropi, GR",FALSE,Weight Captured Separately,Freight Included in Commodity Cost,46.35
"2,767",108-VN-T01,Pre-PQ Process,SCMS-752,ASN-884,Vietnam,PMO - US,Direct Drop,CIP,Air,Pre-PQ Process,07-03-07,08-Nov-07,08-Nov-07,08-Nov-07,ARV,Pediatric,BRISTOL-MYERS SQUIBB,"Didanosine 25mg [Videx], chewable tablets, 60 Tabs",Didanosine,Videx,10mg+ml+/,Chewable/dispersible tablet,60,800,5600.00,7,0.12,"BMS Meymac, France",TRUE,161,"$2,514.05 ",8.96
"2,785",108-VN-T01,Pre-PQ Process,SCMS-10060,ASN-639,Vietnam,PMO - US,Direct Drop,FCA,Air,Pre-PQ Process,7/20/2007,10-Sep-07,10-Sep-07,10-Sep-07,ARV,Pediatric,ABBVIE LOGISTICS (FORMERLY ABBOTT LOGISTICS BV),"Lopinavir/Ritonavir 80/20mg/ml [Kaletra], oral solution, cool, Bottle 5 x 60 ml",Lopinavir/Ritonavir,Kaletra,80+20mg+ml,Oral solution,300,200,16440.00,82.2,0.27,ABBVIE (Abbott) Logis. UK,TRUE,340,"$2,326.10 ",26.3
"2,794",109-TZ-T01,Pre-PQ Process,SCMS-10310,ASN-893,Tanzania,PMO - US,Direct Drop,EXW,Air,Pre-PQ Process,Date Not Captured,19-Dec-07,19-Dec-07,19-Dec-07,HRDT,HIV test,"Standard Diagnostics, Inc.","HIV 1/2, Bioline 3.0 Kit, Lancets, Capillary pipets, Alcohol swabs included, 25 Tests","HIV 1/2, Bioline 3.0 Kit, Lancets, Capillary pipets, Alcohol swabs included",Bioline,20mg+ml+/,Test kit,25,"10,000",200000.00,20,0.8,"Standard Diagnostics, Korea",TRUE,3336,"$27,791.62 ",320
"2,795",109-TZ-T01,Pre-PQ Process,SCMS-10320,ASN-1114,Tanzania,PMO - US,Direct Drop,EXW,Air,Pre-PQ Process,8/15/2007,22-Jan-08,22-Jan-08,22-Jan-08,HRDT,HIV test,"Standard Diagnostics, Inc.","HIV 1/2, Bioline 3.0 Kit, Lancets, Capillary pipets, Alcohol swabs included, 25 Tests","HIV 1/2, Bioline 3.0 Kit, Lancets, Capillary pipets, Alcohol swabs included",Bioline,10mg+ml+/,Test kit,25,"5,000",100000.00,20,0.8,"Standard Diagnostics, Korea",TRUE,1456,"$14,505.37 ",160
"3,746",116-ZA-T01,Pre-PQ Process,SCMS-41080,ASN-3637,South Africa,PMO - US,Direct Drop,DDP,Air,Pre-PQ Process,Date Not Captured,26-May-09,22-Jan-09,22-Jan-09,ARV,Pediatric,S. BUYS WHOLESALER,"Stavudine 1mg/ml, powder for oral solution, 200 ml",Stavudine,Generic,1mg+ml+/,Oral solution,200,"3,000",5970.00,1.99,0.01,"Aurobindo Unit III, India",TRUE,Weight Captured Separately,Freight Included in Commodity Cost,11.7
"2,808",117-ET-T01,Pre-PQ Process,SCMS-11071,ASN-1039,Ethiopia,PMO - US,Direct Drop,EXW,Air,Pre-PQ Process,10-03-07,20-Nov-07,24-Dec-07,24-Dec-07,ARV,Adult,Aurobindo Pharma Limited,"Stavudine 30mg, capsules, 60 Caps",Stavudine,Generic,10mg+ml+/,Capsule,60,"35,065",54350.75,1.55,0.03,"Aurobindo Unit III, India",TRUE,2318,"$6,755.81 ",86.96
"2,823",102-GY-T01,Pre-PQ Process,SCMS-11670,ASN-967,Guyana,PMO - US,Direct Drop,EXW,Air,Pre-PQ Process,8/28/2007,03-Dec-07,03-Dec-07,03-Dec-07,HRDT,HIV test,"Trinity Biotech, Plc","HIV 1/2, Uni-Gold HIV Kit, 20 Tests","HIV 1/2, Uni-Gold HIV Kit",Uni-Gold,80+20mg+ml,Test kit,20,"2,220",71040.00,32,1.6,"Trinity Biotech, Plc",TRUE,732,"$6,524.19 ",113.66
"3,747",116-ZA-T01,Pre-PQ Process,SCMS-41100,ASN-4018,South Africa,PMO - US,Direct Drop,DDP,Air,Pre-PQ Process,3/13/2009,17-Jun-09,03-Apr-09,03-Apr-09,ARV,Adult,S. BUYS WHOLESALER,"Zidovudine 300mg, tablets, 60 Tabs",Zidovudine,Generic,80+20mg+ml,Tablet,60,"1,977",23091.36,11.68,0.19,"Aurobindo Unit III, India",TRUE,Weight Captured Separately,Freight Included in Commodity Cost,45.26
"3,748",116-ZA-T01,Pre-PQ Process,SCMS-41100,ASN-4670,South Africa,PMO - US,Direct Drop,DDP,Air,Pre-PQ Process,3/13/2009,17-Jun-09,17-Apr-09,17-Apr-09,ARV,Adult,S. BUYS WHOLESALER,"Efavirenz 600mg, tablets, 30 Tabs",Efavirenz,Generic,10mg+ml+/,Tablet,30,282,4314.60,15.3,0.51,"Aurobindo Unit III, India",TRUE,Weight Captured Separately,Freight Included in Commodity Cost,8.46
"3,749",116-ZA-T01,Pre-PQ Process,SCMS-41140,ASN-3752,South Africa,PMO - US,Direct Drop,DDP,Air,Pre-PQ Process,Date Not Captured,31-Mar-09,21-Nov-08,21-Nov-08,ARV,Pediatric,S. BUYS WHOLESALER,"Nevirapine 10mg/ml [Viramune], oral suspension, Bottle, 240 ml",Nevirapine,Viramune,20mg+ml+/,Oral suspension,240,30,312.60,10.42,0.04,"BI, Ingelheim, Germany",FALSE,Weight Captured Separately,Freight Included in Commodity Cost,0.61
"3,751",116-ZA-T01,Pre-PQ Process,SCMS-41190,ASN-3732,South Africa,PMO - US,Direct Drop,DDP,Air,Pre-PQ Process,Date Not Captured,30-Mar-09,21-Jan-09,21-Jan-09,ARV,Adult,S. BUYS WHOLESALER,"Didanosine EC 400mg [Videx EC], delayed-release capsules, Blister 3 x 10 Caps",Didanosine EC,Videx EC,80+20mg+ml,Delayed-release capsules - blister,30,60,1095.00,18.25,0.61,"BMS Meymac, France",FALSE,Weight Captured Separately,Freight Included in Commodity Cost,2.15
"2,927",107-RW-T01,Pre-PQ Process,SCMS-14140,ASN-1028,Rwanda,PMO - US,Direct Drop,EXW,Air,Pre-PQ Process,11/16/2007,10-Jan-08,10-Jan-08,10-Jan-08,HRDT,HIV test,"Trinity Biotech, Plc","HIV 1/2, Uni-Gold HIV Kit, 20 Tests","HIV 1/2, Uni-Gold HIV Kit",Uni-Gold,10mg+ml+/,Test kit,20,"4,500",144000.00,32,1.6,"Trinity Biotech, Plc",TRUE,2300,"$38,425.29 ",230.4
"3,752",116-ZA-T01,Pre-PQ Process,SCMS-41190,ASN-3732,South Africa,PMO - US,Direct Drop,DDP,Air,Pre-PQ Process,Date Not Captured,30-Mar-09,21-Jan-09,21-Jan-09,ARV,Pediatric,S. BUYS WHOLESALER,"Zidovudine 10mg/ml [Retrovir], solution for IV infusion injection, Vial 5 x 20 ml",Zidovudine,Retrovir,10mg+ml+/,Injection,5,10,125.10,12.51,2.5,GSK Ware (UK),FALSE,Weight Captured Separately,Freight Included in Commodity Cost,0.25
"3,753",116-ZA-T01,Pre-PQ Process,SCMS-41210,ASN-3737,South Africa,PMO - US,Direct Drop,DDP,Air,Pre-PQ Process,Date Not Captured,30-Mar-09,23-Jan-09,23-Jan-09,ARV,Adult,S. BUYS WHOLESALER,"Saquinavir 200mg [Invirase], capsules, 270 Caps",Saquinavir,Invirase,1mg+ml+/,Capsule,270,2,114.90,57.45,0.21,Roche Basel,TRUE,Weight Captured Separately,Freight Included in Commodity Cost,0.23
"3,754",116-ZA-T01,Pre-PQ Process,SCMS-41220,ASN-3739,South Africa,PMO - US,Direct Drop,DDP,Air,Pre-PQ Process,Date Not Captured,30-Mar-09,23-Jan-09,23-Jan-09,ARV,Adult,S. BUYS WHOLESALER,"Ritonavir 100mg [Norvir], capsules, cool, 84 Caps",Ritonavir,Norvir,10mg+ml+/,Capsule,84,20,147.00,7.35,0.09,ABBVIE (Abbott) Logis. UK,TRUE,Weight Captured Separately,Freight Included in Commodity Cost,0.29
"3,763",116-ZA-T01,Pre-PQ Process,SCMS-41461,ASN-4360,South Africa,PMO - US,Direct Drop,DDP,Air,Pre-PQ Process,3/18/2009,25-Jun-09,20-Apr-09,20-Apr-09,ARV,Pediatric,S. BUYS WHOLESALER,"Zidovudine 10mg/ml [Retrovir], solution for IV infusion injection, Vial 5 x 20 ml",Zidovudine,Retrovir,10mg+ml+/,Injection,5,334,4559.10,13.65,2.73,GSK Ware (UK),TRUE,Weight Captured Separately,Freight Included in Commodity Cost,8.94
"3,767",116-ZA-T01,Pre-PQ Process,SCMS-41582,ASN-4304,South Africa,PMO - US,Direct Drop,DDP,Air,Pre-PQ Process,3/27/2009,25-Jun-09,08-Apr-09,08-Apr-09,ARV-9fd6,Adult,S. BUYS WHOLESALER,"Efavirenz 600mg, tablets, 30 Tabs",Efavirenz,Generic,20mg+ml+/,Tablet,30,"3,500",44170.00,12.62,0.42,"Aurobindo Unit III, India",TRUE,Weight Captured Separately,Freight Included in Commodity Cost,86.57
"3,768",116-ZA-T01,Pre-PQ Process,SCMS-41582,ASN-4304,South Africa,PMO - US,Direct Drop,DDP,Air,Pre-PQ Process,3/27/2009,25-Jun-09,08-Apr-09,08-Apr-09,ARV-9fd6,Pediatric,S. BUYS WHOLESALER,"Efavirenz 200mg, capsule, 90 Caps",Efavirenz,Generic,10mg+ml+/,Capsule,90,"2,000",43360.00,21.68,0.24,"Aurobindo Unit III, India",FALSE,Weight Captured Separately,Freight Included in Commodity Cost,84.99
"3,769",116-ZA-T01,Pre-PQ Process,SCMS-41583,ASN-4339,South Africa,PMO - US,Direct Drop,DDP,Air,Pre-PQ Process,3/27/2009,25-Jun-09,09-Apr-09,09-Apr-09,ARV-9fd6,Adult,S. BUYS WHOLESALER,"Lopinavir/Ritonavir 200/50mg [Aluvia], tablets, 120 Tabs",Lopinavir/Ritonavir,Aluvia,80mg+ml+/,Tablet,120,"1,400",49532.00,35.38,0.29,ABBVIE Ludwigshafen Germany,TRUE,Weight Captured Separately,Freight Included in Commodity Cost,97.08
"3,008",102-NG-T01,Pre-PQ Process,SCMS-16890,ASN-2359,Nigeria,PMO - US,Direct Drop,EXW,Air,Pre-PQ Process,1/29/2008,19-Sep-08,19-Sep-08,19-Sep-08,HRDT,HIV test,"CHEMBIO DIAGNOSTIC SYSTEMS, INC.","HIV 1/2, Stat-Pak HIV, Kit, 20 Tests","HIV 1/2, Stat-Pak HIV, Kit",Stat-Pak,80+20mg+ml,Test kit,20,"9,048",244296.00,27,1.35,Chembio Diagnostics Sys. Inc.,TRUE,2985,"$20,635.30 ",390.87
"3,009",102-NG-T01,Pre-PQ Process,SCMS-16900,ASN-1381,Nigeria,PMO - US,Direct Drop,EXW,Air,Pre-PQ Process,1/29/2008,12-Mar-08,10-Mar-08,10-Mar-08,HRDT,HIV test,"Orgenics, Ltd","HIV 1/2, Determine HIV Kit, without Lancets, 100 Tests","HIV 1/2, Determine HIV Kit, without Lancets",Determine,80+20mg+ml,Test kit,100,"3,000",239970.00,79.99,0.8,Inverness Japan,TRUE,861,"$12,770.05 ",383.95
"3,010",102-NG-T01,Pre-PQ Process,SCMS-16900,ASN-1411,Nigeria,PMO - US,Direct Drop,EXW,Air,Pre-PQ Process,1/29/2008,12-Mar-08,12-Mar-08,12-Mar-08,HRDT,HIV test,"Orgenics, Ltd","HIV 1/2, Determine HIV Kit, without Lancets, 100 Tests","HIV 1/2, Determine HIV Kit, without Lancets",Determine,1mg+ml+/,Test kit,100,"3,199",255888.01,79.99,0.8,Inverness Japan,TRUE,550,"$8,213.59 ",409.42
"3,770",116-ZA-T01,Pre-PQ Process,SCMS-41583,ASN-4339,South Africa,PMO - US,Direct Drop,DDP,Air,Pre-PQ Process,3/27/2009,25-Jun-09,09-Apr-09,09-Apr-09,ARV-9fd6,Adult,S. BUYS WHOLESALER,"Stavudine 15mg [Zerit], capsules, 60 Caps",Stavudine,Zerit,10mg+ml+/,Capsule,60,"1,800",7110.00,3.95,0.07,"BMS Meymac, France",FALSE,Weight Captured Separately,Freight Included in Commodity Cost,13.94
"3,771",116-ZA-T01,Pre-PQ Process,SCMS-41585,ASN-4386,South Africa,PMO - US,Direct Drop,DDP,Air,Pre-PQ Process,3/27/2009,25-Jun-09,21-Apr-09,21-Apr-09,ARV-9fd6,Pediatric,S. BUYS WHOLESALER,"Zidovudine 100mg [Retrovir], capsules, 100 Caps",Zidovudine,Retrovir,30mg+ml+/,Capsule,100,800,9888.00,12.36,0.12,GSK Crawley,TRUE,Weight Captured Separately,Freight Included in Commodity Cost,19.38
"3,772",116-ZA-T01,Pre-PQ Process,SCMS-41580,ASN-4603,South Africa,PMO - US,Direct Drop,DDP,Truck,Pre-PQ Process,3/27/2009,25-Jun-09,05-Jun-09,05-Jun-09,ARV-9fd6,Adult,S. BUYS WHOLESALER,"Lamivudine 150mg, tablets, 60 Tabs",Lamivudine,Generic,10mg+ml+/,Tablet,60,36,254.88,7.08,0.12,"Aurobindo Unit III, India",TRUE,Weight Captured Separately,Freight Included in Commodity Cost,0.5
"3,040",110-ZM-T01,Pre-PQ Process,SCMS-18070,ASN-1576,Zambia,PMO - US,Direct Drop,EXW,Air,Pre-PQ Process,2/25/2008,22-Apr-08,05-May-08,05-May-08,HRDT,HIV test,"Orgenics, Ltd","HIV 1/2, Determine HIV Kit, without Lancets, 100 Tests","HIV 1/2, Determine HIV Kit, without Lancets",Determine,80+20mg+ml,Test kit,100,"2,000",143980.00,71.99,0.72,Inverness Japan,TRUE,455,"$4,113.16 ",230.37
"3,049",104-CI-T01,Pre-PQ Process,SCMS-18420,ASN-1468,Côte d'Ivoire,PMO - US,Direct Drop,EXW,Air,Pre-PQ Process,2/28/2008,08-Apr-08,08-Apr-08,08-Apr-08,HRDT,HIV test,"Orgenics, Ltd","HIV 1/2, Determine HIV Kit, without Lancets, 100 Tests","HIV 1/2, Determine HIV Kit, without Lancets",Determine,20mg+ml+/,Test kit,100,70,5039.30,71.99,0.72,Inverness Japan,TRUE,16,$515.48 ,8.06
"3,050",104-CI-T01,Pre-PQ Process,SCMS-18440,ASN-1563,Côte d'Ivoire,PMO - US,Direct Drop,EXW,Air,Pre-PQ Process,2/28/2008,25-Apr-08,25-Apr-08,25-Apr-08,HRDT,HIV test,"Orgenics, Ltd","HIV 1/2, Determine HIV Kit, without Lancets, 100 Tests","HIV 1/2, Determine HIV Kit, without Lancets",Determine,20mg+ml+/,Test kit,100,"1,116",78120.00,70,0.7,Inverness Japan,TRUE,255,"$5,303.05 ",124.99
"3,055",114-UG-T01,Pre-PQ Process,SCMS-18750,ASN-1611,Uganda,PMO - US,Direct Drop,EXW,Air,Pre-PQ Process,03-11-08,22-May-08,22-May-08,22-May-08,HRDT,HIV test,"Orgenics, Ltd","HIV 1/2, Determine HIV Kit, without Lancets, 100 Tests","HIV 1/2, Determine HIV Kit, without Lancets",Determine,80+20mg+ml,Test kit,100,850,61191.50,71.99,0.72,Inverness Japan,TRUE,194,"$2,642.45 ",97.91
"3,787",116-ZA-T01,Pre-PQ Process,SCMS-47350,ASN-4287,South Africa,PMO - US,Direct Drop,DDP,Truck,Pre-PQ Process,04-02-09,15-May-09,04-May-09,04-May-09,ARV-9fd6,Pediatric,S. BUYS WHOLESALER,"Zidovudine 100mg [Retrovir], capsules, 100 Caps",Zidovudine,Retrovir,80+20mg+ml,Capsule,100,30,371.10,12.37,0.12,GSK Crawley,TRUE,Weight Captured Separately,Freight Included in Commodity Cost,0.73
"3,840",104-CI-T01,Pre-PQ Process,SCMS-44820,ASN-4594,Côte d'Ivoire,PMO - US,Direct Drop,CIP,Air,Pre-PQ Process,4/24/2009,11-Aug-09,11-Aug-09,11-Aug-09,ARV-9fd6,Adult,GLAXOSMITHKLINE EXPORT LIMITED,"Abacavir/Lamivudine/Zidovudine 300/150/300mg [Trizivir], tablets, 60 Tabs",Abacavir/Lamivudine/Zidovudine,Trizivir,10mg+ml+/,Tablet - FDC,60,"2,048",109998.08,53.71,0.9,GSK Ware (UK),TRUE,Weight Captured Separately,Freight Included in Commodity Cost,215.6
"3,094",108-VN-T01,Pre-PQ Process,SCMS-20181,ASN-2023,Vietnam,PMO - US,Direct Drop,EXW,Air,Pre-PQ Process,3/31/2008,07-Jul-08,07-Jul-08,07-Jul-08,ARV,Adult,Aurobindo Pharma Limited,"Abacavir 300mg, tablets, 60 Tabs",Abacavir,Generic,80+20mg+ml,Tablet,60,520,13000.00,25,0.42,"Aurobindo Unit III, India",TRUE,137,"$5,260.46 ",20.8
"3,096",108-VN-T01,Pre-PQ Process,SCMS-20430,ASN-1887,Vietnam,PMO - US,Direct Drop,EXW,Air,Pre-PQ Process,3/31/2008,17-Jun-08,17-Jun-08,17-Jun-08,ARV,Adult,STRIDES ARCOLAB LIMITED,"Stavudine 30mg, capsules, 60 Caps",Stavudine,Generic,80+20mg+ml,Capsule,60,"2,576",3889.76,1.51,0.03,"Strides, Bangalore, India.",TRUE,121,"$2,789.74 ",6.22
"3,097",108-VN-T01,Pre-PQ Process,SCMS-20450,ASN-1888,Vietnam,PMO - US,Direct Drop,EXW,Air,Pre-PQ Process,3/31/2008,20-Jun-08,20-Jun-08,20-Jun-08,ARV,Adult,STRIDES ARCOLAB LIMITED,"Stavudine 30mg, capsules, 60 Caps",Stavudine,Generic,10mg+ml+/,Capsule,60,"2,464",3720.64,1.51,0.03,"Strides, Bangalore, India.",TRUE,114,"$2,879.96 ",5.95
"3,152",102-BW-T01,Pre-PQ Process,SCMS-22730,ASN-1956,Botswana,PMO - US,Direct Drop,EXW,Air,Pre-PQ Process,4/28/2008,31-Jul-08,31-Jul-08,31-Jul-08,HRDT,HIV test,"Orgenics, Ltd","HIV 1/2, Determine HIV Kit, without Lancets, 100 Tests","HIV 1/2, Determine HIV Kit, without Lancets",Determine,10mg+ml+/,Test kit,100,100,7199.00,71.99,0.72,Inverness Japan,TRUE,25,$641.04 ,11.52
"3,880",108-VN-T01,Pre-PQ Process,SCMS-46540,ASN-4487,Vietnam,PMO - US,Direct Drop,CIP,Air,Pre-PQ Process,5/27/2009,23-Jul-09,23-Jul-09,23-Jul-09,ARV-9fd6,Pediatric,BRISTOL-MYERS SQUIBB,"Didanosine 25mg [Videx], chewable tablets, 60 Tabs",Didanosine,Videx,10mg+ml+/,Chewable/dispersible tablet,60,120,840.00,7,0.12,"BMS Meymac, France",TRUE,Weight Captured Separately,Freight Included in Commodity Cost,1.65
"3,154",102-BW-T01,Pre-PQ Process,SCMS-22770,ASN-2234,Botswana,PMO - US,Direct Drop,EXW,Air,Pre-PQ Process,4/28/2008,20-Jan-09,03-Sep-08,03-Sep-08,HRDT,HIV test,"Orgenics, Ltd","HIV 1/2, Determine HIV Kit, without Lancets, 100 Tests","HIV 1/2, Determine HIV Kit, without Lancets",Determine,10mg+ml+/,Test kit,100,100,7199.00,71.99,0.72,Inverness Japan,TRUE,25,"$1,038.39 ",11.52
"3,894",116-ZA-T01,Pre-PQ Process,SCMS-47050,ASN-4819,South Africa,PMO - US,Direct Drop,DDP,Truck,Pre-PQ Process,06-05-09,12-Oct-09,21-Jul-09,21-Jul-09,ARV-9fd6,Adult,S. BUYS WHOLESALER,"Nevirapine 200mg [Viramune], tablets, 60 Tabs",Nevirapine,Viramune,20mg+ml+/,Tablet,60,360,7041.60,19.56,0.33,"Boehringer Ing., Koropi, GR",TRUE,Weight Captured Separately,Freight Included in Commodity Cost,13.8
"3,895",116-ZA-T01,Pre-PQ Process,SCMS-47050,ASN-4819,South Africa,PMO - US,Direct Drop,DDP,Truck,Pre-PQ Process,06-05-09,12-Oct-09,21-Jul-09,21-Jul-09,ARV-9fd6,Adult,S. BUYS WHOLESALER,"Didanosine EC 250mg [Videx EC], delayed-release capsules, Blister 3 x 10 Caps",Didanosine EC,Videx EC,20mg+ml+/,Delayed-release capsules - blister,30,40,678.80,16.97,0.57,"BMS Meymac, France",FALSE,Weight Captured Separately,Freight Included in Commodity Cost,1.33
"3,896",116-ZA-T01,Pre-PQ Process,SCMS-47051,ASN-4836,South Africa,PMO - US,Direct Drop,DDP,Truck,Pre-PQ Process,06-05-09,12-Oct-09,28-Jul-09,28-Jul-09,ARV-9fd6,Adult,S. BUYS WHOLESALER,"Zidovudine 300mg [Retrovir], tablets, 60 Tabs",Zidovudine,Retrovir,10mg+ml+/,Tablet,60,200,3136.00,15.68,0.26,GSK Ware (UK),FALSE,Weight Captured Separately,Freight Included in Commodity Cost,6.15
"3,897",116-ZA-T01,Pre-PQ Process,SCMS-47051,ASN-4836,South Africa,PMO - US,Direct Drop,DDP,Truck,Pre-PQ Process,06-05-09,12-Oct-09,28-Jul-09,28-Jul-09,ARV-9fd6,Pediatric,S. BUYS WHOLESALER,"Nevirapine 10mg/ml, oral suspension, Bottle, 240 ml",Nevirapine,Generic,10mg+ml+/,Oral suspension,240,30,328.20,10.94,0.05,"Aurobindo Unit III, India",FALSE,Weight Captured Separately,Freight Included in Commodity Cost,0.64
"3,202",106-HT-T01,Pre-PQ Process,SCMS-24060,ASN-2800,Haiti,PMO - US,Direct Drop,EXW,Air,Pre-PQ Process,5/23/2008,17-Nov-08,17-Nov-08,17-Nov-08,HRDT,HIV test,"Orgenics, Ltd","HIV 1/2, Determine HIV Kit, without Lancets, 100 Tests","HIV 1/2, Determine HIV Kit, without Lancets",Determine,80+20mg+ml,Test kit,100,"1,123",78610.00,70,0.7,Inverness Japan,TRUE,257,"$2,873.56 ",154.08
"3,245",110-ZM-T01,Pre-PQ Process,SCMS-25790,ASN-2399,Zambia,PMO - US,Direct Drop,EXW,Air,Pre-PQ Process,6/20/2008,26-Sep-08,26-Sep-08,26-Sep-08,HRDT,HIV test,"Trinity Biotech, Plc","HIV 1/2, Uni-Gold HIV Kit, 20 Tests","HIV 1/2, Uni-Gold HIV Kit",Uni-Gold,10mg+ml+/,Test kit,20,"9,000",288000.00,32,1.6,"Trinity Biotech, Plc",TRUE,3000,"$34,902.96 ",460.8
"3,261",108-VN-T01,Pre-PQ Process,SCMS-26380,ASN-2338,Vietnam,PMO - US,Direct Drop,EXW,Air,Pre-PQ Process,07-01-08,20-Sep-08,20-Sep-08,20-Sep-08,ARV,Adult,MYLAN LABORATORIES LTD (FORMERLY MATRIX LABORATORIES),"Tenofovir Disoproxil Fumarate 300mg, tablets, 30 Tabs",Tenofovir Disoproxil Fumarate,Generic,10mg+ml+/,Tablet,30,"2,016",24917.76,12.36,0.41,Mylan (formerly Matrix) Nashik,TRUE,120,"$5,921.97 ",39.87
"3,898",116-ZA-T01,Pre-PQ Process,SCMS-47051,ASN-4836,South Africa,PMO - US,Direct Drop,DDP,Truck,Pre-PQ Process,06-05-09,12-Oct-09,28-Jul-09,28-Jul-09,ARV-9fd6,Adult,S. BUYS WHOLESALER,"Saquinavir 200mg [Invirase], capsules, 270 Caps",Saquinavir,Invirase,80+20mg+ml,Capsule,270,30,2298.00,76.6,0.28,Roche Basel,FALSE,Weight Captured Separately,Freight Included in Commodity Cost,4.5
"3,292",133-NG-T01,Pre-PQ Process,SCMS-27050,ASN-2572,Nigeria,PMO - US,Direct Drop,EXW,Air,Pre-PQ Process,7/18/2008,07-Nov-08,21-Oct-08,21-Oct-08,HRDT,HIV test,"CHEMBIO DIAGNOSTIC SYSTEMS, INC.","HIV 1/2, Stat-Pak HIV, Kit, 20 Tests","HIV 1/2, Stat-Pak HIV, Kit",Stat-Pak,20mg+ml+/,Test kit,20,"12,315",332505.00,27,1.35,Chembio Diagnostics Sys. Inc.,TRUE,3508,"$29,954.15 ",532.01
"3,294",114-UG-T01,Pre-PQ Process,SCMS-27190,ASN-2391,Uganda,PMO - US,Direct Drop,CIP,Air,Pre-PQ Process,7/18/2008,09-Sep-08,09-Sep-08,09-Sep-08,ARV,Adult,BRISTOL-MYERS SQUIBB,"Didanosine EC 400mg [Videx EC], delayed-release capsules, Blister 3 x 10 Caps",Didanosine EC,Videx EC,10mg+ml+/,Delayed-release capsules - blister,30,50,1183.50,23.67,0.79,"BMS Meymac, France",TRUE,2,$330 ,1.89
"3,302",108-VN-T01,Pre-PQ Process,SCMS-27370,ASN-2806,Vietnam,PMO - US,Direct Drop,EXW,Air,Pre-PQ Process,7/24/2008,29-Nov-08,29-Nov-08,29-Nov-08,ARV,Adult,CIPLA LIMITED,"Lamivudine/Nevirapine/Stavudine 150/200/30mg, tablets, 60 Tabs",Lamivudine/Nevirapine/Stavudine,Generic,80+20mg+ml,Tablet - FDC,60,"1,440",10440.00,7.25,0.12,"Cipla, Goa, India",TRUE,128,"$2,147.61 ",20.46
"3,899",116-ZA-T01,Pre-PQ Process,SCMS-47070,ASN-4940,South Africa,PMO - US,Direct Drop,DDP,Truck,Pre-PQ Process,06-05-09,08-Sep-09,31-Aug-09,31-Aug-09,ARV-9fd6,Adult,S. BUYS WHOLESALER,"Tenofovir Disoproxil Fumarate 300mg [Viread], tablets, 30 Tabs",Tenofovir Disoproxil Fumarate,Viread,80+20mg+ml,Tablet,30,300,7440.00,24.8,0.83,"Aspen-OSD, Port Elizabeth, SA",TRUE,Weight Captured Separately,Freight Included in Commodity Cost,14.58
"3,354",117-ET-T01,Pre-PQ Process,SCMS-28690,ASN-2840,Ethiopia,PMO - US,Direct Drop,EXW,Air,Pre-PQ Process,8/22/2008,17-Nov-08,17-Nov-08,17-Nov-08,HRDT,HIV test,"SHANGHAI KEHUA BIOENGINEERING CO.,LTD.  (KHB)","HIV 1/2, SKB Colloidal Gold, Diagnostic Kit, Antibody, 50 Tests","HIV 1/2, Colloidal Gold, Diagnostic Kit, Antibody",Colloidal Gold,80+20mg+ml,Test kit,1,"6,998",160954.00,23,23,"KHB Test Kit Facility, Shanghai China",TRUE,4913,"$46,117.09 ",315.47
"4,025",104-CI-T01,Pre-PQ Process,SCMS-785,ASN-652,Côte d'Ivoire,PMO - US,Direct Drop,CIP,Air,Pre-PQ Process,07-11-07,27-Aug-07,27-Aug-07,27-Aug-07,ARV,Adult,BRISTOL-MYERS SQUIBB,"Stavudine 20mg [Zerit], capsules, 60 Caps",Stavudine,Zerit,20mg+ml+/,Capsule,60,"1,161",6548.04,5.64,0.09,"BMS Meymac, France",TRUE,Weight Captured Separately,Freight Included in Commodity Cost,10.48
"4,189",116-ZA-T01,Pre-PQ Process,SCMS-14050,ASN-1251,South Africa,PMO - US,Direct Drop,DDP,,Pre-PQ Process,11-12-07,29-Jan-08,29-Jan-08,29-Jan-08,ARV,Adult,"JSI R&T INSTITUTE, INC.","Zidovudine 300mg [Retrovir], tablets, 60 Tabs",Zidovudine,Retrovir,80+20mg+ml,Tablet,60,800,15408.00,19.26,0.32,GSK Aranda,FALSE,Weight Captured Separately,Freight Included in Commodity Cost,24.65
"4,190",116-ZA-T01,Pre-PQ Process,SCMS-14050,ASN-1252,South Africa,PMO - US,Direct Drop,DDP,,Pre-PQ Process,11-12-07,29-Jan-08,24-Jan-07,24-Jan-08,ARV,Adult,"JSI R&T INSTITUTE, INC.","Stavudine 30mg [Zerit], capsules, 60 Caps",Stavudine,Zerit,80mg+ml+/,Capsule,60,800,4792.00,5.99,0.1,"BMS Meymac, France",TRUE,Weight Captured Separately,Freight Included in Commodity Cost,7.67
"4,257",116-ZA-T01,Pre-PQ Process,SCMS-16600,ASN-1520,South Africa,PMO - US,Direct Drop,DDP,,Pre-PQ Process,01-04-08,21-Jan-08,04-Jan-08,04-Jan-08,ARV,Adult,"JSI R&T INSTITUTE, INC.","Nevirapine 200mg [Viramune], tablets, 60 Tabs",Nevirapine,Viramune,30mg+ml+/,Tablet,60,100,2318.00,23.18,0.39,"BI, Ingelheim, Germany",FALSE,Weight Captured Separately,Freight Included in Commodity Cost,3.71
"4,258",116-ZA-T01,Pre-PQ Process,SCMS-16600,ASN-1520,South Africa,PMO - US,Direct Drop,DDP,,Pre-PQ Process,01-04-08,21-Jan-08,04-Jan-08,04-Jan-08,ARV,Adult,"JSI R&T INSTITUTE, INC.","Zidovudine 300mg [Retrovir], tablets, 60 Tabs",Zidovudine,Retrovir,20mg+ml+/,Tablet,60,800,13960.00,17.45,0.29,GSK Aranda,FALSE,Weight Captured Separately,Freight Included in Commodity Cost,22.34
"3,378",111-MZ-T01,Pre-PQ Process,SCMS-29460,ASN-3047,Mozambique,PMO - US,Direct Drop,FCA,Air,Pre-PQ Process,8/29/2008,17-Feb-09,17-Feb-09,17-Feb-09,HRDT,HIV test,Abbott GmbH & Co. KG,"HIV 1/2, Determine Complete HIV Kit, 100 Tests","HIV 1/2, Determine Complete HIV Kit",Determine,10mg+ml+/,Test kit,100,"1,000",80000.00,80,0.8,ABBVIE GmbH & Co.KG Wiesbaden,TRUE,337,"$3,499.18 ",156.8
"3,386",111-MZ-T01,Pre-PQ Process,SCMS-29440,ASN-2403,Mozambique,PMO - US,Direct Drop,EXW,Air,Pre-PQ Process,8/29/2008,03-Oct-08,03-Oct-08,03-Oct-08,HRDT,HIV test,"Orgenics, Ltd","HIV 1/2, Determine HIV Kit, without Lancets, 100 Tests","HIV 1/2, Determine HIV Kit, without Lancets",Determine,20mg+ml+/,Test kit,100,"1,000",71990.00,71.99,0.72,Inverness Japan,TRUE,296,"$2,648.82 ",115.18
"3,419",104-CI-T01,Pre-PQ Process,SCMS-30420,ASN-2992,Côte d'Ivoire,PMO - US,Direct Drop,EXW,Air,Pre-PQ Process,9/18/2008,12-Dec-08,12-Dec-08,12-Dec-08,HRDT,HIV test,BIO-RAD LABORATORIES (FRANCE),"#108853** HIV, Genie II HIV-1/HIV-2 Kit, 40 Tests","HIV, Genie II HIV-1/HIV-2 Kit",Genie,80+20mg+ml,Test kit,40,862,65512.00,76,1.9,Bio-Rad Laboratories,TRUE,963,"$25,080.52 ",128.4
"3,421",131-NG-T01,Pre-PQ Process,SCMS-26482,ASN-2589,Nigeria,PMO - US,Direct Drop,CIP,Air,Pre-PQ Process,9/17/2008,10-Oct-08,10-Oct-08,10-Oct-08,ARV,Adult,MERCK SHARP & DOHME IDEA GMBH (FORMALLY MERCK SHARP & DOHME B.V.),"Efavirenz/Emtricitabine/Tenofovir Disoproxil Fumarate 600/200/300mg [Atripla], tablets, 30 Tabs",Efavirenz/Emtricitabine/Tenofovir Disoproxil Fumarate,Atripla,10mg+ml+/,Tablet - FDC,30,"5,900",297360.00,50.4,1.68,"MSD, Haarlem, NL",TRUE,493,"$1,727.20 ",475.78
"3,441",110-ZM-T01,Pre-PQ Process,SCMS-31390,ASN-3508,Zambia,PMO - US,Direct Drop,EXW,Air,Pre-PQ Process,10-02-08,18-Mar-09,18-Mar-09,18-Mar-09,HRDT,HIV test,"Orgenics, Ltd","HIV 1/2, Determine HIV Kit, without Lancets, 100 Tests","HIV 1/2, Determine HIV Kit, without Lancets",Determine,10mg+ml+/,Test kit,100,"5,500",395945.00,71.99,0.72,Inverness Japan,TRUE,1624,"$12,646.15 ",776.05
"3,456",108-VN-T01,Pre-PQ Process,SCMS-31730,ASN-3313,Vietnam,PMO - US,Direct Drop,EXW,Air,Pre-PQ Process,10/21/2008,23-Feb-09,23-Feb-09,23-Feb-09,ARV,Adult,Aurobindo Pharma Limited,"Lamivudine 150mg, tablets, 60 Tabs",Lamivudine,Generic,80+20mg+ml,Tablet,60,"6,156",14774.40,2.4,0.04,"Aurobindo Unit III, India",TRUE,1044,"$3,854.23 ",28.96
"3,457",119-NA-T01,Pre-PQ Process,SCMS-31810,ASN-3192,Namibia,PMO - US,Direct Drop,EXW,Air,Pre-PQ Process,10/14/2008,22-Jan-09,22-Jan-09,22-Jan-09,HRDT,HIV test,"Orgenics, Ltd","HIV 1/2, Determine Complete HIV Kit, 100 Tests","HIV 1/2, Determine Complete HIV Kit",Determine,80+20mg+ml,Test kit,100,150,10800.00,72,0.72,Inverness Japan,TRUE,46,"$2,946.64 ",21.17
"3,470",114-UG-T01,Pre-PQ Process,SCMS-32250,ASN-3001,Uganda,PMO - US,Direct Drop,CIP,Air,Pre-PQ Process,10/17/2008,09-Dec-08,09-Dec-08,09-Dec-08,ARV,Adult,BRISTOL-MYERS SQUIBB,"Didanosine EC 250mg [Videx EC], delayed-release capsules, Blister 3 x 10 Caps",Didanosine EC,Videx EC,30mg+ml+/,Delayed-release capsules - blister,30,50,917.00,18.34,0.61,"BMS Meymac, France",TRUE,2,$378 ,1.8
"3,479",117-ET-T01,Pre-PQ Process,SCMS-32630,ASN-3156,Ethiopia,PMO - US,Direct Drop,EXW,Air,Pre-PQ Process,10/27/2008,26-Jan-09,20-Jan-09,20-Jan-09,HRDT,HIV test,"SHANGHAI KEHUA BIOENGINEERING CO.,LTD.  (KHB)","HIV 1/2, SKB Colloidal Gold, Diagnostic Kit, Antibody, 50 Tests","HIV 1/2, Colloidal Gold, Diagnostic Kit, Antibody",Colloidal Gold,10mg+ml+/,Test kit,1,"3,510",80730.00,23,23,"KHB Test Kit Facility, Shanghai China",TRUE,2535,"$20,083.74 ",158.23
"4,259",116-ZA-T01,Pre-PQ Process,SCMS-16600,ASN-1520,South Africa,PMO - US,Direct Drop,DDP,,Pre-PQ Process,01-04-08,21-Jan-08,04-Jan-08,04-Jan-08,ARV,Pediatric,"JSI R&T INSTITUTE, INC.","Lamivudine 10mg/ml [Epivir], oral solution, Bottle, 240 ml",Lamivudine,Epivir,80+20mg+ml,Oral solution,240,300,2049.00,6.83,0.03,GSK Mississauga (Canada),FALSE,Weight Captured Separately,Freight Included in Commodity Cost,3.28
"3,499",109-TZ-T01,Pre-PQ Process,SCMS-33700,ASN-3080,Tanzania,PMO - US,Direct Drop,EXW,Air,Pre-PQ Process,11/14/2008,19-Jan-09,19-Jan-09,19-Jan-09,HRDT,HIV test,"Trinity Biotech, Plc","HIV 1/2, Uni-Gold HIV Kit, 20 Tests","HIV 1/2, Uni-Gold HIV Kit",Uni-Gold,80mg+ml+/,Test kit,20,839,26848.00,32,1.6,"Trinity Biotech, Plc",TRUE,284,"$3,261.37 ",52.62
"3,507",133-NG-T01,Pre-PQ Process,SCMS-33830,ASN-3231,Nigeria,PMO - US,Direct Drop,EXW,Air,Pre-PQ Process,11/20/2008,05-Feb-09,05-Feb-09,05-Feb-09,HRDT,HIV test,"Orgenics, Ltd","HIV 1/2, Determine Complete HIV Kit, 100 Tests","HIV 1/2, Determine Complete HIV Kit",Determine,10mg+ml+/,Test kit,100,"5,259",420720.00,80,0.8,Inverness Japan,TRUE,1584,"$22,775.45 ",824.61
"4,290",116-ZA-T01,Pre-PQ Process,SCMS-17720,ASN-1530,South Africa,PMO - US,Direct Drop,DDP,Truck,Pre-PQ Process,1/21/2008,05-Feb-08,04-Feb-08,04-Feb-08,ARV,Adult,"JSI R&T INSTITUTE, INC.","Didanosine EC 400mg [Videx EC], delayed-release capsules, Blister 3 x 10 Caps",Didanosine EC,Videx EC,80+20mg+ml,Delayed-release capsules - blister,30,800,21720.00,27.15,0.9,"BMS Meymac, France",TRUE,Weight Captured Separately,Freight Included in Commodity Cost,34.75
"3,551",102-GY-T01,Pre-PQ Process,SCMS-35560,ASN-3481,Guyana,PMO - US,Direct Drop,EXW,Air,Pre-PQ Process,12-10-08,17-Mar-09,13-Mar-09,13-Mar-09,HRDT,HIV test,"Trinity Biotech, Plc","HIV 1/2, Uni-Gold HIV Kit, 20 Tests","HIV 1/2, Uni-Gold HIV Kit",Uni-Gold,80+20mg+ml,Test kit,20,"1,062",33984.00,32,1.6,"Trinity Biotech, Plc",TRUE,355,"$4,457.29 ",66.61
"3,552",102-GY-T01,Pre-PQ Process,SCMS-35570,ASN-3511,Guyana,PMO - US,Direct Drop,EXW,Air,Pre-PQ Process,12-11-08,17-Mar-09,17-Mar-09,17-Mar-09,HRDT,HIV test,"Orgenics, Ltd","HIV 1/2, Determine Complete HIV Kit, 100 Tests","HIV 1/2, Determine Complete HIV Kit",Determine,10mg+ml+/,Test kit,100,213,15336.00,72,0.72,Inverness Japan,TRUE,64,"$1,083.36 ",30.06
"3,615",108-VN-T01,Pre-PQ Process,SCMS-37210,ASN-3631,Vietnam,PMO - US,Direct Drop,EXW,Air,Pre-PQ Process,1/16/2009,11-Apr-09,11-Apr-09,11-Apr-09,ARV,Adult,MYLAN LABORATORIES LTD (FORMERLY MATRIX LABORATORIES),"Zidovudine 300mg, tablets, 60 Tabs",Zidovudine,Generic,10mg+ml+/,Tablet,60,336,2520.00,7.5,0.12,Mylan (formerly Matrix) Nashik,TRUE,18,"$2,525.73 ",4.94
"4,331",129-KG-T01,Pre-PQ Process,SCMS-19110,ASN-1801,Kyrgyzstan,PMO - US,Direct Drop,DDP,Air,Pre-PQ Process,3/18/2008,14-Jun-08,14-Jun-08,14-Jun-08,HRDT,HIV test,"Orgenics, Ltd","HIV 1/2, DoubleCheck II Kit, 40 Tests","HIV 1/2, DoubleCheck II Kit",DoubleCheck,10mg+ml+/,Test kit,40,500,39500.00,79,1.98,Not Applicable,TRUE,Weight Captured Separately,Freight Included in Commodity Cost,63.2
"3,674",107-RW-T01,Pre-PQ Process,SCMS-38690,ASN-3633,Rwanda,PMO - US,Direct Drop,EXW,Air,Pre-PQ Process,2/18/2009,01-Apr-09,01-Apr-09,01-Apr-09,HRDT,HIV test,"Orgenics, Ltd","HIV 1/2, Determine HIV Kit, without Lancets, 100 Tests","HIV 1/2, Determine HIV Kit, without Lancets",Determine,80+20mg+ml,Test kit,100,386,27020.00,70,0.7,Inverness Japan,TRUE,88,"$3,936.25 ",52.96
"4,347",116-ZA-T01,Pre-PQ Process,SCMS-19800,ASN-1665,South Africa,PMO - US,Direct Drop,DDP,Truck,Pre-PQ Process,2/20/2008,24-Apr-08,24-Apr-08,24-Apr-08,ARV,Pediatric,S. BUYS WHOLESALER,"Lamivudine 10mg/ml [Epivir], oral solution, Bottle, 240 ml",Lamivudine,Epivir,30mg+ml+/,Oral solution,240,"1,000",6410.00,6.41,0.03,GSK Mississauga (Canada),FALSE,Weight Captured Separately,Freight Included in Commodity Cost,10.26
"3,719",106-HT-T01,Pre-PQ Process,SCMS-40030,ASN-3749,Haiti,PMO - US,Direct Drop,FCA,Air,Pre-PQ Process,03-06-09,15-Apr-09,15-Apr-09,15-Apr-09,ARV,Adult,ABBVIE LOGISTICS (FORMERLY ABBOTT LOGISTICS BV),"Lopinavir/Ritonavir 200/50mg [Aluvia], tablets, 120 Tabs",Lopinavir/Ritonavir,Aluvia,10mg+ml+/,Tablet,120,"1,470",60417.00,41.1,0.34,ABBVIE Ludwigshafen Germany,TRUE,362,"$2,490.67 ",118.42
"4,432",106-HT-T01,Pre-PQ Process,SCMS-22780,ASN-1680,Haiti,PMO - US,Direct Drop,DDP,Air,Pre-PQ Process,4/28/2008,18-Apr-08,03-Jan-08,03-Jan-08,HRDT,HIV test,REINBOLD EXPORT IMPORT,"HIV 1/2, Determine Complete HIV Kit, 100 Tests","HIV 1/2, Determine Complete HIV Kit",Determine,10mg+ml+/,Test kit,100,30,2550.00,85,0.85,Inverness Japan,TRUE,Weight Captured Separately,Freight Included in Commodity Cost,4.08
"4,461",116-ZA-T01,Pre-PQ Process,SCMS-23500,ASN-2293,South Africa,PMO - US,Direct Drop,DDP,Truck,Pre-PQ Process,Date Not Captured,20-Aug-08,08-May-08,08-May-08,ARV,Pediatric,S. BUYS WHOLESALER,"Didanosine 25mg [Videx], chewable tablets, 60 Tabs",Didanosine,Videx,10mg+ml+/,Chewable/dispersible tablet,60,4,52.96,13.24,0.22,"BMS Meymac, France",FALSE,Weight Captured Separately,Freight Included in Commodity Cost,0.08
"4,531",116-ZA-T01,Pre-PQ Process,SCMS-25540,ASN-2295,South Africa,PMO - US,Direct Drop,DDP,Truck,Pre-PQ Process,Date Not Captured,12-Jun-08,09-Jun-08,09-Jun-08,ARV,Adult,S. BUYS WHOLESALER,"Tenofovir Disoproxil Fumarate 300mg [Viread], tablets, 30 Tabs",Tenofovir Disoproxil Fumarate,Viread,80+20mg+ml,Tablet,30,400,9536.00,23.84,0.79,"Aspen-OSD, Port Elizabeth, SA",FALSE,Weight Captured Separately,Freight Included in Commodity Cost,15.26
"4,567",109-TZ-T01,Pre-PQ Process,SCMS-23611,ASN-2727,Tanzania,PMO - US,Direct Drop,CIP,Air,Pre-PQ Process,5/15/2008,03-Nov-08,03-Nov-08,03-Nov-08,ARV,Adult,BRISTOL-MYERS SQUIBB,"Didanosine EC 400mg [Videx EC], delayed-release capsules, Blister 3 x 10 Caps",Didanosine EC,Videx EC,30mg+ml+/,Delayed-release capsules - blister,30,"2,597",61470.99,23.67,0.79,"BMS Meymac, France",TRUE,Weight Captured Separately,Freight Included in Commodity Cost,120.48
"4,646",102-NG-T01,Pre-PQ Process,SCMS-28650,ASN-3202,Nigeria,PMO - US,Direct Drop,DDP,Air,Pre-PQ Process,8/20/2008,27-Aug-08,27-Aug-08,27-Aug-08,HRDT,HIV test,BUNDI INTERNATIONAL DIAGNOSTICS LTD,"HIV 1/2, Bundi Rapid HIV Kit, 25 Tests","HIV 1/2, Bundi Rapid HIV Kit",Bundi,10mg+ml+/,Test kit,1,"1,369",51337.50,37.5,37.5,BUNDI INTERNATIONAL DIAGNOSTICS LTD,TRUE,Weight Captured Separately,Freight Included in Commodity Cost,100.62
"4,794",110-ZM-T01,Pre-PQ Process,SCMS-33150,ASN-3308,Zambia,PMO - US,Direct Drop,CIP,Air,Pre-PQ Process,11-04-08,20-Feb-09,20-Feb-09,20-Feb-09,ARV-9fd6,Pediatric,BRISTOL-MYERS SQUIBB,"Didanosine 25mg [Videx], chewable tablets, 60 Tabs",Didanosine,Videx,80+20mg+ml,Chewable/dispersible tablet,60,545,3815.00,7,0.12,"BMS Meymac, France",TRUE,Weight Captured Separately,Freight Included in Commodity Cost,7.48
"3,745",116-ZA-T01,Pre-PQ Process,SCMS-41050,ASN-3635,South Africa,PMO - US,Direct Drop,DDP,Air,Pre-PQ Process,Date Not Captured,21-Apr-09,05-Dec-08,05-Dec-08,ARV,Pediatric,S. BUYS WHOLESALER,"Efavirenz 50mg [Stocrin/Sustiva], capsule, 30 Caps",Efavirenz,Stocrin/Sustiva,10mg+ml+/,Capsule,30,360,849.60,2.36,0.08,"MSD Midrand, J'burg, SA",TRUE,Weight Captured Separately,"$4,230.75 ",1.67
"4,798",116-ZA-T01,Pre-PQ Process,SCMS-33320,ASN-3553,South Africa,PMO - US,Direct Drop,DDP,Truck,Pre-PQ Process,Date Not Captured,17-May-09,09-Oct-08,09-Oct-08,ARV,Pediatric,S. BUYS WHOLESALER,"Efavirenz 50mg [Stocrin/Sustiva], capsule, 30 Caps",Efavirenz,Stocrin/Sustiva,10mg+ml+/,Capsule,30,200,592.00,2.96,0.1,"MSD Midrand, J'burg, SA",FALSE,Weight Captured Separately,Freight Included in Commodity Cost,1.16
"5,032",116-ZA-T01,Pre-PQ Process,SCMS-40780,ASN-3607,South Africa,PMO - US,Direct Drop,DDP,Air,Pre-PQ Process,Date Not Captured,17-Mar-09,28-Nov-08,28-Nov-08,ARV,Adult,S. BUYS WHOLESALER,"Efavirenz 600mg, tablets, 30 Tabs",Efavirenz,Generic,80+20mg+ml,Tablet,30,"7,000",113050.00,16.15,0.54,"Aurobindo Unit III, India",FALSE,Weight Captured Separately,Freight Included in Commodity Cost,221.58
"5,033",116-ZA-T01,Pre-PQ Process,SCMS-40780,ASN-3607,South Africa,PMO - US,Direct Drop,DDP,Air,Pre-PQ Process,Date Not Captured,17-Mar-09,28-Nov-08,28-Nov-08,ARV,Adult,S. BUYS WHOLESALER,"Nevirapine 200mg, tablets, 60 Tabs",Nevirapine,Generic,10mg+ml+/,Tablet,60,983,4875.68,4.96,0.08,"Aurobindo Unit III, India",FALSE,Weight Captured Separately,Freight Included in Commodity Cost,9.56
"5,034",116-ZA-T01,Pre-PQ Process,SCMS-40790,ASN-3575,South Africa,PMO - US,Direct Drop,DDP,Air,Pre-PQ Process,Date Not Captured,24-Mar-09,01-Dec-08,01-Dec-08,ARV,Adult,S. BUYS WHOLESALER,"Stavudine 30mg, capsules, 60 Caps",Stavudine,Generic,20mg+ml+/,Capsule,60,"1,325",3339.00,2.52,0.04,"Aurobindo Unit III, India",FALSE,Weight Captured Separately,Freight Included in Commodity Cost,6.54
"5,035",116-ZA-T01,Pre-PQ Process,SCMS-40810,ASN-3634,South Africa,PMO - US,Direct Drop,DDP,Air,Pre-PQ Process,Date Not Captured,31-Mar-09,02-Dec-08,02-Dec-08,ARV,Adult,S. BUYS WHOLESALER,"Nevirapine 200mg [Viramune], tablets, 60 Tabs",Nevirapine,Viramune,80+20mg+ml,Tablet,60,"2,880",44812.80,15.56,0.26,"Boehringer Ing., Koropi, GR",FALSE,Weight Captured Separately,Freight Included in Commodity Cost,87.83
"5,036",116-ZA-T01,Pre-PQ Process,SCMS-40850,ASN-3611,South Africa,PMO - US,Direct Drop,DDP,Air,Pre-PQ Process,Date Not Captured,16-Jun-09,28-Jan-09,28-Jan-09,ARV-9fd6,Adult,S. BUYS WHOLESALER,"Zidovudine 300mg, tablets, 60 Tabs",Zidovudine,Generic,80+20mg+ml,Tablet,60,"6,800",82620.00,12.15,0.2,"Aurobindo Unit III, India",TRUE,Weight Captured Separately,Freight Included in Commodity Cost,161.94
"5,037",116-ZA-T01,Pre-PQ Process,SCMS-40880,ASN-3610,South Africa,PMO - US,Direct Drop,DDP,Air,Pre-PQ Process,Date Not Captured,07-Jul-09,02-Feb-09,02-Feb-09,ARV-9fd6,Adult,S. BUYS WHOLESALER,"Efavirenz 600mg, tablets, 30 Tabs",Efavirenz,Generic,10mg+ml+/,Tablet,30,"3,414",49810.26,14.59,0.49,"Cipla, Goa, India",TRUE,Weight Captured Separately,Freight Included in Commodity Cost,97.63
"5,041",116-ZA-T01,Pre-PQ Process,SCMS-41040,ASN-3623,South Africa,PMO - US,Direct Drop,DDP,Air,Pre-PQ Process,Date Not Captured,07-Apr-09,03-Dec-08,03-Dec-08,ARV,Adult,S. BUYS WHOLESALER,"Zidovudine 300mg [Retrovir], tablets, 60 Tabs",Zidovudine,Retrovir,10mg+ml+/,Tablet,60,"5,000",62750.00,12.55,0.21,GSK Aranda,FALSE,Weight Captured Separately,Freight Included in Commodity Cost,122.99
"5,042",116-ZA-T01,Pre-PQ Process,SCMS-41060,ASN-3624,South Africa,PMO - US,Direct Drop,DDP,Air,Pre-PQ Process,Date Not Captured,05-May-09,23-Dec-08,23-Dec-08,ARV,Adult,S. BUYS WHOLESALER,"Efavirenz 600mg, tablets, 30 Tabs",Efavirenz,Generic,10mg+ml+/,Tablet,30,"6,215",102609.65,16.51,0.55,"Aurobindo Unit III, India",FALSE,Weight Captured Separately,Freight Included in Commodity Cost,201.11
"5,043",116-ZA-T01,Pre-PQ Process,SCMS-41060,ASN-3624,South Africa,PMO - US,Direct Drop,DDP,Air,Pre-PQ Process,Date Not Captured,05-May-09,23-Dec-08,23-Dec-08,ARV,Pediatric,S. BUYS WHOLESALER,"Efavirenz 50mg [Stocrin/Sustiva], capsule, 30 Caps",Efavirenz,Stocrin/Sustiva,20mg+ml+/,Capsule,30,"3,000",7470.00,2.49,0.08,"MSD Midrand, J'burg, SA",FALSE,Weight Captured Separately,Freight Included in Commodity Cost,14.64
"5,044",116-ZA-T01,Pre-PQ Process,SCMS-41080,ASN-3637,South Africa,PMO - US,Direct Drop,DDP,Air,Pre-PQ Process,Date Not Captured,26-May-09,22-Jan-09,22-Jan-09,ARV-9fd6,Pediatric,S. BUYS WHOLESALER,"Efavirenz 50mg, capsule, 30 Caps",Efavirenz,Generic,20mg+ml+/,Capsule,30,500,1530.00,3.06,0.1,"Aurobindo Unit III, India",FALSE,Weight Captured Separately,Freight Included in Commodity Cost,3
"5,045",116-ZA-T01,Pre-PQ Process,SCMS-41140,ASN-3752,South Africa,PMO - US,Direct Drop,DDP,Air,Pre-PQ Process,Date Not Captured,31-Mar-09,21-Nov-08,21-Nov-08,ARV,Adult,S. BUYS WHOLESALER,"Efavirenz 600mg, tablets, 30 Tabs",Efavirenz,Generic,1mg+ml+/,Tablet,30,"1,200",14532.00,12.11,0.4,"Cipla, Goa, India",FALSE,Weight Captured Separately,Freight Included in Commodity Cost,28.48
"5,046",116-ZA-T01,Pre-PQ Process,SCMS-41140,ASN-3752,South Africa,PMO - US,Direct Drop,DDP,Air,Pre-PQ Process,Date Not Captured,31-Mar-09,21-Nov-08,21-Nov-08,ARV,Adult,S. BUYS WHOLESALER,"Tenofovir Disoproxil Fumarate 300mg [Viread], tablets, 30 Tabs",Tenofovir Disoproxil Fumarate,Viread,20mg+ml+/,Tablet,30,500,8820.00,17.64,0.59,"Aspen-OSD, Port Elizabeth, SA",FALSE,Weight Captured Separately,Freight Included in Commodity Cost,17.29
"5,047",116-ZA-T01,Pre-PQ Process,SCMS-41140,ASN-3752,South Africa,PMO - US,Direct Drop,DDP,Air,Pre-PQ Process,Date Not Captured,31-Mar-09,21-Nov-08,21-Nov-08,ARV,Adult,S. BUYS WHOLESALER,"Emtricitabine/Tenofovir Disoproxil Fumarate 200/300mg [Truvada], tablets, 30 Tabs",Emtricitabine/Tenofovir Disoproxil Fumarate,Truvada,10mg+ml+/,Tablet - FDC,30,80,2336.00,29.2,0.97,"Aspen-OSD, Port Elizabeth, SA",FALSE,Weight Captured Separately,Freight Included in Commodity Cost,4.58
"5,048",116-ZA-T01,Pre-PQ Process,SCMS-41150,ASN-3759,South Africa,PMO - US,Direct Drop,DDP,Air,Pre-PQ Process,Date Not Captured,01-Apr-09,21-Nov-08,21-Nov-08,ARV,Pediatric,S. BUYS WHOLESALER,"Ritonavir 80mg/ml [Norvir], oral solution, cool, Bottle, 90 ml",Ritonavir,Norvir,80+20mg+ml,Oral solution,90,1,5.97,5.97,0.07,ABBVIE (Abbott) France,TRUE,Weight Captured Separately,Freight Included in Commodity Cost,0.01
"5,050",116-ZA-T01,Pre-PQ Process,SCMS-41180,ASN-3778,South Africa,PMO - US,Direct Drop,DDP,Air,Pre-PQ Process,Date Not Captured,03-Apr-09,11-Feb-09,11-Feb-09,ARV-9fd6,Adult,S. BUYS WHOLESALER,"Stavudine 20mg [Zerit], capsules, 60 Caps",Stavudine,Zerit,80+20mg+ml,Capsule,60,300,1179.00,3.93,0.07,"BMS Meymac, France",TRUE,Weight Captured Separately,Freight Included in Commodity Cost,2.31
"3,781",144-BW-T01,Pre-PQ Process,SCMS-41880,ASN-4323,Botswana,PMO - US,Direct Drop,EXW,Air,Pre-PQ Process,3/25/2009,10-Jul-09,10-Jul-09,10-Jul-09,HRDT,HIV test,Orasure Technologies Inc.,"HIV 1/2, OraQuick Advance HIV Rapid Antibody Kit, 100 Tests","HIV 1/2, OraQuick Advance HIV Rapid Antibody Kit",OraQuick,10mg+ml+/,Test kit,100,20,7000.00,350,3.5,"Pacific Biotech, Thailand",TRUE,48,$684.42 ,13.72
"5,051",116-ZA-T01,Pre-PQ Process,SCMS-41190,ASN-3732,South Africa,PMO - US,Direct Drop,DDP,Air,Pre-PQ Process,Date Not Captured,30-Mar-09,21-Jan-09,21-Jan-09,ARV-9fd6,Pediatric,S. BUYS WHOLESALER,"Efavirenz 50mg [Stocrin/Sustiva], capsule, 30 Caps",Efavirenz,Stocrin/Sustiva,80+20mg+ml,Capsule,30,80,188.80,2.36,0.08,"MSD Midrand, J'burg, SA",FALSE,Weight Captured Separately,Freight Included in Commodity Cost,0.37
"3,808",102-KE-T01,Pre-PQ Process,SCMS-42961,ASN-4648,Kenya,PMO - US,Direct Drop,EXW,Air,Pre-PQ Process,5/14/2009,07-Aug-09,28-Aug-09,28-Aug-09,HRDT,HIV test,"Orgenics, Ltd","HIV 1/2, Determine Complete HIV Kit, 100 Tests","HIV 1/2, Determine Complete HIV Kit",Determine,10mg+ml+/,Test kit,100,"7,500",600000.00,80,0.8,Inverness Japan,TRUE,2215,"$17,974.65 ","1,176"
"3,828",107-RW-T01,Pre-PQ Process,SCMS-43870,ASN-4687,Rwanda,PMO - US,Direct Drop,CIP,Air,Pre-PQ Process,4/15/2009,21-Sep-09,21-Sep-09,21-Sep-09,ARV-9fd6,Adult,MYLAN LABORATORIES LTD (FORMERLY MATRIX LABORATORIES),"Lamivudine/Nevirapine/Zidovudine 150/200/300mg, tablets, 60 Tabs",Lamivudine/Nevirapine/Zidovudine,Generic,10mg+ml+/,Tablet - FDC,60,"54,432",641753.28,11.79,0.2,Mylan (formerly Matrix) Nashik,TRUE,7278,"$61,925.70 ","1,257.84"
"3,839",139-NA-T01,Pre-PQ Process,SCMS-44720,ASN-4047,Namibia,PMO - US,Direct Drop,EXW,Air,Pre-PQ Process,4/20/2009,20-May-09,20-May-09,20-May-09,HRDT,HIV test,"Orgenics, Ltd","HIV 1/2, Determine HIV Kit, without Lancets, 100 Tests","HIV 1/2, Determine HIV Kit, without Lancets",Determine,10mg+ml+/,Test kit,100,180,12600.00,70,0.7,Inverness Japan,TRUE,43,"$2,760.11 ",24.7
"5,052",116-ZA-T01,Pre-PQ Process,SCMS-41190,ASN-3732,South Africa,PMO - US,Direct Drop,DDP,Air,Pre-PQ Process,Date Not Captured,30-Mar-09,21-Jan-09,21-Jan-09,ARV-9fd6,Adult,S. BUYS WHOLESALER,"Saquinavir 200mg [Invirase], capsules, 270 Caps",Saquinavir,Invirase,10mg+ml+/,Capsule,270,28,1578.92,56.39,0.21,Roche Basel,FALSE,Weight Captured Separately,Freight Included in Commodity Cost,3.09
"3,846",108-VN-T01,Pre-PQ Process,SCMS-45000,ASN-4371,Vietnam,PMO - US,Direct Drop,EXW,Air,Pre-PQ Process,4/29/2009,21-Jul-09,21-Jul-09,21-Jul-09,ARV-9fd6,Adult,CIPLA LIMITED,"Lamivudine/Nevirapine/Stavudine 150/200/30mg, tablets, 60 Tabs",Lamivudine/Nevirapine/Stavudine,Generic,20mg+ml+/,Tablet - FDC,60,"35,616",240408.00,6.75,0.11,"Cipla, Goa, India",TRUE,3479,"$10,048.10 ",471.2
"3,848",108-VN-T01,Pre-PQ Process,SCMS-45020,ASN-4403,Vietnam,PMO - US,Direct Drop,EXW,Air,Pre-PQ Process,4/29/2009,03-Aug-09,03-Aug-09,03-Aug-09,ARV-9fd6,Adult,MYLAN LABORATORIES LTD (FORMERLY MATRIX LABORATORIES),"Efavirenz 600mg, tablets, 30 Tabs",Efavirenz,Generic,10mg+ml+/,Tablet,30,"6,552",42588.00,6.5,0.22,Mylan (formerly Matrix) Nashik,TRUE,524,"$4,453.71 ",83.47
"3,851",108-VN-T01,Pre-PQ Process,SCMS-45070,ASN-4419,Vietnam,PMO - US,Direct Drop,EXW,Air,Pre-PQ Process,4/29/2009,10-Jul-09,10-Jul-09,10-Jul-09,ARV-9fd6,Adult,Aurobindo Pharma Limited,"Stavudine 30mg, capsules, 60 Caps",Stavudine,Generic,30mg+ml+/,Capsule,60,"15,960",23142.00,1.45,0.02,"Aurobindo Unit III, India",TRUE,1815,"$9,931.49 ",45.36
"5,053",116-ZA-T01,Pre-PQ Process,SCMS-41190,ASN-3732,South Africa,PMO - US,Direct Drop,DDP,Air,Pre-PQ Process,Date Not Captured,30-Mar-09,21-Jan-09,21-Jan-09,ARV-9fd6,Pediatric,S. BUYS WHOLESALER,"Efavirenz 200mg [Stocrin/Sustiva], capsule, 90 Caps",Efavirenz,Stocrin/Sustiva,20mg+ml+/,Capsule,90,30,829.50,27.65,0.31,"MSD Midrand, J'burg, SA",FALSE,Weight Captured Separately,Freight Included in Commodity Cost,1.63
"3,870",102-BW-T01,Pre-PQ Process,SCMS-46070,ASN-4144,Botswana,PMO - US,Direct Drop,EXW,Air,Pre-PQ Process,5/27/2009,12-Jun-09,12-Jun-09,12-Jun-09,HRDT,HIV test,Orasure Technologies Inc.,"HIV 1/2, OraQuick Advance HIV Rapid Antibody Kit, 100 Tests","HIV 1/2, OraQuick Advance HIV Rapid Antibody Kit",OraQuick,80+20mg+ml,Test kit,100,1,350.00,350,3.5,"Pacific Biotech, Thailand",TRUE,3,$597.43 ,0.69
"5,058",116-ZA-T01,Pre-PQ Process,SCMS-41465,ASN-4614,South Africa,PMO - US,Direct Drop,DDP,Air,Pre-PQ Process,3/18/2009,25-Jun-09,25-Jun-09,25-Jun-09,ARV-9fd6,Pediatric,S. BUYS WHOLESALER,"Lamivudine 10mg/ml, oral solution, Bottle, 240 ml",Lamivudine,Generic,20mg+ml+/,Oral solution,240,108,610.20,5.65,0.02,"Aurobindo Unit III, India",TRUE,Weight Captured Separately,Freight Included in Commodity Cost,1.2
"5,059",116-ZA-T01,Pre-PQ Process,SCMS-41586,ASN-4387,South Africa,PMO - US,Direct Drop,DDP,Air,Pre-PQ Process,3/27/2009,25-Jun-09,15-Apr-09,15-Apr-09,ARV-9fd6,Adult,S. BUYS WHOLESALER,"Lamivudine 150mg, tablets, 60 Tabs",Lamivudine,Generic,10mg+ml+/,Tablet,60,"9,620",68109.60,7.08,0.12,"Aurobindo Unit III, India",TRUE,Weight Captured Separately,Freight Included in Commodity Cost,133.49
"5,076",116-ZA-T01,Pre-PQ Process,SCMS-42260,ASN-4333,South Africa,PMO - US,Direct Drop,DDP,Truck,Pre-PQ Process,04-02-09,21-Apr-09,17-Apr-09,17-Apr-09,ARV-9fd6,Adult,S. BUYS WHOLESALER,"Tenofovir Disoproxil Fumarate 300mg [Viread], tablets, 30 Tabs",Tenofovir Disoproxil Fumarate,Viread,80+20mg+ml,Tablet,30,250,5315.00,21.26,0.71,"Aspen-OSD, Port Elizabeth, SA",TRUE,Weight Captured Separately,Freight Included in Commodity Cost,10.42
"5,081",116-ZA-T01,Pre-PQ Process,SCMS-42430,ASN-4226,South Africa,PMO - US,Direct Drop,DDP,Truck,Pre-PQ Process,Date Not Captured,15-May-09,15-May-09,15-May-09,ARV,Pediatric,S. BUYS WHOLESALER,"Efavirenz 200mg [Stocrin/Sustiva], capsule, 90 Caps",Efavirenz,Stocrin/Sustiva,10mg+ml+/,Capsule,90,100,3220.00,32.2,0.36,"MSD Midrand, J'burg, SA",TRUE,Weight Captured Separately,Freight Included in Commodity Cost,6.31
"5,083",116-ZA-T01,Pre-PQ Process,SCMS-47380,ASN-4285,South Africa,PMO - US,Direct Drop,DDP,Truck,Pre-PQ Process,04-02-09,15-May-09,21-Apr-09,21-Apr-09,ARV,Adult,S. BUYS WHOLESALER,"Lopinavir/Ritonavir 200/50mg [Aluvia], tablets, 120 Tabs",Lopinavir/Ritonavir,Aluvia,10mg+ml+/,Tablet,120,400,14400.00,36,0.3,ABBVIE Ludwigshafen Germany,TRUE,Weight Captured Separately,Freight Included in Commodity Cost,28.22
"5,194",116-ZA-T01,Pre-PQ Process,SCMS-47050,ASN-4819,South Africa,PMO - US,Direct Drop,DDP,Truck,Pre-PQ Process,06-05-09,12-Oct-09,21-Jul-09,21-Jul-09,ARV,Adult,S. BUYS WHOLESALER,"Abacavir 300mg [Ziagen], tablets, Blister 6 x 10 Tabs",Abacavir,Ziagen,10mg+ml+/,Tablet - blister,60,30,1081.80,36.06,0.6,GSK Ware (UK),FALSE,Weight Captured Separately,Freight Included in Commodity Cost,2.12
"5,195",116-ZA-T01,Pre-PQ Process,SCMS-47051,ASN-4836,South Africa,PMO - US,Direct Drop,DDP,Truck,Pre-PQ Process,06-05-09,12-Oct-09,28-Jul-09,28-Jul-09,ARV,Adult,S. BUYS WHOLESALER,"Lopinavir/Ritonavir 200/50mg [Aluvia], tablets, 120 Tabs",Lopinavir/Ritonavir,Aluvia,10mg+ml+/,Tablet,120,200,8396.00,41.98,0.35,ABBVIE Ludwigshafen Germany,FALSE,Weight Captured Separately,Freight Included in Commodity Cost,16.46
"3,926",100-CI-T01,Pre-PQ Process,SCMS-2,ASN-4,Côte d'Ivoire,PMO - US,Direct Drop,EXW,Air,Pre-PQ Process,Date Not Captured,10-May-06,10-May-06,10-May-06,HRDT,HIV test,OMEGA DIAGNOSTICS LTD,"HIV 1/2, Visitect Kit, 25 Tests","HIV 1/2, Visitect Kit",Visitect,20mg+ml+/,Test kit,25,44,1375.00,31.25,1.25,"OMEGA Diagnostics, UK",TRUE,15,$633.73 ,
"3,955",114-UG-T01,Pre-PQ Process,SCMS-157,ASN-127,Uganda,PMO - US,Direct Drop,EXW,Air,Pre-PQ Process,Date Not Captured,21-Dec-06,21-Dec-06,21-Dec-06,ARV-9fd6,Adult,Aurobindo Pharma Limited,"Lamivudine/Zidovudine 150/300mg, tablets, 60 Tabs",Lamivudine/Zidovudine,Generic,10mg+ml+/,Tablet - FDC,60,"5,080",55880.00,11,0.18,"Aurobindo Unit III, India",TRUE,1172,"$5,595.44 ",
"3,956",108-VN-T01,Pre-PQ Process,SCMS-171,ASN-294,Vietnam,PMO - US,Direct Drop,FCA,Air,Pre-PQ Process,11/13/2006,27-Mar-07,27-Mar-07,27-Mar-07,ARV,Adult,Hoffmann-La Roche ltd Basel,"Nelfinavir (as mesilate) 250mg [Viracept], tablets, 270 Tabs",Nelfinavir (as mesilate),Viracept,10mg+ml+/,Tablet,270,200,32688.00,163.44,0.61,Roche Madrid,TRUE,54,"$13,981.96 ",
"3,970",107-RW-T01,Pre-PQ Process,SCMS-288,ASN-170,Rwanda,PMO - US,Direct Drop,EXW,Air,Pre-PQ Process,12/28/2006,17-Jan-07,17-Jan-07,17-Jan-07,HRDT,HIV test,Premier Medical Corporation Ltd.,"HIV 1/2/O, First Response HIV 1-2.0, v.3.0 Cards Kit, 30 Tests","HIV 1/2/O, First Response HIV 1-2.0, v.3.0 Cards Kit",First Response,20mg+ml+/,Test kit,30,"2,000",42000.00,21,0.7,Premier Med. Corp Ltd. India,TRUE,600,"$5,714.31 ",
"3,971",107-RW-T01,Pre-PQ Process,SCMS-290,ASN-191,Rwanda,PMO - US,Direct Drop,EXW,Air,Pre-PQ Process,12/29/2006,25-Jan-07,09-Mar-07,09-Mar-07,HRDT,HIV test,"Trinity Biotech, Plc","HIV 1/2, Uni-Gold HIV Kit, 20 Tests","HIV 1/2, Uni-Gold HIV Kit",Uni-Gold,80+20mg+ml,Test kit,20,500,20000.00,40,2,"Trinity Biotech, Plc",TRUE,173,"$17,928.53 ",
"3,972",110-ZM-T01,Pre-PQ Process,SCMS-291,ASN-161,Zambia,PMO - US,Direct Drop,EXW,Air,Pre-PQ Process,Date Not Captured,20-Nov-06,20-Nov-06,20-Nov-06,HRDT,HIV test,Abbott GmbH & Co. KG,"HIV 1/2, Determine Complete HIV Kit, 100 Tests","HIV 1/2, Determine Complete HIV Kit",Determine,20mg+ml+/,Test kit,100,"2,500",200000.00,80,0.8,ABBVIE GmbH & Co.KG Wiesbaden,TRUE,857354,"$5,157.65 ",
"3,976",110-ZM-T01,Pre-PQ Process,SCMS-352,ASN-200,Zambia,PMO - US,Direct Drop,EXW,Air,Pre-PQ Process,Date Not Captured,20-Feb-07,20-Feb-07,20-Feb-07,HRDT,HIV test,"Standard Diagnostics, Inc.","HIV 1/2, Bioline 3.0 Kit, Lancets, Capillary pipets, Alcohol swabs included, 25 Tests","HIV 1/2, Bioline 3.0 Kit, Lancets, Capillary pipets, Alcohol swabs included",Bioline,10mg+ml+/,Test kit,25,400,8000.00,20,0.8,"Standard Diagnostics, Korea",TRUE,134,$963.73 ,
"3,989",100-HT-T01,Pre-PQ Process,SCMS-540,ASN-362,Haiti,PMO - US,Direct Drop,EXW,Air,Pre-PQ Process,04-04-07,08-May-07,08-May-07,08-May-07,HRDT,HIV test,"Trinity Biotech, Plc","HIV 1/2, Capillus HIV Kit, 100 Tests","HIV 1/2, Capillus HIV Kit",Capillus,80+20mg+ml,Test kit,100,125,17375.00,139,1.39,"Trinity Biotech, Plc",TRUE,78,"$4,702.79 ",
"3,992",102-NG-T01,Pre-PQ Process,SCMS-592,ASN-528,Nigeria,PMO - US,Direct Drop,EXW,Air,Pre-PQ Process,5/13/2007,19-Jun-07,06-Aug-07,06-Aug-07,HRDT,HIV test,Abbott GmbH & Co. KG,"HIV 1/2, Determine Complete HIV Kit, 100 Tests","HIV 1/2, Determine Complete HIV Kit",Determine,80+20mg+ml,Test kit,100,"1,500",120000.00,80,0.8,ABBVIE GmbH & Co.KG Wiesbaden,TRUE,512,"$3,906.29 ",192
"4,021",108-VN-T01,Pre-PQ Process,SCMS-762,ASN-634,Vietnam,PMO - US,Direct Drop,FCA,Air,Pre-PQ Process,07-04-07,10-Sep-07,10-Sep-07,10-Sep-07,ARV,Adult,ABBVIE LOGISTICS (FORMERLY ABBOTT LOGISTICS BV),"Lopinavir/Ritonavir 200/50mg [Aluvia], tablets, 120 Tabs",Lopinavir/Ritonavir,Aluvia,80+20mg+ml,Tablet,120,"1,000",82190.00,82.19,0.68,ABBVIE Ludwigshafen Germany,TRUE,226,"$2,923.46 ",131.5
"5,201",104-CI-T01,Pre-PQ Process,SCMS-42241,ASN-4812,Côte d'Ivoire,PMO - US,Direct Drop,CIP,Air,Pre-PQ Process,3/30/2009,15-Sep-09,15-Sep-09,15-Sep-09,ARV,Pediatric,ABBVIE LOGISTICS (FORMERLY ABBOTT LOGISTICS BV),"Lopinavir/Ritonavir 80/20mg/ml [Kaletra], oral solution, cool, Bottle 5 x 60 ml",Lopinavir/Ritonavir,Kaletra,80+20mg+ml,Oral solution,300,20,822.00,41.1,0.14,ABBVIE (Abbott) Logis. UK,TRUE,Weight Captured Separately,Freight Included in Commodity Cost,1.61
"5,303",113-ZW-T01,Pre-PQ Process,SCMS-348,ASN-286,Zimbabwe,PMO - US,Direct Drop,CIP,Air,Pre-PQ Process,1/19/2007,19-Mar-07,19-Mar-07,19-Mar-07,ARV,Pediatric,BRISTOL-MYERS SQUIBB,"Didanosine 50mg [Videx], chewable tablets, 60 Tabs",Didanosine,Videx,10mg+ml+/,Chewable/dispersible tablet,60,54,513.00,9.5,0.16,"BMS Meymac, France",TRUE,Weight Captured Separately,Freight Included in Commodity Cost,
"4,044",109-TZ-T01,Pre-PQ Process,SCMS-10260,ASN-698,Tanzania,PMO - US,Direct Drop,EXW,Air,Pre-PQ Process,Date Not Captured,16-Oct-07,16-Oct-07,16-Oct-07,HRDT,HIV test,"Standard Diagnostics, Inc.","HIV 1/2, Bioline 3.0 Kit, Lancets, Capillary pipets, Alcohol swabs included, 25 Tests","HIV 1/2, Bioline 3.0 Kit, Lancets, Capillary pipets, Alcohol swabs included",Bioline,10mg+ml+/,Test kit,25,"10,000",200000.00,20,0.8,"Standard Diagnostics, Korea",TRUE,3338,"$28,466.06 ",320
"4,045",109-TZ-T01,Pre-PQ Process,SCMS-10340,ASN-2700,Tanzania,PMO - US,Direct Drop,EXW,Air,Pre-PQ Process,9/17/2008,19-Nov-08,19-Nov-08,19-Nov-08,HRDT,HIV test,"Standard Diagnostics, Inc.","HIV 1/2, Bioline 3.0 Kit, Lancets, Capillary pipets, Alcohol swabs included, 25 Tests","HIV 1/2, Bioline 3.0 Kit, Lancets, Capillary pipets, Alcohol swabs included",Bioline,20mg+ml+/,Test kit,25,"10,000",200000.00,20,0.8,"Standard Diagnostics, Korea",TRUE,3112,"$22,856.02 ",392
"5,364",104-CI-T01,Pre-PQ Process,SCMS-10070,ASN-640,Côte d'Ivoire,PMO - US,Direct Drop,CIP,Air,Pre-PQ Process,05-09-07,24-Aug-07,24-Aug-07,24-Aug-07,ARV,Pediatric,BRISTOL-MYERS SQUIBB,"Didanosine 50mg [Videx], chewable tablets, 60 Tabs",Didanosine,Videx,30mg+ml+/,Chewable/dispersible tablet,60,"1,577",14981.50,9.5,0.16,"BMS Meymac, France",TRUE,309,Freight Included in Commodity Cost,23.97
"4,100",104-CI-T01,Pre-PQ Process,SCMS-12370,ASN-823,Côte d'Ivoire,PMO - US,Direct Drop,EXW,Air,Pre-PQ Process,9/18/2007,25-Oct-07,25-Oct-07,25-Oct-07,HRDT,HIV test,"CHEMBIO DIAGNOSTIC SYSTEMS, INC.","HIV 1/2, Stat-Pak HIV, Kit, 20 Tests","HIV 1/2, Stat-Pak HIV, Kit",Stat-Pak,80+20mg+ml,Test kit,20,250,6750.00,27,1.35,Chembio Diagnostics Sys. Inc.,TRUE,68,"$1,711.86 ",10.8
"5,507",116-ZA-T01,Pre-PQ Process,SCMS-14050,ASN-1251,South Africa,PMO - US,Direct Drop,DDP,,Pre-PQ Process,11-12-07,29-Jan-08,29-Jan-08,29-Jan-08,ARV,Adult,"JSI R&T INSTITUTE, INC.","Efavirenz 600mg [Stocrin/Sustiva], tablets, 30 Tabs",Efavirenz,Stocrin/Sustiva,80+20mg+ml,Tablet,30,600,12996.00,21.66,0.72,"MSD Midrand, J'burg, SA",FALSE,Weight Captured Separately,Freight Included in Commodity Cost,20.79
"5,508",116-ZA-T01,Pre-PQ Process,SCMS-14050,ASN-1251,South Africa,PMO - US,Direct Drop,DDP,,Pre-PQ Process,11-12-07,29-Jan-08,29-Jan-08,29-Jan-08,ARV,Pediatric,"JSI R&T INSTITUTE, INC.","Ritonavir 80mg/ml [Norvir], oral solution, cool, Bottle, 90 ml",Ritonavir,Norvir,80+20mg+ml,Oral solution,90,3,28.95,9.65,0.11,ABBVIE (Abbott) France,FALSE,Weight Captured Separately,Freight Included in Commodity Cost,0.05
"5,509",116-ZA-T01,Pre-PQ Process,SCMS-14050,ASN-1251,South Africa,PMO - US,Direct Drop,DDP,,Pre-PQ Process,11-12-07,29-Jan-08,29-Jan-08,29-Jan-08,ARV,Adult,"JSI R&T INSTITUTE, INC.","Lopinavir/Ritonavir 133.3/33.3mg [Kaletra], capsules, cool, 2 x 90 Caps",Lopinavir/Ritonavir,Kaletra,10mg+ml+/,Capsule,180,400,19304.00,48.26,0.27,ABBVIE (Abbott) Logis. UK,FALSE,Weight Captured Separately,Freight Included in Commodity Cost,30.89
"4,193",107-RW-T01,Pre-PQ Process,SCMS-14221,ASN-1595,Rwanda,PMO - US,Direct Drop,CIP,Air,Pre-PQ Process,11/21/2007,28-Apr-08,22-Apr-08,22-Apr-08,ARV,Adult,CIPLA LIMITED,"Lamivudine/Nevirapine/Stavudine 150/200/30mg, tablets, 60 Tabs",Lamivudine/Nevirapine/Stavudine,Generic,20mg+ml+/,Tablet - FDC,60,"38,784",271488.00,7,0.12,"Cipla, Goa, India",TRUE,4124,"$10,500 ",434.38
"4,198",108-VN-T01,Pre-PQ Process,SCMS-14211,ASN-1341,Vietnam,PMO - US,Direct Drop,FCA,Air,Pre-PQ Process,12-06-07,22-Jan-08,07-Mar-08,07-Mar-08,ARV,Adult,ABBVIE LOGISTICS (FORMERLY ABBOTT LOGISTICS BV),"Lopinavir/Ritonavir 200/50mg [Aluvia], tablets, 120 Tabs",Lopinavir/Ritonavir,Aluvia,20mg+ml+/,Tablet,120,"2,000",164400.00,82.2,0.68,ABBVIE Ludwigshafen Germany,TRUE,513,"$5,866.31 ",263.04
"5,510",116-ZA-T01,Pre-PQ Process,SCMS-14050,ASN-1251,South Africa,PMO - US,Direct Drop,DDP,,Pre-PQ Process,11-12-07,29-Jan-08,29-Jan-08,29-Jan-08,ARV,Adult,"JSI R&T INSTITUTE, INC.","Didanosine EC 250mg [Videx EC], delayed-release capsules, Blister 3 x 10 Caps",Didanosine EC,Videx EC,80+20mg+ml,Delayed-release capsules - blister,30,100,2208.00,22.08,0.74,"BMS Meymac, France",FALSE,Weight Captured Separately,Freight Included in Commodity Cost,3.53
"5,575",116-ZA-T01,Pre-PQ Process,SCMS-16600,ASN-1520,South Africa,PMO - US,Direct Drop,DDP,,Pre-PQ Process,01-04-08,21-Jan-08,04-Jan-08,04-Jan-08,ARV,Adult,"JSI R&T INSTITUTE, INC.","Stavudine 40mg [Zerit], capsules, 60 Caps",Stavudine,Zerit,80+20mg+ml,Capsule,60,200,1146.00,5.73,0.1,"BMS Meymac, France",FALSE,Weight Captured Separately,Freight Included in Commodity Cost,1.83
"5,675",116-ZA-T01,Pre-PQ Process,SCMS-19800,ASN-1664,South Africa,PMO - US,Direct Drop,DDP,Truck,Pre-PQ Process,2/20/2008,24-Apr-08,29-Feb-08,29-Feb-08,ARV,Adult,S. BUYS WHOLESALER,"Zidovudine 300mg [Retrovir], tablets, 60 Tabs",Zidovudine,Retrovir,20mg+ml+/,Tablet,60,"1,000",16400.00,16.4,0.27,GSK Aranda,FALSE,Weight Captured Separately,Freight Included in Commodity Cost,26.24
"5,676",116-ZA-T01,Pre-PQ Process,SCMS-19800,ASN-1665,South Africa,PMO - US,Direct Drop,DDP,Truck,Pre-PQ Process,2/20/2008,24-Apr-08,24-Apr-08,24-Apr-08,ARV,Adult,S. BUYS WHOLESALER,"Lamivudine 150mg [Epivir], tablets, 60 Tabs",Lamivudine,Epivir,80mg+ml+/,Tablet,60,"3,000",16350.00,5.45,0.09,GSK Cape Town Factory (South Africa),FALSE,Weight Captured Separately,Freight Included in Commodity Cost,26.16
"4,283",106-HT-T01,Pre-PQ Process,SCMS-17670,ASN-1519,Haiti,PMO - US,Direct Drop,FCA,Air,Pre-PQ Process,2/15/2008,11-Apr-08,11-Apr-08,11-Apr-08,ARV,Pediatric,ABBVIE LOGISTICS (FORMERLY ABBOTT LOGISTICS BV),"Lopinavir/Ritonavir 100/25mg [Aluvia], tablets, 60 Tabs",Lopinavir/Ritonavir,Generic,30mg+ml+/,Tablet,60,180,1850.40,10.28,0.17,ABBVIE Ludwigshafen Germany,TRUE,31,$910.86 ,2.96
"5,677",116-ZA-T01,Pre-PQ Process,SCMS-19800,ASN-1665,South Africa,PMO - US,Direct Drop,DDP,Truck,Pre-PQ Process,2/20/2008,24-Apr-08,24-Apr-08,24-Apr-08,ARV,Adult,S. BUYS WHOLESALER,"Stavudine 20mg [Zerit], capsules, 60 Caps",Stavudine,Zerit,20mg+ml+/,Capsule,60,200,978.00,4.89,0.08,"BMS Meymac, France",FALSE,Weight Captured Separately,Freight Included in Commodity Cost,1.56
"4,301",110-ZM-T01,Pre-PQ Process,SCMS-18240,ASN-1788,Zambia,PMO - US,Direct Drop,EXW,Air,Pre-PQ Process,2/29/2008,06-Jun-08,06-Jun-08,06-Jun-08,HRDT,HIV test,"Orgenics, Ltd","HIV 1/2, Determine HIV Kit, without Lancets, 100 Tests","HIV 1/2, Determine HIV Kit, without Lancets",Determine,20mg+ml+/,Test kit,100,"4,300",309557.00,71.99,0.72,Inverness Japan,TRUE,979,"$8,690.26 ",495.29
"4,302",104-CI-T01,Pre-PQ Process,SCMS-18280,ASN-1550,Côte d'Ivoire,PMO - US,Direct Drop,EXW,Air,Pre-PQ Process,2/27/2008,14-Apr-08,17-Apr-08,17-Apr-08,HRDT,HIV test,BIO-RAD LABORATORIES (FRANCE),"#108853** HIV, Genie II HIV-1/HIV-2 Kit, 40 Tests","HIV, Genie II HIV-1/HIV-2 Kit",Genie,10mg+ml+/,Test kit,40,476,36176.00,76,1.9,Bio-Rad Laboratories,TRUE,522,"$6,924.83 ",57.88
"4,303",107-RW-T01,Pre-PQ Process,SCMS-18350,ASN-1401,Rwanda,PMO - US,Direct Drop,EXW,Air,Pre-PQ Process,2/26/2008,11-Jul-08,11-Jul-08,11-Jul-08,HRDT,HIV test,"Trinity Biotech, Plc","HIV 1/2, Uni-Gold HIV Kit, 20 Tests","HIV 1/2, Uni-Gold HIV Kit",Uni-Gold,80+20mg+ml,Test kit,20,"3,150",100800.00,32,1.6,"Trinity Biotech, Plc",TRUE,1080,"$15,987.05 ",161.28
"4,311",104-CI-T01,Pre-PQ Process,SCMS-18460,ASN-2449,Côte d'Ivoire,PMO - US,Direct Drop,EXW,Air,Pre-PQ Process,2/29/2008,26-Sep-08,26-Sep-08,26-Sep-08,HRDT,HIV test,"Orgenics, Ltd","HIV 1/2, Determine HIV Kit, without Lancets, 100 Tests","HIV 1/2, Determine HIV Kit, without Lancets",Determine,1mg+ml+/,Test kit,100,"1,116",78120.00,70,0.7,Inverness Japan,TRUE,256,"$4,014.57 ",124.99
"4,312",102-GY-T01,Pre-PQ Process,SCMS-18510,ASN-2006,Guyana,PMO - US,Direct Drop,EXW,Air,Pre-PQ Process,2/28/2008,21-Jul-08,21-Jul-08,21-Jul-08,HRDT,HIV test,"Trinity Biotech, Plc","HIV 1/2, Uni-Gold HIV Kit, 20 Tests","HIV 1/2, Uni-Gold HIV Kit",Uni-Gold,10mg+ml+/,Test kit,20,"1,062",33984.00,32,1.6,"Trinity Biotech, Plc",TRUE,362,"$4,717.51 ",54.37
"5,678",116-ZA-T01,Pre-PQ Process,SCMS-19800,ASN-1665,South Africa,PMO - US,Direct Drop,DDP,Truck,Pre-PQ Process,2/20/2008,24-Apr-08,24-Apr-08,24-Apr-08,ARV,Adult,S. BUYS WHOLESALER,"Emtricitabine/Tenofovir Disoproxil Fumarate 200/300mg [Truvada], tablets, 30 Tabs",Emtricitabine/Tenofovir Disoproxil Fumarate,Truvada,10mg+ml+/,Tablet - FDC,30,20,723.40,36.17,1.21,"Aspen-OSD, Port Elizabeth, SA",FALSE,Weight Captured Separately,Freight Included in Commodity Cost,1.16
"5,717",116-ZA-T01,Pre-PQ Process,SCMS-21460,ASN-1667,South Africa,PMO - US,Direct Drop,DDP,,Pre-PQ Process,04-04-08,25-Apr-08,07-Apr-08,07-Apr-08,ARV,Adult,S. BUYS WHOLESALER,"Nevirapine 200mg [Viramune], tablets, 60 Tabs",Nevirapine,Viramune,10mg+ml+/,Tablet,60,100,2030.00,20.3,0.34,"BI, Ingelheim, Germany",FALSE,Weight Captured Separately,Freight Included in Commodity Cost,3.25
"5,799",116-ZA-T01,Pre-PQ Process,SCMS-23500,ASN-2300,South Africa,PMO - US,Direct Drop,DDP,Truck,Pre-PQ Process,Date Not Captured,20-Aug-08,14-May-08,14-May-08,ARV,Adult,S. BUYS WHOLESALER,"Abacavir 300mg [Ziagen], tablets, Blister 6 x 10 Tabs",Abacavir,Ziagen,80+20mg+ml,Tablet - blister,60,8,397.92,49.74,0.83,GSK Ware (UK),FALSE,Weight Captured Separately,Freight Included in Commodity Cost,0.64
"5,800",116-ZA-T01,Pre-PQ Process,SCMS-23500,ASN-2293,South Africa,PMO - US,Direct Drop,DDP,Truck,Pre-PQ Process,Date Not Captured,20-Aug-08,08-May-08,08-May-08,ARV,Pediatric,S. BUYS WHOLESALER,"Didanosine 100mg [Videx],chewable tablets, 60 Tabs",Didanosine,Videx,80+20mg+ml,Chewable/dispersible tablet,60,4,56.16,14.04,0.23,"BMS Meymac, France",FALSE,Weight Captured Separately,Freight Included in Commodity Cost,0.09
"5,801",116-ZA-T01,Pre-PQ Process,SCMS-23500,ASN-2293,South Africa,PMO - US,Direct Drop,DDP,Truck,Pre-PQ Process,Date Not Captured,20-Aug-08,08-May-08,08-May-08,ARV,Adult,S. BUYS WHOLESALER,"Tenofovir Disoproxil Fumarate 300mg [Viread], tablets, 30 Tabs",Tenofovir Disoproxil Fumarate,Viread,80mg+ml+/,Tablet,30,30,738.30,24.61,0.82,Gilead(Nycomed) Oranienburg DE,FALSE,Weight Captured Separately,Freight Included in Commodity Cost,1.18
"4,368",108-VN-T01,Pre-PQ Process,SCMS-20390,ASN-2204,Vietnam,PMO - US,Direct Drop,EXW,Air,Pre-PQ Process,3/31/2008,12-Aug-08,12-Aug-08,12-Aug-08,ARV,Adult,CIPLA LIMITED,"Lamivudine/Nevirapine/Stavudine 150/200/30mg, tablets, 60 Tabs",Lamivudine/Nevirapine/Stavudine,Generic,20mg+ml+/,Tablet - FDC,60,"10,420",77108.00,7.4,0.12,"Cipla, Goa, India",TRUE,1000,"$7,526.06 ",123.37
"4,369",108-VN-T01,Pre-PQ Process,SCMS-20400,ASN-2205,Vietnam,PMO - US,Direct Drop,EXW,Air,Pre-PQ Process,3/31/2008,19-Sep-08,19-Sep-08,19-Sep-08,ARV,Adult,CIPLA LIMITED,"Lamivudine/Nevirapine/Stavudine 150/200/30mg, tablets, 60 Tabs",Lamivudine/Nevirapine/Stavudine,Generic,10mg+ml+/,Tablet - FDC,60,"9,600",71040.00,7.4,0.12,"Cipla, Goa, India",TRUE,920,"$7,265.05 ",113.66
"4,372",108-VN-T01,Pre-PQ Process,SCMS-20410,ASN-2050,Vietnam,PMO - US,Direct Drop,FCA,Air,Pre-PQ Process,3/31/2008,16-Jul-08,16-Jul-08,16-Jul-08,ARV,Adult,ABBVIE LOGISTICS (FORMERLY ABBOTT LOGISTICS BV),"Lopinavir/Ritonavir 200/50mg [Aluvia], tablets, 120 Tabs",Lopinavir/Ritonavir,Aluvia,20mg+ml+/,Tablet,120,"1,520",124944.00,82.2,0.68,ABBVIE Ludwigshafen Germany,TRUE,385,"$4,393.32 ",199.91
"4,373",108-VN-T01,Pre-PQ Process,SCMS-20420,ASN-2051,Vietnam,PMO - US,Direct Drop,FCA,Air,Pre-PQ Process,3/31/2008,14-Jul-08,14-Jul-08,14-Jul-08,ARV,Adult,ABBVIE LOGISTICS (FORMERLY ABBOTT LOGISTICS BV),"Lopinavir/Ritonavir 200/50mg [Aluvia], tablets, 120 Tabs",Lopinavir/Ritonavir,Aluvia,20mg+ml+/,Tablet,120,800,65760.00,82.2,0.68,ABBVIE Ludwigshafen Germany,TRUE,208,"$3,449.40 ",105.22
"5,802",116-ZA-T01,Pre-PQ Process,SCMS-23500,ASN-2293,South Africa,PMO - US,Direct Drop,DDP,Truck,Pre-PQ Process,Date Not Captured,20-Aug-08,08-May-08,08-May-08,ARV,Pediatric,S. BUYS WHOLESALER,"Didanosine 2g [Videx], powder for oral solution 10mg/ml, reconstitute to 200 ml",Didanosine,Videx,30mg+ml+/,Powder for oral solution,200,6,78.48,13.08,0.07,"BMS Meymac, France",FALSE,Weight Captured Separately,Freight Included in Commodity Cost,0.13
"4,456",108-VN-T01,Pre-PQ Process,SCMS-23310,ASN-2486,Vietnam,PMO - US,Direct Drop,EXW,Air,Pre-PQ Process,5/14/2008,11-Oct-08,11-Oct-08,11-Oct-08,ARV,Adult,CIPLA LIMITED,"Lamivudine/Nevirapine/Stavudine 150/200/30mg, tablets, 60 Tabs",Lamivudine/Nevirapine/Stavudine,Generic,10mg+ml+/,Tablet - FDC,60,"15,360",113664.00,7.4,0.12,"Cipla, Goa, India",TRUE,1360,"$5,412.14 ",181.86
"4,457",108-VN-T01,Pre-PQ Process,SCMS-23320,ASN-2275,Vietnam,PMO - US,Direct Drop,EXW,Air,Pre-PQ Process,5/13/2008,19-Sep-08,19-Sep-08,19-Sep-08,ARV,Adult,Aurobindo Pharma Limited,"Nevirapine 200mg, tablets, 60 Tabs",Nevirapine,Generic,10mg+ml+/,Tablet,60,"2,180",6997.80,3.21,0.05,"Aurobindo Unit III, India",TRUE,242,"$5,881.57 ",11.2
"4,458",108-VN-T01,Pre-PQ Process,SCMS-23330,ASN-2276,Vietnam,PMO - US,Direct Drop,EXW,Air,Pre-PQ Process,5/13/2008,19-Sep-08,19-Sep-08,19-Sep-08,ARV,Adult,Aurobindo Pharma Limited,"Lamivudine/Zidovudine 150/300mg, tablets, 60 Tabs",Lamivudine/Zidovudine,Generic,80+20mg+ml,Tablet - FDC,60,"2,016",18648.00,9.25,0.15,"Aurobindo Unit III, India",TRUE,185,"$5,551.97 ",29.84
"4,459",108-VN-T01,Pre-PQ Process,SCMS-23380,ASN-2524,Vietnam,PMO - US,Direct Drop,CIP,Air,Pre-PQ Process,5/13/2008,30-Sep-08,30-Sep-08,30-Sep-08,ARV,Pediatric,BRISTOL-MYERS SQUIBB,"Didanosine 25mg [Videx], chewable tablets, 60 Tabs",Didanosine,Videx,30mg+ml+/,Chewable/dispersible tablet,60,400,2800.00,7,0.12,"BMS Meymac, France",TRUE,81,"$2,035.66 ",4.48
"5,821",106-HT-T01,Pre-PQ Process,SCMS-24010,ASN-3087,Haiti,PMO - US,Direct Drop,CIP,Air,Pre-PQ Process,5/23/2008,14-Jan-09,14-Jan-09,14-Jan-09,HRDT,HIV test,Orasure Technologies Inc.,"HIV 1/2, OraQuick Advance HIV Rapid Antibody Kit, 100 Tests","HIV 1/2, OraQuick Advance HIV Rapid Antibody Kit",OraQuick,20mg+ml+/,Test kit,100,28,9800.00,350,3.5,"Pacific Biotech, Thailand",TRUE,Weight Captured Separately,Freight Included in Commodity Cost,19.21
"5,916",116-ZA-T01,Pre-PQ Process,SCMS-26820,ASN-2488,South Africa,PMO - US,Direct Drop,DDP,Truck,Pre-PQ Process,Date Not Captured,10-Jul-08,08-Jul-08,08-Jul-08,ARV,Adult,S. BUYS WHOLESALER,"Emtricitabine/Tenofovir Disoproxil Fumarate 200/300mg [Truvada], tablets, 30 Tabs",Emtricitabine/Tenofovir Disoproxil Fumarate,Truvada,10mg+ml+/,Tablet - FDC,30,30,1171.50,39.05,1.3,"Aspen-OSD, Port Elizabeth, SA",FALSE,Weight Captured Separately,Freight Included in Commodity Cost,1.87
"4,470",106-HT-T01,Pre-PQ Process,SCMS-23820,ASN-2099,Haiti,PMO - US,Direct Drop,EXW,Air,Pre-PQ Process,5/20/2008,06-Aug-08,06-Aug-08,06-Aug-08,HRDT,HIV test,"Orgenics, Ltd","HIV 1/2, Determine HIV Kit, without Lancets, 100 Tests","HIV 1/2, Determine HIV Kit, without Lancets",Determine,80+20mg+ml,Test kit,100,"2,059",144130.00,70,0.7,Inverness Japan,TRUE,470,"$3,684.28 ",230.61
"5,978",116-ZA-T01,Pre-PQ Process,SCMS-28830,ASN-2503,South Africa,PMO - US,Direct Drop,DDP,Truck,Pre-PQ Process,Date Not Captured,25-Aug-08,14-Aug-08,14-Aug-08,ARV,Adult,S. BUYS WHOLESALER,"Stavudine 30mg [Zerit], capsules, 60 Caps",Stavudine,Zerit,10mg+ml+/,Capsule,60,350,1736.00,4.96,0.08,"BMS Meymac, France",FALSE,Weight Captured Separately,Freight Included in Commodity Cost,2.78
"4,534",110-ZM-T01,Pre-PQ Process,SCMS-25700,ASN-2797,Zambia,PMO - US,Direct Drop,EXW,Air,Pre-PQ Process,6/20/2008,18-Nov-08,18-Nov-08,18-Nov-08,HRDT,HIV test,"Trinity Biotech, Plc","HIV 1/2, Uni-Gold HIV Kit, 20 Tests","HIV 1/2, Uni-Gold HIV Kit",Uni-Gold,10mg+ml+/,Test kit,20,"5,900",188800.00,32,1.6,"Trinity Biotech, Plc",TRUE,1989,"$19,569.48 ",370.05
"5,979",116-ZA-T01,Pre-PQ Process,SCMS-28830,ASN-2503,South Africa,PMO - US,Direct Drop,DDP,Truck,Pre-PQ Process,Date Not Captured,25-Aug-08,14-Aug-08,14-Aug-08,ARV,Adult,S. BUYS WHOLESALER,"Didanosine EC 250mg [Videx EC], delayed-release capsules, Blister 3 x 10 Caps",Didanosine EC,Videx EC,80+20mg+ml,Delayed-release capsules - blister,30,100,1828.00,18.28,0.61,"BMS Meymac, France",FALSE,Weight Captured Separately,Freight Included in Commodity Cost,2.92
"6,125",116-ZA-T01,Pre-PQ Process,SCMS-33320,ASN-3553,South Africa,PMO - US,Direct Drop,DDP,Truck,Pre-PQ Process,Date Not Captured,17-May-09,09-Oct-08,09-Oct-08,ARV,Adult,S. BUYS WHOLESALER,"Nevirapine 200mg, tablets, 60 Tabs",Nevirapine,Generic,10mg+ml+/,Tablet,60,120,2355.60,19.63,0.33,"Cipla, Goa, India",FALSE,Weight Captured Separately,Freight Included in Commodity Cost,4.62
"4,594",102-GY-T01,Pre-PQ Process,SCMS-27040,ASN-2473,Guyana,PMO - US,Direct Drop,EXW,Air,Pre-PQ Process,7/18/2008,01-Oct-08,01-Oct-08,01-Oct-08,HRDT,HIV test,"Trinity Biotech, Plc","HIV 1/2, Uni-Gold HIV Kit, 20 Tests","HIV 1/2, Uni-Gold HIV Kit",Uni-Gold,10mg+ml+/,Test kit,20,"1,062",33984.00,32,1.6,"Trinity Biotech, Plc",TRUE,1062,"$3,976.33 ",54.37
"4,611",102-BW-T01,Pre-PQ Process,SCMS-27750,ASN-2397,Botswana,PMO - US,Direct Drop,EXW,Air,Pre-PQ Process,7/28/2008,18-Nov-08,18-Nov-08,18-Nov-08,HRDT,HIV test,"Trinity Biotech, Plc","HIV 1/2, Uni-Gold HIV Kit, 20 Tests","HIV 1/2, Uni-Gold HIV Kit",Uni-Gold,10mg+ml+/,Test kit,20,5,160.00,32,1.6,"Trinity Biotech, Plc",TRUE,3,"$1,225.17 ",0.26
"4,615",102-BW-T01,Pre-PQ Process,SCMS-27760,ASN-2325,Botswana,PMO - US,Direct Drop,EXW,Air,Pre-PQ Process,7/28/2008,09-Oct-08,02-Oct-08,02-Oct-08,HRDT,HIV test,"Orgenics, Ltd","HIV 1/2, Determine HIV Kit, without Lancets, 100 Tests","HIV 1/2, Determine HIV Kit, without Lancets",Determine,80+20mg+ml,Test kit,100,8,560.00,70,0.7,Inverness Japan,TRUE,5406,$559.95 ,0.9
"4,635",108-VN-T01,Pre-PQ Process,SCMS-26171,ASN-2515,Vietnam,PMO - US,Direct Drop,EXW,Air,Pre-PQ Process,07-01-08,25-Sep-08,25-Sep-08,25-Sep-08,ARV,Adult,Aurobindo Pharma Limited,"Nevirapine 200mg, tablets, 60 Tabs",Nevirapine,Generic,10mg+ml+/,Tablet,60,"1,848",5359.20,2.9,0.05,"Aurobindo Unit III, India",TRUE,327,"$3,171.36 ",8.57
"6,139",102-GY-T01,Pre-PQ Process,SCMS-33940,ASN-3423,Guyana,PMO - US,Direct Drop,CIP,Air,Pre-PQ Process,11/19/2008,06-Mar-09,06-Mar-09,06-Mar-09,MRDT,Malaria,ZEPHYR BIOMEDICALS,"Malaria Paramax-3 Kit, 25 Tests",Malaria Paramax-3 Kit,Paramax,10mg+ml+/,Test kit,25,108,4050.00,37.5,1.5,Not Applicable,TRUE,Weight Captured Separately,Freight Included in Commodity Cost,7.94
"4,647",117-ET-T01,Pre-PQ Process,SCMS-28690,ASN-2839,Ethiopia,PMO - US,Direct Drop,EXW,Air,Pre-PQ Process,8/22/2008,17-Nov-08,17-Nov-08,17-Nov-08,HRDT,HIV test,"SHANGHAI KEHUA BIOENGINEERING CO.,LTD.  (KHB)","HIV 1/2, SKB Colloidal Gold, Diagnostic Kit, Antibody, 50 Tests","HIV 1/2, Colloidal Gold, Diagnostic Kit, Antibody",Colloidal Gold,80+20mg+ml,Test kit,1,"7,002",161046.00,23,23,"KHB Test Kit Facility, Shanghai China",TRUE,4922,"$46,117.09 ",315.65
"4,648",117-ET-T01,Pre-PQ Process,SCMS-28700,ASN-2719,Ethiopia,PMO - US,Direct Drop,EXW,Air,Pre-PQ Process,8/22/2008,30-Oct-08,28-Oct-08,28-Oct-08,HRDT,HIV test,"SHANGHAI KEHUA BIOENGINEERING CO.,LTD.  (KHB)","HIV 1/2, SKB Colloidal Gold, Diagnostic Kit, Antibody, 50 Tests","HIV 1/2, Colloidal Gold, Diagnostic Kit, Antibody",Colloidal Gold,10mg+ml+/,Test kit,1,"7,002",161046.00,23,23,"KHB Test Kit Facility, Shanghai China",TRUE,5057,"$44,360.44 ",315.65
"4,649",117-ET-T01,Pre-PQ Process,SCMS-28720,ASN-2577,Ethiopia,PMO - US,Direct Drop,EXW,Air,Pre-PQ Process,8/22/2008,06-Oct-08,06-Oct-08,06-Oct-08,HRDT,HIV test,"SHANGHAI KEHUA BIOENGINEERING CO.,LTD.  (KHB)","HIV 1/2, SKB Colloidal Gold, Diagnostic Kit, Antibody, 50 Tests","HIV 1/2, Colloidal Gold, Diagnostic Kit, Antibody",Colloidal Gold,10mg+ml+/,Test kit,1,"7,002",161046.00,23,23,"KHB Test Kit Facility, Shanghai China",TRUE,5057,"$44,347.71 ",257.67
"4,650",111-MZ-T01,Pre-PQ Process,SCMS-28730,ASN-2658,Mozambique,PMO - US,Direct Drop,EXW,Air,Pre-PQ Process,8/26/2008,01-Nov-08,01-Nov-08,01-Nov-08,HRDT,HIV test - Ancillary,"Orgenics, Ltd","HIV, Lancet, Safety, for HIV Test kits, 100 Pcs","HIV, Lancet, Safety, for HIV Test kits, 100 Pcs",Generic,80+20mg+ml,Test kit - Ancillary,100,"7,690",76.90,0.01,0,Inverness Japan,TRUE,2278,"$23,743.01 ",0.15
"4,709",107-RW-T01,Pre-PQ Process,SCMS-30310,ASN-3505,Rwanda,PMO - US,Direct Drop,CIP,Air,Pre-PQ Process,10/21/2008,10-Mar-09,10-Mar-09,10-Mar-09,ARV-9fd6,Adult,CIPLA LIMITED,"Lamivudine/Zidovudine 150/300mg, tablets, 60 Tabs",Lamivudine/Zidovudine,Generic,10mg+ml+/,Tablet - FDC,60,"18,560",168896.00,9.1,0.15,"Cipla, Goa, India",TRUE,1698,"$16,414.22 ",331.04
"4,722",119-NA-T01,Pre-PQ Process,SCMS-30720,ASN-2586,Namibia,PMO - US,Direct Drop,EXW,Air,Pre-PQ Process,9/19/2008,08-Oct-08,08-Oct-08,08-Oct-08,HRDT,HIV test,"Trinity Biotech, Plc","HIV 1/2, Uni-Gold HIV Kit, 20 Tests","HIV 1/2, Uni-Gold HIV Kit",Uni-Gold,20mg+ml+/,Test kit,20,650,20800.00,32,1.6,"Trinity Biotech, Plc",TRUE,220,"$7,078.90 ",33.28
"6,394",116-ZA-T01,Pre-PQ Process,SCMS-40780,ASN-3607,South Africa,PMO - US,Direct Drop,DDP,Air,Pre-PQ Process,Date Not Captured,17-Mar-09,28-Nov-08,28-Nov-08,ARV,Adult,S. BUYS WHOLESALER,"Lamivudine 150mg, tablets, 60 Tabs",Lamivudine,Generic,80+20mg+ml,Tablet,60,"5,000",27450.00,5.49,0.09,"Aurobindo Unit III, India",FALSE,Weight Captured Separately,Freight Included in Commodity Cost,53.8
"6,395",116-ZA-T01,Pre-PQ Process,SCMS-40810,ASN-3634,South Africa,PMO - US,Direct Drop,DDP,Air,Pre-PQ Process,Date Not Captured,31-Mar-09,02-Dec-08,02-Dec-08,ARV,Pediatric,S. BUYS WHOLESALER,"Stavudine 1mg/ml [Zerit], powder for oral solution, Bottle, 200 ml",Stavudine,Zerit,80+20mg+ml,Powder for oral solution,200,"1,320",1504.80,1.14,0.01,"BMS Meymac, France",FALSE,Weight Captured Separately,Freight Included in Commodity Cost,2.95
"4,804",109-TZ-T01,Pre-PQ Process,SCMS-33690,ASN-3229,Tanzania,PMO - US,Direct Drop,EXW,Air,Pre-PQ Process,11/14/2008,02-Mar-09,02-Mar-09,02-Mar-09,HRDT,HIV test,"Trinity Biotech, Plc","HIV 1/2, Uni-Gold HIV Kit, 20 Tests","HIV 1/2, Uni-Gold HIV Kit",Uni-Gold,10mg+ml+/,Test kit,20,"1,678",53696.00,32,1.6,"Trinity Biotech, Plc",TRUE,554,"$4,810.99 ",105.24
"4,818",117-ET-T01,Pre-PQ Process,SCMS-34310,ASN-3234,Ethiopia,PMO - US,Direct Drop,EXW,Air,Pre-PQ Process,11/24/2008,27-Jan-09,27-Jan-09,27-Jan-09,HRDT,HIV test - Ancillary,"Orgenics, Ltd","Capillary Tubes, for Determine, EDTA, 50uL,100 Pcs","HIV, Capillary Tubes, for Determine, EDTA, 50uL,100 Pcs",Determine,80+20mg+ml,Test kit - Ancillary,100,"10,000",80000.00,8,0.08,Inverness Japan,TRUE,400,"$4,856.14 ",156.8
"4,824",109-TZ-T01,Pre-PQ Process,SCMS-34690,ASN-3853,Tanzania,PMO - US,Direct Drop,CIP,Air,Pre-PQ Process,12/30/2008,15-Jun-09,15-Jun-09,15-Jun-09,ARV-9fd6,Adult,MERCK SHARP & DOHME IDEA GMBH (FORMALLY MERCK SHARP & DOHME B.V.),"Efavirenz/Emtricitabine/Tenofovir Disoproxil Fumarate 600/200/300mg [Atripla], tablets, 30 Tabs",Efavirenz/Emtricitabine/Tenofovir Disoproxil Fumarate,Atripla,10mg+ml+/,Tablet - FDC,30,"24,963",1258135.20,50.4,1.68,"MSD, Haarlem, NL",TRUE,2462,"$3,451.41 ","2,465.94"
"4,854",102-GY-T01,Pre-PQ Process,SCMS-35550,ASN-3190,Guyana,PMO - US,Direct Drop,EXW,Air,Pre-PQ Process,12-12-08,30-Jan-09,23-Jan-09,23-Jan-09,HRDT,HIV test,"Orgenics, Ltd","HIV 1/2, Determine Complete HIV Kit, 100 Tests","HIV 1/2, Determine Complete HIV Kit",Determine,80+20mg+ml,Test kit,100,351,25272.00,72,0.72,Inverness Japan,TRUE,60,"$1,097.78 ",49.53
"6,396",116-ZA-T01,Pre-PQ Process,SCMS-40810,ASN-3634,South Africa,PMO - US,Direct Drop,DDP,Air,Pre-PQ Process,Date Not Captured,31-Mar-09,02-Dec-08,02-Dec-08,ARV,Pediatric,S. BUYS WHOLESALER,"Stavudine 1mg/ml, powder for oral solution, 200 ml",Stavudine,Generic,30mg+ml+/,Oral solution,200,500,1000.00,2,0.01,"Aurobindo Unit III, India",FALSE,Weight Captured Separately,Freight Included in Commodity Cost,1.96
"4,929",110-ZM-T01,Pre-PQ Process,SCMS-37770,ASN-3676,Zambia,PMO - US,Direct Drop,EXW,Air,Pre-PQ Process,1/27/2009,26-Mar-09,26-Mar-09,26-Mar-09,HRDT,HIV test,"Standard Diagnostics, Inc.","HIV 1/2, Bioline 3.0 Kit, Lancets, Capillary pipets, Alcohol swabs included, 25 Tests","HIV 1/2, Bioline 3.0 Kit, Lancets, Capillary pipets, Alcohol swabs included",Bioline,20mg+ml+/,Test kit,25,300,6000.00,20,0.8,"Standard Diagnostics, Korea",TRUE,94,"$1,205.43 ",11.76
"4,947",100-SN-T01,Pre-PQ Process,SCMS-38270,ASN-3546,Senegal,PMO - US,Direct Drop,EXW,Air,Pre-PQ Process,02-06-09,25-Mar-09,25-Mar-09,25-Mar-09,HRDT,HIV test,"Orgenics, Ltd","HIV 1/2, ImmunoComb TriSpot Ag - Ab Kit, 36 Tests","HIV 1/2, ImmunoComb TriSpot Ag - Ab Kit",ImmunoComb,20mg+ml+/,Test kit,36,80,6800.00,85,2.36,INVERNESS ORGENICS LINE,TRUE,33,$812 ,13.33
"4,949",109-TZ-T01,Pre-PQ Process,SCMS-38410,ASN-4381,Tanzania,PMO - US,Direct Drop,FCA,Air,Pre-PQ Process,02-05-09,11-Aug-09,11-Aug-09,11-Aug-09,ARV-9fd6,Adult,ABBVIE LOGISTICS (FORMERLY ABBOTT LOGISTICS BV),"Lopinavir/Ritonavir 200/50mg [Aluvia], tablets, 120 Tabs",Lopinavir/Ritonavir,Aluvia,10mg+ml+/,Tablet,120,"10,680",438948.00,41.1,0.34,ABBVIE Ludwigshafen Germany,TRUE,2724,"$12,620.12 ",860.34
"6,397",116-ZA-T01,Pre-PQ Process,SCMS-40820,ASN-3609,South Africa,PMO - US,Direct Drop,DDP,Air,Pre-PQ Process,Date Not Captured,14-Apr-09,04-Dec-08,04-Dec-08,ARV,Adult,S. BUYS WHOLESALER,"Stavudine 30mg [Zerit], capsules, 60 Caps",Stavudine,Zerit,80+20mg+ml,Capsule,60,"10,260",39193.20,3.82,0.06,"BMS Meymac, France",FALSE,Weight Captured Separately,Freight Included in Commodity Cost,76.82
"6,398",116-ZA-T01,Pre-PQ Process,SCMS-40850,ASN-3611,South Africa,PMO - US,Direct Drop,DDP,Air,Pre-PQ Process,Date Not Captured,16-Jun-09,28-Jan-09,28-Jan-09,ARV,Adult,S. BUYS WHOLESALER,"Stavudine 30mg, capsules, 60 Caps",Stavudine,Generic,30mg+ml+/,Capsule,60,"20,213",50734.63,2.51,0.04,"Aurobindo Unit III, India",FALSE,Weight Captured Separately,Freight Included in Commodity Cost,99.44
"6,399",116-ZA-T01,Pre-PQ Process,SCMS-41040,ASN-3623,South Africa,PMO - US,Direct Drop,DDP,Air,Pre-PQ Process,Date Not Captured,07-Apr-09,03-Dec-08,03-Dec-08,ARV,Adult,S. BUYS WHOLESALER,"Stavudine 30mg [Zerit], capsules, 60 Caps",Stavudine,Zerit,80+20mg+ml,Capsule,60,"1,140",4286.40,3.76,0.06,"BMS Meymac, France",FALSE,Weight Captured Separately,Freight Included in Commodity Cost,8.4
"6,401",116-ZA-T01,Pre-PQ Process,SCMS-41140,ASN-3752,South Africa,PMO - US,Direct Drop,DDP,Air,Pre-PQ Process,Date Not Captured,31-Mar-09,21-Nov-08,21-Nov-08,ARV,Pediatric,S. BUYS WHOLESALER,"Stavudine 1mg/ml [Zerit], powder for oral solution, Bottle, 200 ml",Stavudine,Zerit,10mg+ml+/,Powder for oral solution,200,400,440.00,1.1,0.01,"BMS Meymac, France",FALSE,Weight Captured Separately,Freight Included in Commodity Cost,0.86
"6,403",116-ZA-T01,Pre-PQ Process,SCMS-41170,ASN-3770,South Africa,PMO - US,Direct Drop,DDP,Air,Pre-PQ Process,Date Not Captured,18-Mar-09,18-Mar-09,18-Mar-09,ARV,Pediatric,S. BUYS WHOLESALER,"Lamivudine 10mg/ml [Epivir], oral solution, Bottle, 240 ml",Lamivudine,Epivir,10mg+ml+/,Oral solution,240,44,237.60,5.4,0.02,GSK Mississauga (Canada),TRUE,Weight Captured Separately,Freight Included in Commodity Cost,0.47
"6,404",116-ZA-T01,Pre-PQ Process,SCMS-41190,ASN-3732,South Africa,PMO - US,Direct Drop,DDP,Air,Pre-PQ Process,Date Not Captured,30-Mar-09,21-Jan-09,21-Jan-09,ARV,Adult,S. BUYS WHOLESALER,"Efavirenz 600mg [Stocrin/Sustiva], tablets, 30 Tabs",Efavirenz,Stocrin/Sustiva,80mg+ml+/,Tablet,30,"1,600",26624.00,16.64,0.55,"MSD Midrand, J'burg, SA",FALSE,Weight Captured Separately,Freight Included in Commodity Cost,52.18
"6,405",116-ZA-T01,Pre-PQ Process,SCMS-41190,ASN-3732,South Africa,PMO - US,Direct Drop,DDP,Air,Pre-PQ Process,Date Not Captured,30-Mar-09,21-Jan-09,21-Jan-09,ARV,Adult,S. BUYS WHOLESALER,"Zidovudine 300mg [Retrovir], tablets, 60 Tabs",Zidovudine,Retrovir,10mg+ml+/,Tablet,60,800,9856.00,12.32,0.21,GSK Aranda,FALSE,Weight Captured Separately,Freight Included in Commodity Cost,19.32
"6,411",116-ZA-T01,Pre-PQ Process,SCMS-41463,ASN-5420,South Africa,PMO - US,Direct Drop,DDP,Air,Pre-PQ Process,3/18/2009,25-Jun-09,30-Oct-09,30-Oct-09,ARV,Pediatric,S. BUYS WHOLESALER,"Lamivudine 10mg/ml, oral solution, Bottle, 240 ml",Lamivudine,Generic,80+20mg+ml,Oral solution,240,"3,304",18667.60,5.65,0.02,"Aurobindo Unit III, India",TRUE,Weight Captured Separately,Freight Included in Commodity Cost,40.25
"6,415",116-ZA-T01,Pre-PQ Process,SCMS-41582,ASN-4304,South Africa,PMO - US,Direct Drop,DDP,Air,Pre-PQ Process,3/27/2009,25-Jun-09,08-Apr-09,08-Apr-09,ARV,Pediatric,S. BUYS WHOLESALER,"Zidovudine 10mg/ml, oral solution, Bottle, 240 ml",Zidovudine,Generic,20mg+ml+/,Oral solution,240,"1,200",7248.00,6.04,0.03,"Aurobindo Unit III, India",FALSE,Weight Captured Separately,Freight Included in Commodity Cost,14.21
"6,416",116-ZA-T01,Pre-PQ Process,SCMS-41585,ASN-4386,South Africa,PMO - US,Direct Drop,DDP,Air,Pre-PQ Process,3/27/2009,25-Jun-09,21-Apr-09,21-Apr-09,ARV,Adult,S. BUYS WHOLESALER,"Stavudine 30mg, capsules, 60 Caps",Stavudine,Generic,80+20mg+ml,Capsule,60,"2,775",8325.00,3,0.05,"Aurobindo Unit III, India",FALSE,Weight Captured Separately,Freight Included in Commodity Cost,16.32
"6,417",116-ZA-T01,Pre-PQ Process,SCMS-41586,ASN-4387,South Africa,PMO - US,Direct Drop,DDP,Air,Pre-PQ Process,3/27/2009,25-Jun-09,15-Apr-09,15-Apr-09,ARV,Pediatric,S. BUYS WHOLESALER,"Nevirapine 10mg/ml, oral suspension, Bottle, 240 ml",Nevirapine,Generic,80+20mg+ml,Oral suspension,240,150,1407.00,9.38,0.04,"Aurobindo Unit III, India",FALSE,Weight Captured Separately,Freight Included in Commodity Cost,2.76
"6,418",116-ZA-T01,Pre-PQ Process,SCMS-41587,ASN-4602,South Africa,PMO - US,Direct Drop,DDP,Air,Pre-PQ Process,3/27/2009,25-Jun-09,16-Apr-09,16-Apr-09,ARV,Adult,S. BUYS WHOLESALER,"Efavirenz 600mg, tablets, 30 Tabs",Efavirenz,Generic,80+20mg+ml,Tablet,30,"6,500",82030.00,12.62,0.42,"Aurobindo Unit III, India",TRUE,Weight Captured Separately,Freight Included in Commodity Cost,160.78
"6,432",116-ZA-T01,Pre-PQ Process,SCMS-47400,ASN-4284,South Africa,PMO - US,Direct Drop,DDP,Truck,Pre-PQ Process,04-02-09,21-Apr-09,21-Apr-09,21-Apr-09,ARV,Adult,S. BUYS WHOLESALER,"Tenofovir Disoproxil Fumarate 300mg [Viread], tablets, 30 Tabs",Tenofovir Disoproxil Fumarate,Viread,20mg+ml+/,Tablet,30,650,13819.00,21.26,0.71,"Aspen-OSD, Port Elizabeth, SA",TRUE,Weight Captured Separately,Freight Included in Commodity Cost,27.09
"6,436",116-ZA-T01,Pre-PQ Process,SCMS-47410,ASN-4281,South Africa,PMO - US,Direct Drop,DDP,Truck,Pre-PQ Process,04-02-09,15-May-09,20-Apr-09,20-Apr-09,ARV,Adult,S. BUYS WHOLESALER,"Efavirenz 600mg, tablets, 30 Tabs",Efavirenz,Generic,80+20mg+ml,Tablet,30,"2,000",25040.00,12.52,0.42,"Cipla, Goa, India",TRUE,Weight Captured Separately,Freight Included in Commodity Cost,49.08
"5,049",116-ZA-T01,Pre-PQ Process,SCMS-41160,ASN-3760,South Africa,PMO - US,Direct Drop,DDP,Air,Pre-PQ Process,Date Not Captured,01-Apr-09,26-Nov-08,26-Nov-08,ARV,Adult,S. BUYS WHOLESALER,"Zidovudine 300mg [Retrovir], tablets, 60 Tabs",Zidovudine,Retrovir,20mg+ml+/,Tablet,60,500,6555.00,13.11,0.22,GSK Aranda,TRUE,Weight Captured Separately,"$1,521.40 ",12.85
"6,440",116-ZA-T01,Pre-PQ Process,SCMS-42450,ASN-4772,South Africa,PMO - US,Direct Drop,DDP,Truck,Pre-PQ Process,04-02-09,15-May-09,17-Jul-09,17-Jul-09,ARV,Adult,S. BUYS WHOLESALER,"Stavudine 20mg [Zerit], capsules, 60 Caps",Stavudine,Zerit,80+20mg+ml,Capsule,60,24,94.80,3.95,0.07,"BMS Meymac, France",TRUE,Weight Captured Separately,Freight Included in Commodity Cost,0.19
"6,544",108-VN-T01,Pre-PQ Process,SCMS-46490,ASN-4179,Vietnam,PMO - US,Direct Drop,CIP,Air,Pre-PQ Process,5/25/2009,22-Jun-09,22-Jun-09,22-Jun-09,ARV,Pediatric,BRISTOL-MYERS SQUIBB,"Didanosine 25mg [Videx], chewable tablets, 60 Tabs",Didanosine,Videx,10mg+ml+/,Chewable/dispersible tablet,60,120,840.00,7,0.12,"BMS Meymac, France",TRUE,Weight Captured Separately,Freight Included in Commodity Cost,1.65
"6,561",116-ZA-T01,Pre-PQ Process,SCMS-46970,ASN-4822,South Africa,PMO - US,Direct Drop,DDP,Truck,Pre-PQ Process,06-05-09,28-Jul-09,05-Aug-09,05-Aug-09,ARV,Pediatric,S. BUYS WHOLESALER,"Lopinavir/Ritonavir 80/20mg/ml [Kaletra], oral solution, cool, Bottle 5 x 60 ml",Lopinavir/Ritonavir,Kaletra,20mg+ml+/,Oral solution,300,50,2099.00,41.98,0.14,ABBVIE (Abbott) Logis. UK,TRUE,Weight Captured Separately,Freight Included in Commodity Cost,4.11
"6,563",116-ZA-T01,Pre-PQ Process,SCMS-47051,ASN-4837,South Africa,PMO - US,Direct Drop,DDP,Truck,Pre-PQ Process,06-05-09,12-Oct-09,03-Aug-09,03-Aug-09,ARV,Pediatric,S. BUYS WHOLESALER,"Efavirenz 200mg, capsule, 90 Caps",Efavirenz,Generic,10mg+ml+/,Capsule,90,140,3540.60,25.29,0.28,"Aurobindo Unit III, India",FALSE,Weight Captured Separately,Freight Included in Commodity Cost,6.94
"6,599",106-HT-T01,Pre-PQ Process,SCMS-76,ASN-76,Haiti,PMO - US,Direct Drop,CIP,Air,Pre-PQ Process,Date Not Captured,15-Sep-06,15-Sep-06,15-Sep-06,HRDT,HIV test,PLURIPHARM S.A.,"HIV 1/2, Capillus HIV Kit, 100 Tests","HIV 1/2, Capillus HIV Kit",Capillus,10mg+ml+/,Test kit,100,12,3240.00,270,2.7,Not Applicable,TRUE,Weight Captured Separately,Freight Included in Commodity Cost,
"6,623",110-ZM-T01,Pre-PQ Process,SCMS-162,ASN-115,Zambia,PMO - US,Direct Drop,CIP,Air,Pre-PQ Process,Date Not Captured,05-Dec-06,05-Dec-06,05-Dec-06,ARV,Pediatric,INTERNATIONAL HEALTHCARE DISTRIBUTORS,"Lopinavir/Ritonavir 80/20mg/ml [Kaletra], oral solution, cool, Bottle 5 x 60 ml",Lopinavir/Ritonavir,Kaletra,10mg+ml+/,Oral solution,300,70,2877.00,41.1,0.14,ABBVIE (Abbott) Logis. UK,TRUE,57,Freight Included in Commodity Cost,
"5,066",144-BW-T01,Pre-PQ Process,SCMS-41890,ASN-3780,Botswana,PMO - US,Direct Drop,EXW,Air,Pre-PQ Process,3/25/2009,17-Apr-09,17-Apr-09,17-Apr-09,HRDT,HIV test,Orasure Technologies Inc.,"HIV 1/2, OraQuick Advance HIV Rapid Antibody Kit, 100 Tests","HIV 1/2, OraQuick Advance HIV Rapid Antibody Kit",OraQuick,20mg+ml+/,Test kit,100,20,7000.00,350,3.5,"Pacific Biotech, Thailand",TRUE,48,"$1,119.99 ",13.72
"6,642",110-ZM-T01,Pre-PQ Process,SCMS-223,ASN-283,Zambia,PMO - US,Direct Drop,CIP,Air,Pre-PQ Process,12-05-06,08-Mar-07,08-Mar-07,08-Mar-07,ARV,Pediatric,INTERNATIONAL HEALTHCARE DISTRIBUTORS,"Lopinavir/Ritonavir 80/20mg/ml [Kaletra], oral solution, cool, Bottle 5 x 60 ml",Lopinavir/Ritonavir,Kaletra,20mg+ml+/,Oral solution,300,70,2877.00,41.1,0.14,ABBVIE (Abbott) Logis. UK,TRUE,58,Freight Included in Commodity Cost,
"6,670",111-MZ-T01,Pre-PQ Process,SCMS-608,ASN-688,Mozambique,PMO - US,Direct Drop,CIP,Air,Pre-PQ Process,05-07-07,06-Sep-07,06-Sep-07,06-Sep-07,ARV,Adult,INTERNATIONAL HEALTHCARE DISTRIBUTORS,"Didanosine EC 250mg [Videx EC], delayed-release capsules, Blister 3 x 10 Caps",Didanosine EC,Videx EC,10mg+ml+/,Delayed-release capsules - blister,30,44,859.65,19.54,0.65,"BMS Meymac, France",TRUE,Weight Captured Separately,Freight Included in Commodity Cost,1.38
"6,671",104-CI-T01,Pre-PQ Process,SCMS-609,ASN-704,Côte d'Ivoire,PMO - US,Direct Drop,CIP,Air,Pre-PQ Process,5/30/2007,21-Sep-07,21-Sep-07,21-Sep-07,ARV,Pediatric,BRISTOL-MYERS SQUIBB,"#102198**Didanosine 200mg [Videx], tablets, 60 Tabs",Didanosine,Videx,10mg+ml+/,Tablet,60,"5,721",145885.50,25.5,0.42,"BMS Meymac, France",TRUE,1232,Freight Included in Commodity Cost,233.42
"5,113",107-RW-T01,Pre-PQ Process,SCMS-43900,ASN-4553,Rwanda,PMO - US,Direct Drop,CIP,Air,Pre-PQ Process,7/15/2009,12-Aug-09,12-Aug-09,12-Aug-09,ARV,Adult,HETERO LABS LIMITED,"Efavirenz 600mg, tablets, 30 Tabs",Efavirenz,Generic,20mg+ml+/,Tablet,30,"28,034",195677.32,6.98,0.23,Hetero Unit III Hyderabad IN,TRUE,2268,"$19,023.36 ",383.53
"5,114",123-NG-T01,Pre-PQ Process,SCMS-43960,ASN-4533,Nigeria,PMO - US,Direct Drop,EXW,Air,Pre-PQ Process,04-10-09,03-Sep-09,03-Sep-09,03-Sep-09,ACT,ACT,MISSIONPHARMA A/S,"Artemether/Lumefantrine 20/120mg [Coartem], scored tablets, Blister 30 x 18 Tabs",Artemether/Lumefantrine,Coartem,20mg+ml+/,Tablet - FDC + blister,540,"2,000",70420.00,35.21,0.07,"Novartis Pharma Suffern, USA",TRUE,1250,"$17,170.07 ",138.02
"5,119",104-CI-T01,Pre-PQ Process,SCMS-44050,ASN-3985,Côte d'Ivoire,PMO - US,Direct Drop,EXW,Air,Pre-PQ Process,4/15/2009,10-Jun-09,09-Jun-09,09-Jun-09,HRDT,HIV test,BIO-RAD LABORATORIES (FRANCE),"#108853** HIV, Genie II HIV-1/HIV-2 Kit, 40 Tests","HIV, Genie II HIV-1/HIV-2 Kit",Genie,20mg+ml+/,Test kit,40,476,52360.00,110,2.75,Bio-Rad Laboratories,TRUE,534,"$9,471.52 ",102.63
"5,120",104-CI-T01,Pre-PQ Process,SCMS-44050,ASN-4095,Côte d'Ivoire,PMO - US,Direct Drop,EXW,Air,Pre-PQ Process,4/15/2009,10-Jun-09,17-Jun-09,17-Jun-09,HRDT,HIV test,BIO-RAD LABORATORIES (FRANCE),"#108853** HIV, Genie II HIV-1/HIV-2 Kit, 40 Tests","HIV, Genie II HIV-1/HIV-2 Kit",Genie,10mg+ml+/,Test kit,40,18,1980.00,110,2.75,Bio-Rad Laboratories,TRUE,20,"$2,199.43 ",3.88
"5,147",119-NA-T01,Pre-PQ Process,SCMS-44970,ASN-4081,Namibia,PMO - US,Direct Drop,EXW,Air,Pre-PQ Process,4/29/2009,27-May-09,27-May-09,27-May-09,HRDT,HIV test,"Trinity Biotech, Plc","HIV 1/2, Uni-Gold HIV Kit, 20 Tests","HIV 1/2, Uni-Gold HIV Kit",Uni-Gold,10mg+ml+/,Test kit,20,"6,760",216320.00,32,1.6,"Trinity Biotech, Plc",TRUE,2261,"$17,643.81 ",423.99
"5,175",109-TZ-T01,Pre-PQ Process,SCMS-46500,ASN-4223,Tanzania,PMO - US,Direct Drop,FCA,Air,Pre-PQ Process,5/28/2009,30-Jul-09,30-Jul-09,30-Jul-09,ARV,Adult,Hoffmann-La Roche ltd Basel,"Saquinavir 200mg [Invirase], capsules, 270 Caps",Saquinavir,Invirase,80+20mg+ml,Capsule,270,820,73074.13,89.11,0.33,Roche Basel,TRUE,424,"$3,310.89 ",143.23
"6,753",102-NG-T01,Pre-PQ Process,SCMS-12240,ASN-707,Nigeria,PMO - US,Direct Drop,CIP,,Pre-PQ Process,Date Not Captured,07-Sep-07,07-May-07,07-May-07,HRDT,HIV test,ACCOUN NIGERIA LIMITED,"HIV 1/2, Determine Complete HIV Kit, 100 Tests","HIV 1/2, Determine Complete HIV Kit",Determine,10mg+ml+/,Test kit,100,500,40000.00,80,0.8,ABBVIE GmbH & Co.KG Wiesbaden,TRUE,Weight Captured Separately,Freight Included in Commodity Cost,64
"6,845",116-ZA-T01,Pre-PQ Process,SCMS-14050,ASN-1251,South Africa,PMO - US,Direct Drop,DDP,,Pre-PQ Process,11-12-07,29-Jan-08,29-Jan-08,29-Jan-08,ARV,Adult,"JSI R&T INSTITUTE, INC.","Stavudine 20mg [Zerit], capsules, 60 Caps",Stavudine,Zerit,10mg+ml+/,Capsule,60,30,179.70,5.99,0.1,"BMS Meymac, France",FALSE,Weight Captured Separately,Freight Included in Commodity Cost,0.29
"5,199",141-NA-T01,Pre-PQ Process,SCMS-47160,ASN-4663,Namibia,PMO - US,Direct Drop,EXW,Air,Pre-PQ Process,06-04-09,01-Sep-09,01-Sep-09,01-Sep-09,HRDT,HIV test,"Orgenics, Ltd","HIV 1/2, Clearview Complete Kit, 25 Tests","HIV 1/2, Clearview Complete Kit",Clearview,10mg+ml+/,Test kit,25,4,300.00,75,3,Chembio Diagnostics Sys. Inc.,TRUE,4,$133.25 ,0.59
"6,846",116-ZA-T01,Pre-PQ Process,SCMS-14050,ASN-1251,South Africa,PMO - US,Direct Drop,DDP,,Pre-PQ Process,11-12-07,29-Jan-08,29-Jan-08,29-Jan-08,ARV,Adult,"JSI R&T INSTITUTE, INC.","Nevirapine 200mg [Viramune], tablets, 60 Tabs",Nevirapine,Viramune,10mg+ml+/,Tablet,60,300,7272.00,24.24,0.4,"BI, Ingelheim, Germany",FALSE,Weight Captured Separately,Freight Included in Commodity Cost,11.64
"5,233",100-CI-T01,Pre-PQ Process,SCMS-3,ASN-6,Côte d'Ivoire,PMO - US,Direct Drop,EXW,Air,Pre-PQ Process,Date Not Captured,02-May-06,02-May-06,02-May-06,HRDT,HIV test,"Standard Diagnostics, Inc.","HIV 1/2, Bioline 3.0 Kit, (no accessories), 30 Tests","HIV 1/2, Bioline 3.0 Kit (no accessories)",Bioline,10mg+ml+/,Test kit,30,31,734.70,23.7,0.79,"Standard Diagnostics, Korea",TRUE,11,$515.32 ,
"5,243",104-CI-T01,Pre-PQ Process,SCMS-40,ASN-26,Côte d'Ivoire,PMO - US,Direct Drop,EXW,Air,Pre-PQ Process,Date Not Captured,08-Aug-06,08-Aug-06,08-Aug-06,HRDT,HIV test,RANBAXY Fine Chemicals LTD.,"HIV, Reveal G3 Rapid HIV-1 Antibody Test, 30 Tests","HIV, Reveal G3 Rapid HIV-1 Antibody Test",Reveal,20mg+ml+/,Test kit,30,19,551.00,29,0.97,Ranbaxy Fine Chemicals LTD,TRUE,13,$859.53 ,
"5,249",108-VN-T01,Pre-PQ Process,SCMS-79,ASN-53,Vietnam,PMO - US,Direct Drop,CIP,Air,Pre-PQ Process,Date Not Captured,15-Sep-06,15-Sep-06,15-Sep-06,ARV,Adult,ABBVIE LOGISTICS (FORMERLY ABBOTT LOGISTICS BV),"Lopinavir/Ritonavir 133.3/33.3mg [Kaletra], capsules, cool, 2 x 90 Caps",Lopinavir/Ritonavir,Kaletra,20mg+ml+/,Capsule,180,198,35802.36,180.82,1,ABBVIE (Abbott) St. P'burg USA,TRUE,389,"$7,286.16 ",
"6,913",116-ZA-T01,Pre-PQ Process,SCMS-16600,ASN-1520,South Africa,PMO - US,Direct Drop,DDP,,Pre-PQ Process,01-04-08,21-Jan-08,04-Jan-08,04-Jan-08,ARV,Pediatric,"JSI R&T INSTITUTE, INC.","Ritonavir 80mg/ml [Norvir], oral solution, cool, Bottle, 90 ml",Ritonavir,Norvir,10mg+ml+/,Oral solution,90,3,27.69,9.23,0.1,ABBVIE (Abbott) France,FALSE,Weight Captured Separately,Freight Included in Commodity Cost,0.04
"5,260",104-CI-T01,Pre-PQ Process,SCMS-103,ASN-61,Côte d'Ivoire,PMO - US,Direct Drop,EXW,Air,Pre-PQ Process,Date Not Captured,06-Sep-06,06-Sep-06,06-Sep-06,ARV,Adult,Aurobindo Pharma Limited,"Lamivudine 150mg, tablets, 60 Tabs",Lamivudine,Generic,80+20mg+ml,Tablet,60,"16,683",65897.85,3.95,0.07,"Aurobindo Unit III, India",TRUE,1498,"$20,257.08 ",
"6,914",116-ZA-T01,Pre-PQ Process,SCMS-16600,ASN-1520,South Africa,PMO - US,Direct Drop,DDP,,Pre-PQ Process,01-04-08,21-Jan-08,04-Jan-08,04-Jan-08,ARV,Pediatric,"JSI R&T INSTITUTE, INC.","Lopinavir/Ritonavir 80/20mg/ml [Kaletra], oral solution, cool, Bottle 5 x 60 ml",Lopinavir/Ritonavir,Kaletra,20mg+ml+/,Oral solution,300,30,1384.50,46.15,0.15,ABBVIE (Abbott) Logis. UK,FALSE,Weight Captured Separately,Freight Included in Commodity Cost,2.22
"5,268",105-GY-T01,Pre-PQ Process,SCMS-122,ASN-116,Guyana,PMO - US,Direct Drop,EXW,Air,Pre-PQ Process,Date Not Captured,25-Dec-06,25-Dec-06,25-Dec-06,ARV,Adult,Aurobindo Pharma Limited,"Stavudine 15mg, capsules, 60 Caps",Stavudine,Generic,80+20mg+ml,Capsule,60,602,1414.70,2.35,0.04,"Aurobindo Unit III, India",TRUE,37,$569.52 ,
"5,277",114-UG-T01,Pre-PQ Process,SCMS-159,ASN-125,Uganda,PMO - US,Direct Drop,EXW,Air,Pre-PQ Process,Date Not Captured,22-Dec-06,22-Dec-06,22-Dec-06,ARV,Adult,SUN PHARMACEUTICAL INDUSTRIES LTD (RANBAXY LABORATORIES LIMITED),"Lamivudine 150mg, tablets, 60 Tabs",Lamivudine,Generic,10mg+ml+/,Tablet,60,"6,349",21269.15,3.35,0.06,"Ranbaxy, Paonta Shahib, India",TRUE,369,"$2,623.49 ",
"6,915",116-ZA-T01,Pre-PQ Process,SCMS-16600,ASN-1520,South Africa,PMO - US,Direct Drop,DDP,,Pre-PQ Process,01-04-08,21-Jan-08,04-Jan-08,04-Jan-08,ARV,Adult,"JSI R&T INSTITUTE, INC.","Lamivudine 150mg [Epivir], tablets, 60 Tabs",Lamivudine,Epivir,10mg+ml+/,Tablet,60,"2,500",14525.00,5.81,0.1,GSK Cape Town Factory (South Africa),FALSE,Weight Captured Separately,Freight Included in Commodity Cost,23.24
"5,279",108-VN-T01,Pre-PQ Process,SCMS-167,ASN-270,Vietnam,PMO - US,Direct Drop,EXW,Air,Pre-PQ Process,11/14/2006,14-Mar-07,14-Mar-07,14-Mar-07,ARV,Adult,SUN PHARMACEUTICAL INDUSTRIES LTD (RANBAXY LABORATORIES LIMITED),"Lamivudine 150mg, tablets, 60 Tabs",Lamivudine,Generic,80+20mg+ml,Tablet,60,"98,400",329640.00,3.35,0.06,"Ranbaxy, Paonta Shahib, India",TRUE,4300,"$27,923.26 ",
"5,280",108-VN-T01,Pre-PQ Process,SCMS-476,ASN-387,Vietnam,PMO - US,Direct Drop,EXW,Air,Pre-PQ Process,11/14/2006,14-Mar-07,16-May-07,16-May-07,ARV,Pediatric,Aurobindo Pharma Limited,"Didanosine 100mg, chewable/dispersible tablets, 60 Tabs",Didanosine,Generic,30mg+ml+/,Chewable/dispersible tablet,60,"1,700",17850.00,10.5,0.18,"Aurobindo Unit III, India",TRUE,356,"$14,982.10 ",
"6,931",109-TZ-T01,Pre-PQ Process,SCMS-16760,ASN-1697,Tanzania,PMO - US,Direct Drop,CIP,Air,Pre-PQ Process,1/24/2008,08-May-08,08-May-08,08-May-08,ARV,Pediatric,GLAXOSMITHKLINE EXPORT LIMITED,"Abacavir 20mg/ml [Ziagen], oral solution, Bottle, 240 ml",Abacavir,Ziagen,10mg+ml+/,Oral solution,240,132,3300.00,25,0.1,GSK Mississauga (Canada),TRUE,Weight Captured Separately,Freight Included in Commodity Cost,5.28
"6,972",102-LS-T01,Pre-PQ Process,SCMS-18360,ASN-1430,Lesotho,PMO - US,Direct Drop,DDP,Air,Pre-PQ Process,2/27/2008,12-Mar-08,12-Mar-08,12-Mar-08,HRDT,HIV test,Orasure Technologies Inc.,"HIV 1/2, OraQuick Advance HIV Rapid Antibody Kit, 100 Tests","HIV 1/2, OraQuick Advance HIV Rapid Antibody Kit",OraQuick,20mg+ml+/,Test kit,100,7,2450.00,350,3.5,"Pacific Biotech, Thailand",TRUE,Weight Captured Separately,Freight Included in Commodity Cost,3.92
"5,283",108-VN-T01,Pre-PQ Process,SCMS-172,ASN-302,Vietnam,PMO - US,Direct Drop,CIP,Air,Pre-PQ Process,11/29/2006,16-Apr-07,16-Apr-07,16-Apr-07,ARV,Adult,ABBVIE LOGISTICS (FORMERLY ABBOTT LOGISTICS BV),"Lopinavir/Ritonavir 200/50mg [Aluvia], tablets, 120 Tabs",Lopinavir/Ritonavir,Aluvia,80+20mg+ml,Tablet,120,"1,320",238682.40,180.82,1.51,ABBVIE (Abbott) Logis. UK,TRUE,304,"$13,453.12 ",
"5,293",102-GY-T01,Pre-PQ Process,SCMS-225,ASN-113,Guyana,PMO - US,Direct Drop,EXW,Air,Pre-PQ Process,Date Not Captured,15-Nov-06,15-Nov-06,15-Nov-06,HRDT,HIV test,Abbott GmbH & Co. KG,"HIV 1/2, Determine Complete HIV Kit, 100 Tests","HIV 1/2, Determine Complete HIV Kit",Determine,10mg+ml+/,Test kit,100,230,18400.00,80,0.8,ABBVIE GmbH & Co.KG Wiesbaden,TRUE,38681,$801.54 ,
"5,294",102-NG-T01,Pre-PQ Process,SCMS-228,ASN-141,Nigeria,PMO - US,Direct Drop,EXW,Air,Pre-PQ Process,Date Not Captured,18-Jan-07,18-Jan-07,18-Jan-07,HRDT,HIV test,"Trinity Biotech, Plc","HIV 1/2, Uni-Gold HIV Kit, 20 Tests","HIV 1/2, Uni-Gold HIV Kit",Uni-Gold,30mg+ml+/,Test kit,20,40,1600.00,40,2,"Trinity Biotech, Plc",TRUE,14,$713.58 ,
"7,008",116-ZA-T01,Pre-PQ Process,SCMS-19800,ASN-1665,South Africa,PMO - US,Direct Drop,DDP,Truck,Pre-PQ Process,2/20/2008,24-Apr-08,24-Apr-08,24-Apr-08,ARV,Pediatric,S. BUYS WHOLESALER,"Lopinavir/Ritonavir 80/20mg/ml [Kaletra], oral solution, cool, Bottle 5 x 60 ml",Lopinavir/Ritonavir,Kaletra,10mg+ml+/,Oral solution,300,10,394.00,39.4,0.13,ABBVIE (Abbott) Logis. UK,FALSE,Weight Captured Separately,Freight Included in Commodity Cost,0.63
"7,009",116-ZA-T01,Pre-PQ Process,SCMS-19800,ASN-1665,South Africa,PMO - US,Direct Drop,DDP,Truck,Pre-PQ Process,2/20/2008,24-Apr-08,24-Apr-08,24-Apr-08,ARV,Pediatric,S. BUYS WHOLESALER,"Zidovudine 10mg/ml [Retrovir], oral solution, Bottle, 200 ml",Zidovudine,Retrovir,10mg+ml+/,Oral solution,200,100,676.00,6.76,0.03,GSK Mississauga (Canada),FALSE,Weight Captured Separately,Freight Included in Commodity Cost,1.08
"5,304",109-TZ-T01,Pre-PQ Process,SCMS-367,ASN-221,Tanzania,PMO - US,Direct Drop,EXW,Air,Pre-PQ Process,1/25/2007,23-Mar-07,23-Mar-07,23-Mar-07,HRDT,HIV test,"Trinity Biotech, Plc","HIV 1/2, Capillus HIV Kit, 100 Tests","HIV 1/2, Capillus HIV Kit",Capillus,10mg+ml+/,Test kit,100,700,97300.00,139,1.39,"Trinity Biotech, Plc",TRUE,488,"$3,114.08 ",
"5,324",102-GY-T01,Pre-PQ Process,SCMS-526,ASN-343,Guyana,PMO - US,Direct Drop,EXW,Air,Pre-PQ Process,04-02-07,30-Apr-07,30-Apr-07,30-Apr-07,HRDT,HIV test,"Trinity Biotech, Plc","HIV 1/2, Uni-Gold HIV Kit, 20 Tests","HIV 1/2, Uni-Gold HIV Kit",Uni-Gold,10mg+ml+/,Test kit,20,"1,000",32000.00,32,1.6,"Trinity Biotech, Plc",TRUE,337,"$5,240.47 ",
"5,352",102-GY-T01,Pre-PQ Process,SCMS-765,ASN-575,Guyana,PMO - US,Direct Drop,EXW,Air,Pre-PQ Process,07-06-07,07-Aug-07,07-Aug-07,07-Aug-07,HRDT,HIV test,"Trinity Biotech, Plc","HIV 1/2, Uni-Gold HIV Kit, 20 Tests","HIV 1/2, Uni-Gold HIV Kit",Uni-Gold,10mg+ml+/,Test kit,20,"1,500",48000.00,32,1.6,"Trinity Biotech, Plc",TRUE,515,"$8,576.80 ",76.8
"5,353",102-GY-T01,Pre-PQ Process,SCMS-767,ASN-620,Guyana,PMO - US,Direct Drop,EXW,Air,Pre-PQ Process,7/25/2007,09-Aug-07,21-Aug-07,21-Aug-07,HRDT,HIV test,"Orgenics, Ltd","HIV 1/2, Determine HIV Kit, without Lancets, 100 Tests","HIV 1/2, Determine HIV Kit, without Lancets",Determine,20mg+ml+/,Test kit,100,300,21597.00,71.99,0.72,Inverness Japan,TRUE,69,"$1,398.60 ",34.56
"7,055",116-ZA-T01,Pre-PQ Process,SCMS-21460,ASN-1667,South Africa,PMO - US,Direct Drop,DDP,,Pre-PQ Process,04-04-08,25-Apr-08,07-Apr-08,07-Apr-08,ARV,Pediatric,S. BUYS WHOLESALER,"Didanosine 100mg [Videx],chewable tablets, 60 Tabs",Didanosine,Videx,10mg+ml+/,Chewable/dispersible tablet,60,6,81.66,13.61,0.23,"BMS Meymac, France",FALSE,Weight Captured Separately,Freight Included in Commodity Cost,0.13
"7,056",116-ZA-T01,Pre-PQ Process,SCMS-21460,ASN-1666,South Africa,PMO - US,Direct Drop,DDP,,Pre-PQ Process,04-04-08,25-Apr-08,08-Apr-08,08-Apr-08,ARV,Adult,S. BUYS WHOLESALER,"Lopinavir/Ritonavir 133.3/33.3mg [Kaletra], capsules, cool, 2 x 90 Caps",Lopinavir/Ritonavir,Kaletra,10mg+ml+/,Capsule,180,400,14352.00,35.88,0.2,ABBVIE (Abbott) Logis. UK,TRUE,Weight Captured Separately,Freight Included in Commodity Cost,22.96
"5,366",100-HT-T01,Pre-PQ Process,SCMS-10080,ASN-606,Haiti,PMO - US,Direct Drop,EXW,Air,Pre-PQ Process,7/26/2007,13-Aug-07,07-Aug-07,07-Aug-07,HRDT,HIV test - Ancillary,"Orgenics, Ltd","HIV, Lancet, Safety, for HIV Test kits, 100 Pcs","HIV, Lancet, Safety, for HIV Test kits, 100 Pcs",Generic,10mg+ml+/,Test kit - Ancillary,100,300,3.00,0.01,0,Inverness Japan,TRUE,24,$240 ,0
"5,428",104-CI-T01,Pre-PQ Process,SCMS-12400,ASN-794,Côte d'Ivoire,PMO - US,Direct Drop,EXW,Air,Pre-PQ Process,9/18/2007,23-Oct-07,23-Oct-07,23-Oct-07,HRDT,HIV test,"Standard Diagnostics, Inc.","HIV 1/2, Bioline 3.0 Kit, (no accessories), 30 Tests","HIV 1/2, Bioline 3.0 Kit (no accessories)",Bioline,30mg+ml+/,Test kit,30,"2,000",47000.00,23.5,0.78,"Standard Diagnostics, Korea",TRUE,750,"$7,961.70 ",75.2
"5,446",107-RW-T01,Pre-PQ Process,SCMS-13020,ASN-914,Rwanda,PMO - US,Direct Drop,EXW,Air,Pre-PQ Process,10/18/2007,19-Nov-07,19-Nov-07,19-Nov-07,HRDT,HIV test,Premier Medical Corporation Ltd.,"HIV 1/2/O, First Response HIV 1-2.0, v.3.0 Cards Kit, 30 Tests","HIV 1/2/O, First Response HIV 1-2.0, v.3.0 Cards Kit",First Response,10mg+ml+/,Test kit,30,"1,400",23100.00,16.5,0.55,Premier Med. Corp Ltd. India,TRUE,405,"$3,616.95 ",36.96
"7,125",116-ZA-T01,Pre-PQ Process,SCMS-23500,ASN-2293,South Africa,PMO - US,Direct Drop,DDP,Truck,Pre-PQ Process,Date Not Captured,20-Aug-08,08-May-08,08-May-08,ARV,Pediatric,S. BUYS WHOLESALER,"Lopinavir/Ritonavir 80/20mg/ml [Kaletra], oral solution, cool, Bottle 5 x 60 ml",Lopinavir/Ritonavir,Kaletra,10mg+ml+/,Oral solution,300,40,1479.60,36.99,0.12,ABBVIE (Abbott) Logis. UK,FALSE,Weight Captured Separately,Freight Included in Commodity Cost,2.37
"7,126",116-ZA-T01,Pre-PQ Process,SCMS-23500,ASN-2484,South Africa,PMO - US,Direct Drop,DDP,Truck,Pre-PQ Process,Date Not Captured,20-Aug-08,14-Aug-08,14-Aug-08,ARV,Adult,S. BUYS WHOLESALER,"Emtricitabine/Tenofovir Disoproxil Fumarate 200/300mg [Truvada], tablets, 30 Tabs",Emtricitabine/Tenofovir Disoproxil Fumarate,Truvada,10mg+ml+/,Tablet - FDC,30,150,5737.50,38.25,1.27,Gilead(Nycomed) Oranienburg DE,TRUE,Weight Captured Separately,Freight Included in Commodity Cost,9.18
"7,127",116-ZA-T01,Pre-PQ Process,SCMS-23500,ASN-2293,South Africa,PMO - US,Direct Drop,DDP,Truck,Pre-PQ Process,Date Not Captured,20-Aug-08,08-May-08,08-May-08,ARV,Adult,S. BUYS WHOLESALER,"Efavirenz 600mg, tablets, 30 Tabs",Efavirenz,Generic,20mg+ml+/,Tablet,30,"1,500",23790.00,15.86,0.53,"Cipla, Goa, India",FALSE,Weight Captured Separately,Freight Included in Commodity Cost,38.06
"7,128",116-ZA-T01,Pre-PQ Process,SCMS-23500,ASN-2300,South Africa,PMO - US,Direct Drop,DDP,Truck,Pre-PQ Process,Date Not Captured,20-Aug-08,14-May-08,14-May-08,ARV,Pediatric,S. BUYS WHOLESALER,"Lamivudine 10mg/ml [Epivir], oral solution, Bottle, 240 ml",Lamivudine,Epivir,10mg+ml+/,Oral solution,240,470,2942.20,6.26,0.03,GSK Mississauga (Canada),FALSE,Weight Captured Separately,Freight Included in Commodity Cost,4.71
"5,522",108-VN-T01,Pre-PQ Process,SCMS-14210,ASN-1340,Vietnam,PMO - US,Direct Drop,FCA,Air,Pre-PQ Process,11/22/2007,06-Mar-08,06-Mar-08,06-Mar-08,ARV,Adult,ABBVIE LOGISTICS (FORMERLY ABBOTT LOGISTICS BV),"Lopinavir/Ritonavir 200/50mg [Aluvia], tablets, 120 Tabs",Lopinavir/Ritonavir,Aluvia,80+20mg+ml,Tablet,120,"1,000",82200.00,82.2,0.68,ABBVIE Ludwigshafen Germany,TRUE,249,"$3,120.92 ",131.52
"5,532",107-RW-T01,Pre-PQ Process,SCMS-14630,ASN-1198,Rwanda,PMO - US,Direct Drop,EXW,Air,Pre-PQ Process,12-10-07,31-Jan-08,28-Jan-08,28-Jan-08,HRDT,HIV test,"Orgenics, Ltd","HIV 1/2, Determine HIV Kit, without Lancets, 100 Tests","HIV 1/2, Determine HIV Kit, without Lancets",Determine,10mg+ml+/,Test kit,100,"1,500",107985.00,71.99,0.72,Inverness Japan,TRUE,340,"$9,479.89 ",172.78
"7,129",116-ZA-T01,Pre-PQ Process,SCMS-23500,ASN-2299,South Africa,PMO - US,Direct Drop,DDP,Truck,Pre-PQ Process,Date Not Captured,20-Aug-08,14-May-08,14-May-08,ARV,Pediatric,S. BUYS WHOLESALER,"Zidovudine 10mg/ml [Retrovir], oral solution, Bottle, 200 ml",Zidovudine,Retrovir,10mg+ml+/,Oral solution,200,140,960.40,6.86,0.03,GSK Mississauga (Canada),TRUE,Weight Captured Separately,Freight Included in Commodity Cost,1.54
"5,551",100-HT-T01,Pre-PQ Process,SCMS-15480,ASN-1403,Haiti,PMO - US,Direct Drop,EXW,Air,Pre-PQ Process,Date Not Captured,10-Mar-08,10-Mar-08,10-Mar-08,HRDT,HIV test,"Trinity Biotech, Plc","HIV 1/2, Capillus HIV Kit, 100 Tests","HIV 1/2, Capillus HIV Kit",Capillus,80+20mg+ml,Test kit,100,2,278.00,139,1.39,"Trinity Biotech, Plc",TRUE,1,$897.52 ,0.44
"7,202",116-ZA-T01,Pre-PQ Process,SCMS-25550,ASN-2294,South Africa,PMO - US,Direct Drop,DDP,Truck,Pre-PQ Process,Date Not Captured,17-Jun-08,17-Jun-08,17-Jun-08,ARV,Adult,S. BUYS WHOLESALER,"Emtricitabine/Tenofovir Disoproxil Fumarate 200/300mg [Truvada], tablets, 30 Tabs",Emtricitabine/Tenofovir Disoproxil Fumarate,Truvada,10mg+ml+/,Tablet - FDC,30,60,2368.20,39.47,1.32,"Aspen-OSD, Port Elizabeth, SA",TRUE,Weight Captured Separately,Freight Included in Commodity Cost,3.79
"5,589",102-BW-T01,Pre-PQ Process,SCMS-16720,ASN-1402,Botswana,PMO - US,Direct Drop,EXW,Air,Pre-PQ Process,02-04-08,03-Apr-08,03-Apr-08,03-Apr-08,HRDT,HIV test,"Trinity Biotech, Plc","HIV 1/2, Uni-Gold HIV Kit, 20 Tests","HIV 1/2, Uni-Gold HIV Kit",Uni-Gold,20mg+ml+/,Test kit,20,450,14400.00,32,1.6,"Trinity Biotech, Plc",TRUE,155,"$1,625.08 ",23.04
"5,590",102-NG-T01,Pre-PQ Process,SCMS-16890,ASN-1874,Nigeria,PMO - US,Direct Drop,EXW,Air,Pre-PQ Process,1/29/2008,19-Sep-08,20-Jun-08,20-Jun-08,HRDT,HIV test,"CHEMBIO DIAGNOSTIC SYSTEMS, INC.","HIV 1/2, Stat-Pak HIV, Kit, 20 Tests","HIV 1/2, Stat-Pak HIV, Kit",Stat-Pak,80+20mg+ml,Test kit,20,"7,301",197127.00,27,1.35,Chembio Diagnostics Sys. Inc.,TRUE,2093,"$16,036.94 ",315.4
"7,244",116-ZA-T01,Pre-PQ Process,SCMS-26820,ASN-2488,South Africa,PMO - US,Direct Drop,DDP,Truck,Pre-PQ Process,Date Not Captured,10-Jul-08,08-Jul-08,08-Jul-08,ARV,Adult,S. BUYS WHOLESALER,"Nevirapine 200mg, tablets, 60 Tabs",Nevirapine,Generic,30mg+ml+/,Tablet,60,120,2428.80,20.24,0.34,"Cipla, Goa, India",FALSE,Weight Captured Separately,Freight Included in Commodity Cost,3.89
"5,596",128-BJ-T01,Pre-PQ Process,SCMS-17280,ASN-1380,Benin,PMO - US,Direct Drop,EXW,Air,Pre-PQ Process,02-06-08,10-Mar-08,04-Mar-08,04-Mar-08,HRDT,HIV test,"Orgenics, Ltd","HIV 1/2, Determine HIV Kit, without Lancets, 100 Tests","HIV 1/2, Determine HIV Kit, without Lancets",Determine,80+20mg+ml,Test kit,100,"1,436",103377.64,71.99,0.72,Inverness Japan,TRUE,327,"$6,687.51 ",165.4
"7,325",116-ZA-T01,Pre-PQ Process,SCMS-28830,ASN-2502,South Africa,PMO - US,Direct Drop,DDP,Truck,Pre-PQ Process,Date Not Captured,25-Aug-08,18-Aug-08,18-Aug-08,ARV,Adult,S. BUYS WHOLESALER,"Nevirapine 200mg, tablets, 60 Tabs",Nevirapine,Generic,10mg+ml+/,Tablet,60,240,4860.00,20.25,0.34,"Cipla, Goa, India",FALSE,Weight Captured Separately,Freight Included in Commodity Cost,7.78
"5,634",104-CI-T01,Pre-PQ Process,SCMS-18300,ASN-3434,Côte d'Ivoire,PMO - US,Direct Drop,EXW,Air,Pre-PQ Process,03-03-08,19-Mar-09,19-Mar-09,19-Mar-09,HRDT,HIV test,"Standard Diagnostics, Inc.","HIV 1/2, Bioline 3.0 Kit, Lancets, Capillary pipets, Alcohol swabs included, 25 Tests","HIV 1/2, Bioline 3.0 Kit, Lancets, Capillary pipets, Alcohol swabs included",Bioline,20mg+ml+/,Test kit,25,659,13180.00,20,0.8,"Standard Diagnostics, Korea",TRUE,206,"$2,358.13 ",25.83
"5,635",102-LS-T01,Pre-PQ Process,SCMS-18370,ASN-1660,Lesotho,PMO - US,Direct Drop,EXW,Air,Pre-PQ Process,2/27/2008,14-Jul-08,14-Jul-08,14-Jul-08,HRDT,HIV test,Orasure Technologies Inc.,"HIV 1/2, OraQuick Advance HIV Rapid Antibody Kit, 100 Tests","HIV 1/2, OraQuick Advance HIV Rapid Antibody Kit",OraQuick,20mg+ml+/,Test kit,100,7,2450.00,350,3.5,"Pacific Biotech, Thailand",TRUE,17,$587.63 ,3.92
"5,645",102-BW-T01,Pre-PQ Process,SCMS-18730,ASN-1608,Botswana,PMO - US,Direct Drop,EXW,Air,Pre-PQ Process,03-11-08,23-Jun-08,04-Jun-08,04-Jun-08,HRDT,HIV test,"Orgenics, Ltd","HIV 1/2, Determine HIV Kit, without Lancets, 100 Tests","HIV 1/2, Determine HIV Kit, without Lancets",Determine,80+20mg+ml,Test kit,100,200,14398.00,71.99,0.72,Inverness Japan,TRUE,46,"$1,028.18 ",23.04
"7,326",116-ZA-T01,Pre-PQ Process,SCMS-28830,ASN-2503,South Africa,PMO - US,Direct Drop,DDP,Truck,Pre-PQ Process,Date Not Captured,25-Aug-08,14-Aug-08,14-Aug-08,ARV,Pediatric,S. BUYS WHOLESALER,"Stavudine 1mg/ml [Zerit], powder for oral solution, Bottle, 200 ml",Stavudine,Zerit,10mg+ml+/,Powder for oral solution,200,120,176.40,1.47,0.01,"BMS Meymac, France",FALSE,Weight Captured Separately,Freight Included in Commodity Cost,0.28
"5,647",114-UG-T01,Pre-PQ Process,SCMS-18750,ASN-1618,Uganda,PMO - US,Direct Drop,EXW,Air,Pre-PQ Process,03-11-08,22-May-08,22-May-08,22-May-08,HRDT,HIV test - Ancillary,"Orgenics, Ltd","HIV, Lancet, Safety, for HIV Test kits, 100 Pcs","HIV, Lancet, Safety, for HIV Test kits, 100 Pcs",Generic,10mg+ml+/,Test kit - Ancillary,100,850,8.50,0.01,0,Inverness Japan,TRUE,56,$360 ,0.01
"5,657",114-UG-T01,Pre-PQ Process,SCMS-18900,ASN-1543,Uganda,PMO - US,Direct Drop,EXW,Air,Pre-PQ Process,3/14/2008,02-Jun-08,02-Jun-08,02-Jun-08,HRDT,HIV test,"CHEMBIO DIAGNOSTIC SYSTEMS, INC.","HIV 1/2, Stat-Pak HIV, Kit, 20 Tests","HIV 1/2, Stat-Pak HIV, Kit",Stat-Pak,80+20mg+ml,Test kit,20,"1,275",34425.00,27,1.35,Chembio Diagnostics Sys. Inc.,TRUE,483,"$4,193.88 ",55.08
"5,658",114-UG-T01,Pre-PQ Process,SCMS-18910,ASN-1614,Uganda,PMO - US,Direct Drop,EXW,Air,Pre-PQ Process,3/13/2008,02-Jun-08,02-Jun-08,02-Jun-08,HRDT,HIV test,"Trinity Biotech, Plc","HIV 1/2, Uni-Gold HIV Kit, 20 Tests","HIV 1/2, Uni-Gold HIV Kit",Uni-Gold,80+20mg+ml,Test kit,20,85,2720.00,32,1.6,"Trinity Biotech, Plc",TRUE,85,"$1,253.98 ",4.35
"5,661",104-CI-T01,Pre-PQ Process,SCMS-19100,ASN-1598,Côte d'Ivoire,PMO - US,Direct Drop,EXW,Air,Pre-PQ Process,3/18/2008,30-May-08,30-May-08,30-May-08,HRDT,HIV test,BIO-RAD LABORATORIES (FRANCE),"#108853** HIV, Genie II HIV-1/HIV-2 Kit, 40 Tests","HIV, Genie II HIV-1/HIV-2 Kit",Genie,10mg+ml+/,Test kit,40,331,25156.00,76,1.9,Bio-Rad Laboratories,TRUE,366,"$7,915.98 ",40.25
"7,327",116-ZA-T01,Pre-PQ Process,SCMS-28830,ASN-2503,South Africa,PMO - US,Direct Drop,DDP,Truck,Pre-PQ Process,Date Not Captured,25-Aug-08,14-Aug-08,14-Aug-08,ARV,Adult,S. BUYS WHOLESALER,"Lamivudine 150mg [Epivir], tablets, 60 Tabs",Lamivudine,Epivir,20mg+ml+/,Tablet,60,"1,500",7965.00,5.31,0.09,GSK Cape Town Factory (South Africa),FALSE,Weight Captured Separately,Freight Included in Commodity Cost,12.74
"7,475",116-ZA-T01,Pre-PQ Process,SCMS-33320,ASN-3553,South Africa,PMO - US,Direct Drop,DDP,Truck,Pre-PQ Process,Date Not Captured,17-May-09,09-Oct-08,09-Oct-08,ARV,Adult,S. BUYS WHOLESALER,"Zidovudine 300mg [Retrovir], tablets, 60 Tabs",Zidovudine,Retrovir,10mg+ml+/,Tablet,60,350,4417.00,12.62,0.21,GSK Aranda,FALSE,Weight Captured Separately,Freight Included in Commodity Cost,8.66
"7,476",116-ZA-T01,Pre-PQ Process,SCMS-33320,ASN-3553,South Africa,PMO - US,Direct Drop,DDP,Truck,Pre-PQ Process,Date Not Captured,17-May-09,09-Oct-08,09-Oct-08,ARV,Adult,S. BUYS WHOLESALER,"Lamivudine 150mg [Epivir], tablets, 60 Tabs",Lamivudine,Epivir,10mg+ml+/,Tablet,60,"1,200",5772.00,4.81,0.08,GSK Cape Town Factory (South Africa),FALSE,Weight Captured Separately,Freight Included in Commodity Cost,11.31
"7,477",116-ZA-T01,Pre-PQ Process,SCMS-33320,ASN-3553,South Africa,PMO - US,Direct Drop,DDP,Truck,Pre-PQ Process,Date Not Captured,17-May-09,09-Oct-08,09-Oct-08,ARV,Pediatric,S. BUYS WHOLESALER,"Didanosine 25mg [Videx], chewable tablets, 60 Tabs",Didanosine,Videx,10mg+ml+/,Chewable/dispersible tablet,60,10,123.10,12.31,0.21,"BMS Meymac, France",FALSE,Weight Captured Separately,Freight Included in Commodity Cost,0.24
"5,701",108-VN-T01,Pre-PQ Process,SCMS-20200,ASN-2017,Vietnam,PMO - US,Direct Drop,EXW,Air,Pre-PQ Process,3/31/2008,14-Jul-08,14-Jul-08,14-Jul-08,ARV,Adult,Aurobindo Pharma Limited,"Abacavir 300mg, tablets, 60 Tabs",Abacavir,Generic,10mg+ml+/,Tablet,60,500,12500.00,25,0.42,"Aurobindo Unit III, India",TRUE,124,"$5,217.59 ",20
"5,703",108-VN-T01,Pre-PQ Process,SCMS-20341,ASN-1691,Vietnam,PMO - US,Direct Drop,EXW,Air,Pre-PQ Process,04-10-08,01-Jun-08,22-May-08,22-May-08,ARV,Adult,MYLAN LABORATORIES LTD (FORMERLY MATRIX LABORATORIES),"Tenofovir Disoproxil Fumarate 300mg, tablets, 30 Tabs",Tenofovir Disoproxil Fumarate,Generic,10mg+ml+/,Tablet,30,"2,016",27538.56,13.66,0.46,Mylan (formerly Matrix) Nashik,TRUE,122,"$2,864.44 ",44.06
"5,713",104-CI-T01,Pre-PQ Process,SCMS-21270,ASN-1669,Côte d'Ivoire,PMO - US,Direct Drop,EXW,Air,Pre-PQ Process,04-07-08,09-May-08,09-May-08,09-May-08,HRDT,HIV test,"Orgenics, Ltd","HIV 1/2, Determine HIV Kit, without Lancets, 100 Tests","HIV 1/2, Determine HIV Kit, without Lancets",Determine,80+20mg+ml,Test kit,100,250,17997.50,71.99,0.72,Inverness Japan,TRUE,57,"$1,796.68 ",28.8
"7,718",116-ZA-T01,Pre-PQ Process,SCMS-40780,ASN-3607,South Africa,PMO - US,Direct Drop,DDP,Air,Pre-PQ Process,Date Not Captured,17-Mar-09,28-Nov-08,28-Nov-08,ARV,Adult,S. BUYS WHOLESALER,"Zidovudine 300mg, tablets, 60 Tabs",Zidovudine,Generic,10mg+ml+/,Tablet,60,300,3699.00,12.33,0.21,"Aurobindo Unit III, India",FALSE,Weight Captured Separately,Freight Included in Commodity Cost,7.25
"7,719",116-ZA-T01,Pre-PQ Process,SCMS-40780,ASN-3607,South Africa,PMO - US,Direct Drop,DDP,Air,Pre-PQ Process,Date Not Captured,17-Mar-09,28-Nov-08,28-Nov-08,ARV,Pediatric,S. BUYS WHOLESALER,"Zidovudine 10mg/ml, oral solution, Bottle, 240 ml",Zidovudine,Generic,10mg+ml+/,Oral solution,240,540,2030.40,3.76,0.02,"Aurobindo Unit III, India",FALSE,Weight Captured Separately,Freight Included in Commodity Cost,3.98
"5,793",108-VN-T01,Pre-PQ Process,SCMS-23340,ASN-2277,Vietnam,PMO - US,Direct Drop,EXW,Air,Pre-PQ Process,5/13/2008,19-Sep-08,19-Sep-08,19-Sep-08,ARV,Adult,Aurobindo Pharma Limited,"Lamivudine/Zidovudine 150/300mg, tablets, 60 Tabs",Lamivudine/Zidovudine,Generic,80+20mg+ml,Tablet - FDC,60,"3,024",27972.00,9.25,0.15,"Aurobindo Unit III, India",TRUE,703,"$10,356.86 ",44.76
"5,794",108-VN-T01,Pre-PQ Process,SCMS-23350,ASN-2489,Vietnam,PMO - US,Direct Drop,FCA,Air,Pre-PQ Process,5/13/2008,16-Nov-08,16-Nov-08,16-Nov-08,ARV,Adult,ABBVIE LOGISTICS (FORMERLY ABBOTT LOGISTICS BV),"Lopinavir/Ritonavir 200/50mg [Aluvia], tablets, 120 Tabs",Lopinavir/Ritonavir,Aluvia,10mg+ml+/,Tablet,120,"1,040",85488.00,82.2,0.68,ABBVIE Ludwigshafen Germany,TRUE,251,"$2,519.89 ",136.78
"5,796",108-VN-T01,Pre-PQ Process,SCMS-23440,ASN-2335,Vietnam,PMO - US,Direct Drop,EXW,Air,Pre-PQ Process,5/13/2008,20-Sep-08,20-Sep-08,20-Sep-08,ARV,Adult,MYLAN LABORATORIES LTD (FORMERLY MATRIX LABORATORIES),"Lamivudine 150mg, tablets, 60 Tabs",Lamivudine,Generic,80+20mg+ml,Tablet,60,"9,576",24897.60,2.6,0.04,Mylan (formerly Matrix) Nashik,TRUE,889,"$7,884.80 ",39.84
"7,720",116-ZA-T01,Pre-PQ Process,SCMS-40780,ASN-3607,South Africa,PMO - US,Direct Drop,DDP,Air,Pre-PQ Process,Date Not Captured,17-Mar-09,28-Nov-08,28-Nov-08,ARV,Adult,S. BUYS WHOLESALER,"Lopinavir/Ritonavir 200/50mg [Aluvia], tablets, 120 Tabs",Lopinavir/Ritonavir,Aluvia,20mg+ml+/,Tablet,120,"1,500",47880.00,31.92,0.27,ABBVIE Ludwigshafen Germany,FALSE,Weight Captured Separately,Freight Included in Commodity Cost,93.84
"7,721",116-ZA-T01,Pre-PQ Process,SCMS-40810,ASN-3634,South Africa,PMO - US,Direct Drop,DDP,Air,Pre-PQ Process,Date Not Captured,31-Mar-09,02-Dec-08,02-Dec-08,ARV,Adult,S. BUYS WHOLESALER,"Efavirenz 600mg, tablets, 30 Tabs",Efavirenz,Generic,10mg+ml+/,Tablet,30,"6,734",98383.74,14.61,0.49,"Cipla, Goa, India",FALSE,Weight Captured Separately,Freight Included in Commodity Cost,192.83
"7,729",116-ZA-T01,Pre-PQ Process,SCMS-41090,ASN-3626,South Africa,PMO - US,Direct Drop,DDP,Air,Pre-PQ Process,Date Not Captured,09-Jun-09,27-Jan-09,27-Jan-09,ARV,Pediatric,S. BUYS WHOLESALER,"Efavirenz 50mg, capsule, 30 Caps",Efavirenz,Generic,10mg+ml+/,Capsule,30,"2,996",9197.72,3.07,0.1,"Aurobindo Unit III, India",TRUE,Weight Captured Separately,Freight Included in Commodity Cost,18.03
"7,730",116-ZA-T01,Pre-PQ Process,SCMS-41140,ASN-3752,South Africa,PMO - US,Direct Drop,DDP,Air,Pre-PQ Process,Date Not Captured,31-Mar-09,21-Nov-08,21-Nov-08,ARV,Adult,S. BUYS WHOLESALER,"Saquinavir 200mg [Invirase], capsules, 270 Caps",Saquinavir,Invirase,10mg+ml+/,Capsule,270,30,1634.70,54.49,0.2,Roche Basel,FALSE,Weight Captured Separately,Freight Included in Commodity Cost,3.2
"5,815",106-HT-T01,Pre-PQ Process,SCMS-23800,ASN-2257,Haiti,PMO - US,Direct Drop,EXW,Air,Pre-PQ Process,5/20/2008,22-Aug-08,22-Aug-08,22-Aug-08,HRDT,HIV test,"Trinity Biotech, Plc","HIV 1/2, Capillus HIV Kit, 100 Tests","HIV 1/2, Capillus HIV Kit",Capillus,80+20mg+ml,Test kit,100,121,16819.00,139,1.39,"Trinity Biotech, Plc",TRUE,100,"$1,372.85 ",26.91
"5,818",106-HT-T01,Pre-PQ Process,SCMS-23920,ASN-2569,Haiti,PMO - US,Direct Drop,EXW,Air,Pre-PQ Process,5/20/2008,10-Oct-08,10-Oct-08,10-Oct-08,HRDT,HIV test,"Trinity Biotech, Plc","HIV 1/2, Capillus HIV Kit, 100 Tests","HIV 1/2, Capillus HIV Kit",Capillus,10mg+ml+/,Test kit,100,84,11676.00,139,1.39,"Trinity Biotech, Plc",TRUE,54,$871.71 ,18.68
"7,731",116-ZA-T01,Pre-PQ Process,SCMS-41140,ASN-3752,South Africa,PMO - US,Direct Drop,DDP,Air,Pre-PQ Process,Date Not Captured,31-Mar-09,21-Nov-08,21-Nov-08,ARV,Pediatric,S. BUYS WHOLESALER,"Efavirenz 50mg [Stocrin/Sustiva], capsule, 30 Caps",Efavirenz,Stocrin/Sustiva,10mg+ml+/,Capsule,30,400,912.00,2.28,0.08,"MSD Midrand, J'burg, SA",FALSE,Weight Captured Separately,Freight Included in Commodity Cost,1.79
"5,857",107-RW-T01,Pre-PQ Process,SCMS-25140,ASN-2116,Rwanda,PMO - US,Direct Drop,EXW,Air,Pre-PQ Process,06-12-08,22-Jul-08,22-Jul-08,22-Jul-08,HRDT,HIV test,"Orgenics, Ltd","HIV 1/2, Determine HIV Kit, without Lancets, 100 Tests","HIV 1/2, Determine HIV Kit, without Lancets",Determine,10mg+ml+/,Test kit,100,"4,327",302890.00,70,0.7,Inverness Japan,TRUE,986,"$26,574.61 ",484.62
"5,860",113-ZW-T01,Pre-PQ Process,SCMS-25300,ASN-2997,Zimbabwe,PMO - US,Direct Drop,EXW,Air,Pre-PQ Process,06-12-08,22-Jan-09,22-Jan-09,22-Jan-09,HRDT,HIV test,"Orgenics, Ltd","HIV 1/2, Determine HIV Kit, without Lancets, 100 Tests","HIV 1/2, Determine HIV Kit, without Lancets",Determine,80+20mg+ml,Test kit,100,"1,396",100498.04,71.99,0.72,Inverness Japan,TRUE,414,"$5,781.14 ",196.98
"5,894",108-VN-T01,Pre-PQ Process,SCMS-26170,ASN-2339,Vietnam,PMO - US,Direct Drop,EXW,Air,Pre-PQ Process,07-01-08,03-Sep-08,03-Sep-08,03-Sep-08,ARV,Adult,Aurobindo Pharma Limited,"Lamivudine 150mg, tablets, 60 Tabs",Lamivudine,Generic,80+20mg+ml,Tablet,60,"15,960",38304.00,2.4,0.04,"Aurobindo Unit III, India",TRUE,755,"$6,609.02 ",61.29
"5,895",108-VN-T01,Pre-PQ Process,SCMS-26370,ASN-2337,Vietnam,PMO - US,Direct Drop,EXW,Air,Pre-PQ Process,07-01-08,19-Sep-08,19-Sep-08,19-Sep-08,ARV,Adult,MYLAN LABORATORIES LTD (FORMERLY MATRIX LABORATORIES),"Tenofovir Disoproxil Fumarate 300mg, tablets, 30 Tabs",Tenofovir Disoproxil Fumarate,Generic,10mg+ml+/,Tablet,30,"5,040",62294.40,12.36,0.41,Mylan (formerly Matrix) Nashik,TRUE,301,"$4,883.46 ",99.67
"5,905",109-TZ-T01,Pre-PQ Process,SCMS-26640,ASN-2408,Tanzania,PMO - US,Direct Drop,CIP,Air,Pre-PQ Process,07-04-08,08-Sep-08,08-Sep-08,08-Sep-08,ARV,Pediatric,GLAXOSMITHKLINE EXPORT LIMITED,"Abacavir 20mg/ml [Ziagen], oral solution, Bottle, 240 ml",Abacavir,Ziagen,80+20mg+ml,Oral solution,240,132,1990.56,15.08,0.06,GSK Mississauga (Canada),TRUE,65,$633 ,3.18
"7,732",116-ZA-T01,Pre-PQ Process,SCMS-41140,ASN-3752,South Africa,PMO - US,Direct Drop,DDP,Air,Pre-PQ Process,Date Not Captured,31-Mar-09,21-Nov-08,21-Nov-08,ARV,Pediatric,S. BUYS WHOLESALER,"Didanosine 100mg [Videx],chewable tablets, 60 Tabs",Didanosine,Videx,10mg+ml+/,Chewable/dispersible tablet,60,10,100.60,10.06,0.17,"BMS Meymac, France",FALSE,Weight Captured Separately,Freight Included in Commodity Cost,0.2
"5,917",130-NG-T01,Pre-PQ Process,SCMS-26840,ASN-2554,Nigeria,PMO - US,Direct Drop,EXW,Air,Pre-PQ Process,7/15/2008,09-Oct-08,09-Oct-08,09-Oct-08,ANTM,Malaria,IDA FOUNDATION,"Sulfadoxine/Pyrimethamine 500/25mg, tablets, 1000 Tabs",Sulfadoxine/Pyrimethamine,Generic,30mg+ml+/,Tablet - FDC,"1,000",7,184.45,26.35,0.03,"Micro Labs Ltd. (Brown & Burk), India",TRUE,488,"$4,404.90 ",0.3
"5,928",133-NG-T01,Pre-PQ Process,SCMS-27050,ASN-2694,Nigeria,PMO - US,Direct Drop,EXW,Air,Pre-PQ Process,7/18/2008,07-Nov-08,07-Nov-08,07-Nov-08,HRDT,HIV test,"CHEMBIO DIAGNOSTIC SYSTEMS, INC.","HIV 1/2, Stat-Pak HIV, Kit, 20 Tests","HIV 1/2, Stat-Pak HIV, Kit",Stat-Pak,10mg+ml+/,Test kit,20,"8,485",229095.00,27,1.35,Chembio Diagnostics Sys. Inc.,TRUE,2441,"$22,229.32 ",449.03
"5,935",108-VN-T01,Pre-PQ Process,SCMS-27290,ASN-2853,Vietnam,PMO - US,Direct Drop,FCA,Air,Pre-PQ Process,7/24/2008,02-Dec-08,02-Dec-08,02-Dec-08,ARV,Adult,ABBVIE LOGISTICS (FORMERLY ABBOTT LOGISTICS BV),"Lopinavir/Ritonavir 200/50mg [Aluvia], tablets, 120 Tabs",Lopinavir/Ritonavir,Aluvia,20mg+ml+/,Tablet,120,6,493.20,82.2,0.68,ABBVIE Ludwigshafen Germany,TRUE,9,"$2,709.98 ",0.97
"5,936",108-VN-T01,Pre-PQ Process,SCMS-27320,ASN-2792,Vietnam,PMO - US,Direct Drop,EXW,Air,Pre-PQ Process,7/24/2008,21-Nov-08,21-Nov-08,21-Nov-08,ARV,Adult,Aurobindo Pharma Limited,"Abacavir 300mg, tablets, 60 Tabs",Abacavir,Generic,10mg+ml+/,Tablet,60,880,20680.00,23.5,0.39,"Aurobindo Unit III, India",TRUE,331,"$2,771.84 ",40.53
"5,937",108-VN-T01,Pre-PQ Process,SCMS-27340,ASN-2862,Vietnam,PMO - US,Direct Drop,CIP,Air,Pre-PQ Process,7/23/2008,21-Nov-08,21-Nov-08,21-Nov-08,ARV,Pediatric,BRISTOL-MYERS SQUIBB,"Didanosine 25mg [Videx], chewable tablets, 60 Tabs",Didanosine,Videx,10mg+ml+/,Chewable/dispersible tablet,60,280,1960.00,7,0.12,"BMS Meymac, France",TRUE,60,"$1,516.05 ",3.84
"5,976",117-ET-T01,Pre-PQ Process,SCMS-28720,ASN-2579,Ethiopia,PMO - US,Direct Drop,EXW,Air,Pre-PQ Process,8/22/2008,06-Oct-08,03-Oct-08,03-Oct-08,HRDT,HIV test,"SHANGHAI KEHUA BIOENGINEERING CO.,LTD.  (KHB)","HIV 1/2, SKB Colloidal Gold, Diagnostic Kit, Antibody, 50 Tests","HIV 1/2, Colloidal Gold, Diagnostic Kit, Antibody",Colloidal Gold,80+20mg+ml,Test kit,1,"6,998",160954.00,23,23,"KHB Test Kit Facility, Shanghai China",TRUE,5057,"$44,347.71 ",257.53
"7,734",116-ZA-T01,Pre-PQ Process,SCMS-41190,ASN-3732,South Africa,PMO - US,Direct Drop,DDP,Air,Pre-PQ Process,Date Not Captured,30-Mar-09,21-Jan-09,21-Jan-09,ARV,Pediatric,S. BUYS WHOLESALER,"Stavudine 1mg/ml [Zerit], powder for oral solution, Bottle, 200 ml",Stavudine,Zerit,10mg+ml+/,Powder for oral solution,200,650,741.00,1.14,0.01,"BMS Meymac, France",FALSE,Weight Captured Separately,Freight Included in Commodity Cost,1.45
"7,735",116-ZA-T01,Pre-PQ Process,SCMS-41190,ASN-3732,South Africa,PMO - US,Direct Drop,DDP,Air,Pre-PQ Process,Date Not Captured,30-Mar-09,21-Jan-09,21-Jan-09,ARV,Pediatric,S. BUYS WHOLESALER,"Lamivudine 10mg/ml [Epivir], oral solution, Bottle, 240 ml",Lamivudine,Epivir,10mg+ml+/,Oral solution,240,350,1781.50,5.09,0.02,GSK Mississauga (Canada),FALSE,Weight Captured Separately,Freight Included in Commodity Cost,3.49
"5,987",104-CI-T01,Pre-PQ Process,SCMS-29160,ASN-2508,Côte d'Ivoire,PMO - US,Direct Drop,EXW,Air,Pre-PQ Process,8/28/2008,13-Oct-08,13-Oct-08,13-Oct-08,HRDT,HIV test,"Orgenics, Ltd","HIV 1/2, Determine HIV Kit, without Lancets, 100 Tests","HIV 1/2, Determine HIV Kit, without Lancets",Determine,10mg+ml+/,Test kit,100,"1,174",82180.00,70,0.7,Inverness Japan,TRUE,275,"$4,015 ",131.49
"6,023",106-HT-T01,Pre-PQ Process,DSCM-10090,ASN-2615,Haiti,PMO - US,Direct Drop,EXW,Air,Pre-PQ Process,Date Not Captured,16-Dec-08,16-Oct-08,16-Oct-08,ANTM-WFAg ,Malaria,IDA FOUNDATION,"Chloroquine 150mg base (as phosphate), [DON] tablets, 1000 Tabs",Chloroquine base (as phosphate),Generic,80+20mg+ml,Tablet,"1,000",30,197.10,6.57,0.01,Meditab (for Cipla) Daman IN,TRUE,3221,"$21,015.77 ",0.39
"6,041",104-CI-T01,Pre-PQ Process,SCMS-30430,ASN-2799,Côte d'Ivoire,PMO - US,Direct Drop,EXW,Air,Pre-PQ Process,9/18/2008,05-Dec-08,05-Dec-08,05-Dec-08,HRDT,HIV test,"Orgenics, Ltd","HIV 1/2, Determine HIV Kit, without Lancets, 100 Tests","HIV 1/2, Determine HIV Kit, without Lancets",Determine,20mg+ml+/,Test kit,100,"1,174",82180.00,70,0.7,Inverness Japan,TRUE,268,"$5,243.53 ",161.07
"7,736",116-ZA-T01,Pre-PQ Process,SCMS-41200,ASN-3735,South Africa,PMO - US,Direct Drop,DDP,Air,Pre-PQ Process,Date Not Captured,30-Mar-09,21-Jan-09,21-Jan-09,ARV,Pediatric,S. BUYS WHOLESALER,"Lopinavir/Ritonavir 80/20mg/ml [Kaletra], oral solution, cool, Bottle 5 x 60 ml",Lopinavir/Ritonavir,Kaletra,10mg+ml+/,Oral solution,300,70,2163.70,30.91,0.1,ABBVIE (Abbott) Logis. UK,TRUE,Weight Captured Separately,Freight Included in Commodity Cost,4.24
"6,081",108-VN-T01,Pre-PQ Process,SCMS-31720,ASN-3312,Vietnam,PMO - US,Direct Drop,EXW,Air,Pre-PQ Process,10/21/2008,27-Feb-09,27-Feb-09,27-Feb-09,ARV,Adult,Aurobindo Pharma Limited,"Lamivudine 150mg, tablets, 60 Tabs",Lamivudine,Generic,80+20mg+ml,Tablet,60,"6,966",16718.40,2.4,0.04,"Aurobindo Unit III, India",TRUE,1068,"$3,894.21 ",32.77
"7,741",116-ZA-T01,Pre-PQ Process,SCMS-41440,ASN-4180,South Africa,PMO - US,Direct Drop,DDP,Truck,Pre-PQ Process,3/18/2009,14-Apr-09,14-Apr-09,14-Apr-09,ARV,Pediatric,S. BUYS WHOLESALER,"Lopinavir/Ritonavir 80/20mg/ml [Kaletra], oral solution, cool, Bottle 5 x 60 ml",Lopinavir/Ritonavir,Kaletra,10mg+ml+/,Oral solution,300,440,15831.20,35.98,0.12,ABBVIE (Abbott) Logis. UK,TRUE,Weight Captured Separately,Freight Included in Commodity Cost,31.03
"6,084",111-MZ-T01,Pre-PQ Process,SCMS-31770,ASN-2946,Mozambique,PMO - US,Direct Drop,EXW,Air,Pre-PQ Process,10/14/2008,29-Dec-08,29-Dec-08,29-Dec-08,HRDT,HIV test,"Trinity Biotech, Plc","HIV 1/2, Uni-Gold HIV Kit, 20 Tests","HIV 1/2, Uni-Gold HIV Kit",Uni-Gold,80+20mg+ml,Test kit,20,"4,916",157312.00,32,1.6,"Trinity Biotech, Plc",TRUE,1651,"$23,300.18 ",308.33
"6,105",117-ET-T01,Pre-PQ Process,SCMS-32400,ASN-3322,Ethiopia,PMO - US,Direct Drop,EXW,Air,Pre-PQ Process,10/22/2008,18-Feb-09,18-Feb-09,18-Feb-09,HRDT,HIV test,"Trinity Biotech, Plc","HIV 1/2, Uni-Gold HIV Kit, 20 Tests","HIV 1/2, Uni-Gold HIV Kit",Uni-Gold,10mg+ml+/,Test kit,20,"2,500",80000.00,32,1.6,"Trinity Biotech, Plc",TRUE,844,"$8,101.57 ",156.8
"6,106",117-ET-T01,Pre-PQ Process,SCMS-32410,ASN-2903,Ethiopia,PMO - US,Direct Drop,EXW,Air,Pre-PQ Process,10/22/2008,30-Jan-09,24-Nov-08,24-Nov-08,HRDT,HIV test,"CHEMBIO DIAGNOSTIC SYSTEMS, INC.","HIV 1/2, Stat-Pak HIV, Kit, 20 Tests","HIV 1/2, Stat-Pak HIV, Kit",Stat-Pak,80+20mg+ml,Test kit,20,"8,964",242028.00,27,1.35,Chembio Diagnostics Sys. Inc.,TRUE,3231,"$15,619.20 ",474.37
"6,111",117-ET-T01,Pre-PQ Process,SCMS-32630,ASN-3157,Ethiopia,PMO - US,Direct Drop,EXW,Air,Pre-PQ Process,10/27/2008,26-Jan-09,26-Jan-09,26-Jan-09,HRDT,HIV test,"SHANGHAI KEHUA BIOENGINEERING CO.,LTD.  (KHB)","HIV 1/2, SKB Colloidal Gold, Diagnostic Kit, Antibody, 50 Tests","HIV 1/2, Colloidal Gold, Diagnostic Kit, Antibody",Colloidal Gold,10mg+ml+/,Test kit,1,"3,510",80730.00,23,23,"KHB Test Kit Facility, Shanghai China",TRUE,2535,"$20,083.74 ",158.23
"7,748",116-ZA-T01,Pre-PQ Process,SCMS-41581,ASN-4196,South Africa,PMO - US,Direct Drop,DDP,Air,Pre-PQ Process,3/27/2009,25-Jun-09,14-Apr-09,14-Apr-09,ARV,Pediatric,S. BUYS WHOLESALER,"Stavudine 1mg/ml, powder for oral solution, 200 ml",Stavudine,Generic,10mg+ml+/,Oral solution,200,"1,500",3150.00,2.1,0.01,"Aurobindo Unit III, India",FALSE,Weight Captured Separately,Freight Included in Commodity Cost,6.17
"7,749",116-ZA-T01,Pre-PQ Process,SCMS-41584,ASN-4385,South Africa,PMO - US,Direct Drop,DDP,Air,Pre-PQ Process,3/27/2009,25-Jun-09,20-Apr-09,20-Apr-09,ARV,Adult,S. BUYS WHOLESALER,"Lopinavir/Ritonavir 200/50mg [Aluvia], tablets, 120 Tabs",Lopinavir/Ritonavir,Aluvia,10mg+ml+/,Tablet,120,"2,965",106680.70,35.98,0.3,ABBVIE Ludwigshafen Germany,FALSE,Weight Captured Separately,Freight Included in Commodity Cost,209.09
"6,196",104-CI-T01,Pre-PQ Process,SCMS-35780,ASN-3151,Côte d'Ivoire,PMO - US,Direct Drop,EXW,Air,Pre-PQ Process,12/19/2008,20-Jan-09,20-Jan-09,20-Jan-09,ANTM,Malaria,IDA FOUNDATION,"Quinine 300mg (as sulfate), tablets, Blister 100 x 10 Tabs",Quinine (as sulfate),Generic,80+20mg+ml,Tablet - blister,"1,000",12,629.88,52.49,0.05,"Medopharm Malur Factory, INDIA",TRUE,12,$536.78 ,1.23
"6,253",139-NA-T01,Pre-PQ Process,SCMS-37070,ASN-3490,Namibia,PMO - US,Direct Drop,EXW,Air,Pre-PQ Process,1/14/2009,13-Mar-09,13-Mar-09,13-Mar-09,HRDT,HIV test,"Trinity Biotech, Plc","HIV 1/2, Uni-Gold HIV Kit, 20 Tests","HIV 1/2, Uni-Gold HIV Kit",Uni-Gold,80+20mg+ml,Test kit,20,700,22400.00,32,1.6,"Trinity Biotech, Plc",TRUE,236,"$6,862.01 ",43.9
"7,750",116-ZA-T01,Pre-PQ Process,SCMS-41585,ASN-4386,South Africa,PMO - US,Direct Drop,DDP,Air,Pre-PQ Process,3/27/2009,25-Jun-09,21-Apr-09,21-Apr-09,ARV,Pediatric,S. BUYS WHOLESALER,"Lamivudine 10mg/ml [Epivir], oral solution, Bottle, 240 ml",Lamivudine,Epivir,10mg+ml+/,Oral solution,240,"1,900",10564.00,5.56,0.02,GSK Mississauga (Canada),FALSE,Weight Captured Separately,Freight Included in Commodity Cost,20.71
"6,272",109-TZ-T01,Pre-PQ Process,SCMS-37790,ASN-3415,Tanzania,PMO - US,Direct Drop,EXW,Air,Pre-PQ Process,1/27/2009,31-Mar-09,31-Mar-09,31-Mar-09,HRDT,HIV test,"Orgenics, Ltd","HIV 1/2, Determine Complete HIV Kit, 100 Tests","HIV 1/2, Determine Complete HIV Kit",Determine,20mg+ml+/,Test kit,100,"1,132",81504.00,72,0.72,Inverness Japan,TRUE,337,"$4,323.93 ",159.75
"6,312",107-RW-T01,Pre-PQ Process,SCMS-38660,ASN-3458,Rwanda,PMO - US,Direct Drop,EXW,Air,Pre-PQ Process,2/18/2009,28-Apr-09,11-Mar-09,11-Mar-09,HRDT,HIV test,Premier Medical Corporation Ltd.,"HIV 1/2/O, First Response HIV 1-2.0, v.3.0 Cards Kit, 30 Tests","HIV 1/2/O, First Response HIV 1-2.0, v.3.0 Cards Kit",First Response,10mg+ml+/,Test kit,30,"3,912",88020.00,22.5,0.75,Premier Med. Corp Ltd. India,TRUE,1320,"$15,022.74 ",172.52
"6,369",106-HT-T01,Pre-PQ Process,SCMS-40030,ASN-3748,Haiti,PMO - US,Direct Drop,FCA,Air,Pre-PQ Process,03-06-09,15-Apr-09,15-Apr-09,15-Apr-09,ARV,Adult,ABBVIE LOGISTICS (FORMERLY ABBOTT LOGISTICS BV),"Lopinavir/Ritonavir 200/50mg [Aluvia], tablets, 120 Tabs",Lopinavir/Ritonavir,Aluvia,80+20mg+ml,Tablet,120,10,411.00,41.1,0.34,ABBVIE Ludwigshafen Germany,TRUE,9,$807.28 ,0.81
"6,381",108-VN-T01,Pre-PQ Process,SCMS-40390,ASN-3673,Vietnam,PMO - US,Direct Drop,CIP,Air,Pre-PQ Process,03-06-09,26-Mar-09,26-Mar-09,26-Mar-09,ARV,Pediatric,BRISTOL-MYERS SQUIBB,"Didanosine 100mg [Videx],chewable tablets, 60 Tabs",Didanosine,Videx,10mg+ml+/,Chewable/dispersible tablet,60,260,3315.00,12.75,0.21,"BMS Meymac, France",TRUE,56,"$2,246.81 ",6.5
"7,751",116-ZA-T01,Pre-PQ Process,SCMS-41580,ASN-4603,South Africa,PMO - US,Direct Drop,DDP,Truck,Pre-PQ Process,3/27/2009,25-Jun-09,05-Jun-09,05-Jun-09,ARV,Adult,S. BUYS WHOLESALER,"Stavudine 30mg, capsules, 60 Caps",Stavudine,Generic,10mg+ml+/,Capsule,60,"4,553",13659.00,3,0.05,"Aurobindo Unit III, India",FALSE,Weight Captured Separately,Freight Included in Commodity Cost,26.77
"7,778",116-ZA-T01,Pre-PQ Process,SCMS-42440,ASN-4514,South Africa,PMO - US,Direct Drop,DDP,Truck,Pre-PQ Process,04-02-09,08-Jun-09,08-Jun-09,08-Jun-09,ARV,Pediatric,S. BUYS WHOLESALER,"Efavirenz 50mg, capsule, 30 Caps",Efavirenz,Generic,10mg+ml+/,Capsule,30,600,1890.00,3.15,0.1,"Aurobindo Unit III, India",TRUE,Weight Captured Separately,Freight Included in Commodity Cost,3.7
"7,779",116-ZA-T01,Pre-PQ Process,SCMS-47430,ASN-4244,South Africa,PMO - US,Direct Drop,DDP,Truck,Pre-PQ Process,04-02-09,15-May-09,17-Apr-09,17-Apr-09,ARV,Adult,S. BUYS WHOLESALER,"Nevirapine 200mg [Viramune], tablets, 60 Tabs",Nevirapine,Viramune,10mg+ml+/,Tablet,60,300,5031.00,16.77,0.28,"Boehringer Ing., Koropi, GR",FALSE,Weight Captured Separately,Freight Included in Commodity Cost,9.86
"7,926",102-NG-T01,Pre-PQ Process,SCMS-33,ASN-19,Nigeria,PMO - US,Direct Drop,DDU,,Pre-PQ Process,Date Not Captured,21-Jul-06,21-Jul-06,21-Jul-06,HRDT,HIV test,ACCOUN NIGERIA LIMITED,"HIV 1/2, Determine Complete HIV Kit, 100 Tests","HIV 1/2, Determine Complete HIV Kit",Determine,20mg+ml+/,Test kit,100,500,60000.00,120,1.2,ABBVIE (Abbott) Japan Co. Ltd.,TRUE,Weight Captured Separately,Freight Included in Commodity Cost,
"7,939",106-HT-T01,Pre-PQ Process,SCMS-75,ASN-75,Haiti,PMO - US,Direct Drop,DDP,Air,Pre-PQ Process,Date Not Captured,15-Sep-06,15-Sep-06,15-Sep-06,HRDT,HIV test,REINBOLD EXPORT IMPORT,"HIV 1/2, Determine Complete HIV Kit, 100 Tests","HIV 1/2, Determine Complete HIV Kit",Determine,10mg+ml+/,Test kit,100,150,22500.00,150,1.5,ABBVIE (Abbott) Japan Co. Ltd.,TRUE,Weight Captured Separately,Freight Included in Commodity Cost,
"7,968",110-ZM-T01,Pre-PQ Process,SCMS-139,ASN-130,Zambia,PMO - US,Direct Drop,DDU,Air,Pre-PQ Process,Date Not Captured,08-Jan-07,08-Jan-07,08-Jan-07,ARV,Adult,MERCK SHARP & DOHME IDEA GMBH (FORMALLY MERCK SHARP & DOHME B.V.),"Indinavir 400mg [Crixivan], capsules, 180 Caps",Indinavir,Crixivan,10mg+ml+/,Capsule,180,"1,307",64461.24,49.32,0.27,MSD Elkton USA,FALSE,Weight Captured Separately,Freight Included in Commodity Cost,
"7,983",113-ZW-T01,Pre-PQ Process,SCMS-231,ASN-139,Zimbabwe,PMO - US,Direct Drop,CIP,Air,Pre-PQ Process,Date Not Captured,18-Dec-06,18-Dec-06,18-Dec-06,ARV,Pediatric,BRISTOL-MYERS SQUIBB,"#102198**Didanosine 200mg [Videx], tablets, 60 Tabs",Didanosine,Videx,10mg+ml+/,Tablet,60,425,10837.50,25.5,0.42,"BMS Meymac, France",TRUE,Weight Captured Separately,Freight Included in Commodity Cost,
"8,100",113-ZW-T01,Pre-PQ Process,SCMS-11690,ASN-871,Zimbabwe,PMO - US,Direct Drop,CIP,Air,Pre-PQ Process,9/28/2007,10-Jan-08,10-Jan-08,10-Jan-08,HRDT,HIV test,Orasure Technologies Inc.,"HIV 1/2, OraQuick Advance HIV Rapid Antibody Kit, 100 Tests","HIV 1/2, OraQuick Advance HIV Rapid Antibody Kit",OraQuick,20mg+ml+/,Test kit,100,5,1750.00,350,3.5,"Pacific Biotech, Thailand",TRUE,Weight Captured Separately,Freight Included in Commodity Cost,2.8
"8,185",116-ZA-T01,Pre-PQ Process,SCMS-14050,ASN-1251,South Africa,PMO - US,Direct Drop,DDP,,Pre-PQ Process,11-12-07,29-Jan-08,29-Jan-08,29-Jan-08,ARV,Pediatric,"JSI R&T INSTITUTE, INC.","Efavirenz 200mg [Stocrin/Sustiva], capsule, 90 Caps",Efavirenz,Stocrin/Sustiva,10mg+ml+/,Capsule,90,60,2112.00,35.2,0.39,"MSD Midrand, J'burg, SA",FALSE,Weight Captured Separately,Freight Included in Commodity Cost,3.38
"8,186",116-ZA-T01,Pre-PQ Process,SCMS-14050,ASN-1251,South Africa,PMO - US,Direct Drop,DDP,,Pre-PQ Process,11-12-07,29-Jan-08,29-Jan-08,29-Jan-08,ARV,Adult,"JSI R&T INSTITUTE, INC.","Lamivudine 150mg [Epivir], tablets, 60 Tabs",Lamivudine,Epivir,10mg+ml+/,Tablet,60,"1,500",9600.00,6.4,0.11,GSK Cape Town Factory (South Africa),FALSE,Weight Captured Separately,Freight Included in Commodity Cost,15.36
"8,204",102-BW-T01,Pre-PQ Process,SCMS-14600,ASN-1154,Botswana,PMO - US,Direct Drop,CIF,Air,Pre-PQ Process,11/27/2007,27-Dec-07,27-Dec-07,27-Dec-07,HRDT,HIV test,Orasure Technologies Inc.,"HIV 1/2, OraQuick Advance HIV Rapid Antibody Kit, 100 Tests","HIV 1/2, OraQuick Advance HIV Rapid Antibody Kit",OraQuick,20mg+ml+/,Test kit,100,5,1750.00,350,3.5,"Pacific Biotech, Thailand",TRUE,Weight Captured Separately,Freight Included in Commodity Cost,2.8
"8,209",100-KZ-T01,Pre-PQ Process,SCMS-14780,ASN-1139,Kazakhstan,PMO - US,Direct Drop,DDP,Air,Pre-PQ Process,11/30/2007,23-Jan-08,23-Jan-08,23-Jan-08,HRDT,HIV test,Orasure Technologies Inc.,"HIV 1/2, OraQuick Advance HIV Rapid Antibody Kit, 100 Tests","HIV 1/2, OraQuick Advance HIV Rapid Antibody Kit",OraQuick,10mg+ml+/,Test kit,100,50,17500.00,350,3.5,"Pacific Biotech, Thailand",TRUE,Weight Captured Separately,Freight Included in Commodity Cost,28
"8,213",102-NG-T01,Pre-PQ Process,SCMS-15060,ASN-1366,Nigeria,PMO - US,Direct Drop,DDP,,Pre-PQ Process,12/20/2007,24-Jan-08,24-Jan-08,24-Jan-08,HRDT,HIV test,BUNDI INTERNATIONAL DIAGNOSTICS LTD,"HIV 1/2, Bundi Rapid HIV Kit, 25 Tests","HIV 1/2, Bundi Rapid HIV Kit",Bundi,1mg+ml+/,Test kit,1,600,22500.00,37.5,37.5,Not Applicable,TRUE,Weight Captured Separately,Freight Included in Commodity Cost,36
"8,218",109-TZ-T01,Pre-PQ Process,SCMS-15220,ASN-1696,Tanzania,PMO - US,Direct Drop,CIP,Air,Pre-PQ Process,12-10-07,08-May-08,08-May-08,08-May-08,ARV,Pediatric,BRISTOL-MYERS SQUIBB,"Didanosine 2g [Videx], powder for oral solution 10mg/ml, reconstitute to 200 ml",Didanosine,Videx,10mg+ml+/,Powder for oral solution,200,712,8964.08,12.59,0.06,"BMS Meymac, France",TRUE,Weight Captured Separately,Freight Included in Commodity Cost,14.34
"8,258",116-ZA-T01,Pre-PQ Process,SCMS-16600,ASN-1520,South Africa,PMO - US,Direct Drop,DDP,,Pre-PQ Process,01-04-08,21-Jan-08,04-Jan-08,04-Jan-08,ARV,Adult,"JSI R&T INSTITUTE, INC.","Lopinavir/Ritonavir 133.3/33.3mg [Kaletra], capsules, cool, 2 x 90 Caps",Lopinavir/Ritonavir,Kaletra,1mg+ml+/,Capsule,180,400,18460.00,46.15,0.26,ABBVIE (Abbott) Logis. UK,FALSE,Weight Captured Separately,Freight Included in Commodity Cost,29.54
"8,344",129-KG-T01,Pre-PQ Process,SCMS-19120,ASN-2356,Kyrgyzstan,PMO - US,Direct Drop,DDP,Air,Pre-PQ Process,3/18/2008,19-Sep-08,19-Sep-08,19-Sep-08,HRDT,HIV test,"Orgenics, Ltd","HIV 1/2, DoubleCheck II Kit, 40 Tests","HIV 1/2, DoubleCheck II Kit",DoubleCheck,20mg+ml+/,Test kit,40,500,39500.00,79,1.98,Not Applicable,TRUE,Weight Captured Separately,Freight Included in Commodity Cost,63.2
"8,463",116-ZA-T01,Pre-PQ Process,SCMS-23500,ASN-2293,South Africa,PMO - US,Direct Drop,DDP,Truck,Pre-PQ Process,Date Not Captured,20-Aug-08,08-May-08,08-May-08,ARV,Adult,S. BUYS WHOLESALER,"Stavudine 40mg [Zerit], capsules, 60 Caps",Stavudine,Zerit,20mg+ml+/,Capsule,60,100,517.00,5.17,0.09,"BMS Meymac, France",FALSE,Weight Captured Separately,Freight Included in Commodity Cost,0.83
"6,431",104-CI-T01,Pre-PQ Process,SCMS-42240,ASN-4457,Côte d'Ivoire,PMO - US,Direct Drop,FCA,Air,Pre-PQ Process,3/30/2009,24-Aug-09,24-Aug-09,24-Aug-09,ARV,Pediatric,ABBVIE LOGISTICS (FORMERLY ABBOTT LOGISTICS BV),"Lopinavir/Ritonavir 80/20mg/ml [Kaletra], oral solution, cool, Bottle 5 x 60 ml",Lopinavir/Ritonavir,Kaletra,20mg+ml+/,Oral solution,300,50,2055.00,41.1,0.14,ABBVIE (Abbott) Logis. UK,TRUE,99,"$1,939.99 ",4.03
"8,464",116-ZA-T01,Pre-PQ Process,SCMS-23500,ASN-2293,South Africa,PMO - US,Direct Drop,DDP,Truck,Pre-PQ Process,Date Not Captured,20-Aug-08,08-May-08,08-May-08,ARV,Adult,S. BUYS WHOLESALER,"Didanosine EC 400mg [Videx EC], delayed-release capsules, Blister 3 x 10 Caps",Didanosine EC,Videx EC,10mg+ml+/,Delayed-release capsules - blister,30,80,1968.00,24.6,0.82,"BMS Meymac, France",FALSE,Weight Captured Separately,Freight Included in Commodity Cost,3.15
"8,465",116-ZA-T01,Pre-PQ Process,SCMS-23500,ASN-2293,South Africa,PMO - US,Direct Drop,DDP,Truck,Pre-PQ Process,Date Not Captured,20-Aug-08,08-May-08,08-May-08,ARV,Pediatric,S. BUYS WHOLESALER,"Efavirenz 50mg [Stocrin/Sustiva], capsule, 30 Caps",Efavirenz,Stocrin/Sustiva,10mg+ml+/,Capsule,30,240,717.60,2.99,0.1,"MSD Midrand, J'burg, SA",FALSE,Weight Captured Separately,Freight Included in Commodity Cost,1.15
"8,475",106-HT-T01,Pre-PQ Process,SCMS-23790,ASN-2146,Haiti,PMO - US,Direct Drop,CIP,Air,Pre-PQ Process,5/20/2008,20-Aug-08,20-Aug-08,20-Aug-08,HRDT,HIV test,Orasure Technologies Inc.,"HIV 1/2, OraQuick Advance HIV Rapid Antibody Kit, 100 Tests","HIV 1/2, OraQuick Advance HIV Rapid Antibody Kit",OraQuick,10mg+ml+/,Test kit,100,54,18900.00,350,3.5,"Pacific Biotech, Thailand",TRUE,Weight Captured Separately,Freight Included in Commodity Cost,30.24
"8,590",116-ZA-T01,Pre-PQ Process,SCMS-26820,ASN-2488,South Africa,PMO - US,Direct Drop,DDP,Truck,Pre-PQ Process,Date Not Captured,10-Jul-08,08-Jul-08,08-Jul-08,ARV,Pediatric,S. BUYS WHOLESALER,"Lopinavir/Ritonavir 80/20mg/ml [Kaletra], oral solution, cool, Bottle 5 x 60 ml",Lopinavir/Ritonavir,Kaletra,10mg+ml+/,Oral solution,300,10,354.60,35.46,0.12,ABBVIE (Abbott) Logis. UK,FALSE,Weight Captured Separately,Freight Included in Commodity Cost,0.57
"8,645",116-ZA-T01,Pre-PQ Process,SCMS-28830,ASN-2503,South Africa,PMO - US,Direct Drop,DDP,Truck,Pre-PQ Process,Date Not Captured,25-Aug-08,14-Aug-08,14-Aug-08,ARV,Adult,S. BUYS WHOLESALER,"Efavirenz 600mg, tablets, 30 Tabs",Efavirenz,Generic,20mg+ml+/,Tablet,30,"1,500",24300.00,16.2,0.54,"Cipla, Goa, India",FALSE,Weight Captured Separately,Freight Included in Commodity Cost,38.88
"8,646",116-ZA-T01,Pre-PQ Process,SCMS-28830,ASN-2503,South Africa,PMO - US,Direct Drop,DDP,Truck,Pre-PQ Process,Date Not Captured,25-Aug-08,14-Aug-08,14-Aug-08,ARV,Pediatric,S. BUYS WHOLESALER,"Efavirenz 50mg [Stocrin/Sustiva], capsule, 30 Caps",Efavirenz,Stocrin/Sustiva,10mg+ml+/,Capsule,30,200,572.00,2.86,0.1,"MSD Midrand, J'burg, SA",FALSE,Weight Captured Separately,Freight Included in Commodity Cost,0.92
"6,450",104-CI-T01,Pre-PQ Process,SCMS-42590,ASN-4326,Côte d'Ivoire,PMO - US,Direct Drop,EXW,Air,Pre-PQ Process,5/27/2009,14-Jul-09,14-Jul-09,14-Jul-09,HRDT,HIV test,"Orgenics, Ltd","HIV 1/2, Determine HIV Kit, without Lancets, 100 Tests","HIV 1/2, Determine HIV Kit, without Lancets",Determine,10mg+ml+/,Test kit,100,800,56000.00,70,0.7,Inverness Japan,TRUE,182,"$3,272.60 ",109.76
"6,451",110-ZM-T01,Pre-PQ Process,SCMS-42620,ASN-4357,Zambia,PMO - US,Direct Drop,EXW,Air,Pre-PQ Process,04-02-09,10-Jul-09,10-Jul-09,10-Jul-09,HRDT,HIV test,"Trinity Biotech, Plc","HIV 1/2, Uni-Gold HIV Kit, 20 Tests","HIV 1/2, Uni-Gold HIV Kit",Uni-Gold,10mg+ml+/,Test kit,20,"7,000",224000.00,32,1.6,"Trinity Biotech, Plc",TRUE,2379,"$21,686.21 ",439.04
"6,488",123-NG-T01,Pre-PQ Process,SCMS-43910,ASN-4959,Nigeria,PMO - US,Direct Drop,EXW,Air,Pre-PQ Process,04-10-09,27-Oct-09,27-Oct-09,27-Oct-09,ACT,ACT,MISSIONPHARMA A/S,"Artemether/Lumefantrine 20/120mg [Coartem], scored tablets, Blister 30 x 18 Tabs",Artemether/Lumefantrine,Coartem,80mg+ml+/,Tablet - FDC + blister,540,"2,000",70420.00,35.21,0.07,"Novartis Pharma Suffern, USA",TRUE,10,"$14,515.44 ",138.02
"8,693",131-NG-T01,Pre-PQ Process,SCMS-30501,ASN-3706,Nigeria,PMO - US,Direct Drop,CIP,Air,Pre-PQ Process,9/23/2008,10-Mar-09,10-Mar-09,10-Mar-09,ARV,Adult,MERCK SHARP & DOHME IDEA GMBH (FORMALLY MERCK SHARP & DOHME B.V.),"Efavirenz/Emtricitabine/Tenofovir Disoproxil Fumarate 600/200/300mg [Atripla], tablets, 30 Tabs",Efavirenz/Emtricitabine/Tenofovir Disoproxil Fumarate,Atripla,1mg+ml+/,Tablet - FDC,30,"3,991",201146.40,50.4,1.68,"MSD, Haarlem, NL",TRUE,Weight Captured Separately,Freight Included in Commodity Cost,394.25
"6,519",102-BW-T01,Pre-PQ Process,SCMS-45090,ASN-4215,Botswana,PMO - US,Direct Drop,EXW,Air,Pre-PQ Process,4/30/2009,10-Jul-09,10-Jul-09,10-Jul-09,HRDT,HIV test,"Orgenics, Ltd","HIV 1/2, Determine HIV Kit, without Lancets, 100 Tests","HIV 1/2, Determine HIV Kit, without Lancets",Determine,10mg+ml+/,Test kit,100,"1,200",84000.00,70,0.7,Inverness Japan,TRUE,274,"$3,321.08 ",164.64
"6,524",139-NA-T01,Pre-PQ Process,SCMS-45420,ASN-3988,Namibia,PMO - US,Direct Drop,DDP,Air,Pre-PQ Process,4/30/2009,15-May-09,15-May-09,15-May-09,HRDT,HIV test,"Orgenics, Ltd","HIV 1/2, Clearview Complete Kit, 25 Tests","HIV 1/2, Clearview Complete Kit",Clearview,20mg+ml+/,Test kit,25,7,525.00,75,3,Chembio Diagnostics Sys. Inc.,TRUE,5,$87.73 ,1.03
"9,034",116-ZA-T01,Pre-PQ Process,SCMS-41100,ASN-4668,South Africa,PMO - US,Direct Drop,DDP,Air,Pre-PQ Process,3/13/2009,17-Jun-09,03-Apr-09,03-Apr-09,ARV,Adult,S. BUYS WHOLESALER,"Zidovudine 300mg, tablets, 60 Tabs",Zidovudine,Generic,20mg+ml+/,Tablet,60,"4,023",46988.64,11.68,0.19,"Aurobindo Unit III, India",TRUE,Weight Captured Separately,Freight Included in Commodity Cost,92.1
"9,022",116-ZA-T01,Pre-PQ Process,SCMS-40800,ASN-3577,South Africa,PMO - US,Direct Drop,DDP,Air,Pre-PQ Process,Date Not Captured,24-Mar-09,01-Dec-08,01-Dec-08,ARV,Pediatric,S. BUYS WHOLESALER,"Lopinavir/Ritonavir 80/20mg/ml [Kaletra], oral solution, cool, Bottle 5 x 60 ml",Lopinavir/Ritonavir,Kaletra,10mg+ml+/,Oral solution,300,90,2834.10,31.49,0.1,ABBVIE (Abbott) Logis. UK,TRUE,Weight Captured Separately,Freight Included in Commodity Cost,5.55
"9,023",116-ZA-T01,Pre-PQ Process,SCMS-40830,ASN-3578,South Africa,PMO - US,Direct Drop,DDP,Air,Pre-PQ Process,Date Not Captured,28-Apr-09,19-Dec-08,19-Dec-08,ARV,Adult,S. BUYS WHOLESALER,"Efavirenz 600mg, tablets, 30 Tabs",Efavirenz,Generic,20mg+ml+/,Tablet,30,"3,710",60732.70,16.37,0.55,"Aurobindo Unit III, India",TRUE,Weight Captured Separately,Freight Included in Commodity Cost,119.04
"9,024",116-ZA-T01,Pre-PQ Process,SCMS-40840,ASN-3779,South Africa,PMO - US,Direct Drop,DDP,Air,Pre-PQ Process,Date Not Captured,03-Apr-09,03-Apr-09,03-Apr-09,ARV,Adult,S. BUYS WHOLESALER,"Stavudine 30mg, capsules, 60 Caps",Stavudine,Generic,10mg+ml+/,Capsule,60,"25,637",63323.39,2.47,0.04,"Aurobindo Unit III, India",TRUE,Weight Captured Separately,Freight Included in Commodity Cost,124.11
"6,595",110-ZM-T01,Pre-PQ Process,SCMS-38,ASN-25,Zambia,PMO - US,Direct Drop,FCA,Air,Pre-PQ Process,Date Not Captured,28-Aug-06,28-Aug-06,28-Aug-06,HRDT,HIV test,Abbott GmbH & Co. KG,"HIV 1/2, Determine Complete HIV Kit, 100 Tests","HIV 1/2, Determine Complete HIV Kit",Determine,20mg+ml+/,Test kit,100,500,40000.00,80,0.8,ABBVIE GmbH & Co.KG Wiesbaden,TRUE,171,"$1,187.19 ",
"9,025",116-ZA-T01,Pre-PQ Process,SCMS-40870,ASN-3582,South Africa,PMO - US,Direct Drop,DDP,Air,Pre-PQ Process,Date Not Captured,30-Jun-09,30-Jan-09,30-Jan-09,ARV,Adult,S. BUYS WHOLESALER,"Lamivudine 150mg, tablets, 60 Tabs",Lamivudine,Generic,1mg+ml+/,Tablet,60,"1,200",6564.00,5.47,0.09,"Aurobindo Unit III, India",TRUE,Weight Captured Separately,Freight Included in Commodity Cost,12.87
"6,600",108-VN-T01,Pre-PQ Process,SCMS-78,ASN-51,Vietnam,PMO - US,Direct Drop,EXW,Air,Pre-PQ Process,Date Not Captured,01-Sep-06,01-Sep-06,01-Sep-06,ARV,Adult,SUN PHARMACEUTICAL INDUSTRIES LTD (RANBAXY LABORATORIES LIMITED),"Lamivudine 150mg, tablets, 60 Tabs",Lamivudine,Generic,10mg+ml+/,Tablet,60,"2,080",8299.20,3.99,0.07,"Ranbaxy, Paonta Shahib, India",TRUE,87,"$10,657.19 ",
"6,601",108-VN-T01,Pre-PQ Process,SCMS-83,ASN-54,Vietnam,PMO - US,Direct Drop,EXW,Air,Pre-PQ Process,Date Not Captured,04-Sep-06,04-Sep-06,04-Sep-06,ARV,Adult,CIPLA LIMITED,"Efavirenz 600mg, tablets, 30 Tabs",Efavirenz,Generic,10mg+ml+/,Tablet,30,"19,000",323000.00,17,0.57,"Cipla, Goa, India",TRUE,1520,"$19,044.32 ",
"6,608",104-CI-T01,Pre-PQ Process,SCMS-108,ASN-70,Côte d'Ivoire,PMO - US,Direct Drop,FCA,Air,Pre-PQ Process,Date Not Captured,27-Oct-06,27-Oct-06,27-Oct-06,HRDT,HIV test,Abbott GmbH & Co. KG,"HIV 1/2, Determine Complete HIV Kit, 100 Tests","HIV 1/2, Determine Complete HIV Kit",Determine,10mg+ml+/,Test kit,100,600,48000.00,80,0.8,ABBVIE GmbH & Co.KG Wiesbaden,TRUE,205503,"$4,110.88 ",
"9,026",116-ZA-T01,Pre-PQ Process,SCMS-40880,ASN-3610,South Africa,PMO - US,Direct Drop,DDP,Air,Pre-PQ Process,Date Not Captured,07-Jul-09,02-Feb-09,02-Feb-09,ARV,Adult,S. BUYS WHOLESALER,"Lamivudine 150mg, tablets, 60 Tabs",Lamivudine,Generic,10mg+ml+/,Tablet,60,"16,000",85280.00,5.33,0.09,"Aurobindo Unit III, India",FALSE,Weight Captured Separately,Freight Included in Commodity Cost,167.15
"6,622",114-UG-T01,Pre-PQ Process,SCMS-160,ASN-124,Uganda,PMO - US,Direct Drop,EXW,Air,Pre-PQ Process,Date Not Captured,02-Jan-07,02-Jan-07,02-Jan-07,ARV,Adult,STRIDES ARCOLAB LIMITED,"Nevirapine 200mg, tablets, 60 Tabs",Nevirapine,Generic,10mg+ml+/,Tablet,60,"6,349",21586.60,3.4,0.06,"Strides, Bangalore, India.",TRUE,355,"$3,181.20 ",
"9,032",116-ZA-T01,Pre-PQ Process,SCMS-41040,ASN-3623,South Africa,PMO - US,Direct Drop,DDP,Air,Pre-PQ Process,Date Not Captured,07-Apr-09,03-Dec-08,03-Dec-08,ARV,Pediatric,S. BUYS WHOLESALER,"Lamivudine 10mg/ml [Epivir], oral solution, Bottle, 240 ml",Lamivudine,Epivir,10mg+ml+/,Oral solution,240,"2,000",10380.00,5.19,0.02,GSK Mississauga (Canada),FALSE,Weight Captured Separately,Freight Included in Commodity Cost,20.34
"6,624",110-ZM-T01,Pre-PQ Process,SCMS-164,ASN-146,Zambia,PMO - US,Direct Drop,EXW,Air,Pre-PQ Process,Date Not Captured,09-Jan-07,09-Jan-07,09-Jan-07,ARV,Adult,"GILEAD SCIENCES IRELAND, INC.","Emtricitabine/Tenofovir Disoproxil Fumarate 200/300mg [Truvada], tablets, 30 Tabs",Emtricitabine/Tenofovir Disoproxil Fumarate,Truvada,10mg+ml+/,Tablet - FDC,30,"14,851",389838.75,26.25,0.88,Gilead(Nycomed) Oranienburg DE,TRUE,1244,"$6,546.69 ",
"6,625",108-VN-T01,Pre-PQ Process,SCMS-166,ASN-261,Vietnam,PMO - US,Direct Drop,EXW,Air,Pre-PQ Process,12-02-06,16-Mar-07,16-Mar-07,16-Mar-07,ARV,Adult,"GILEAD SCIENCES IRELAND, INC.","Tenofovir Disoproxil Fumarate 300mg [Viread], tablets, 30 Tabs",Tenofovir Disoproxil Fumarate,Viread,10mg+ml+/,Tablet,30,"1,900",32300.00,17,0.57,Gilead(Nycomed) Oranienburg DE,TRUE,116,"$14,571.50 ",
"9,033",116-ZA-T01,Pre-PQ Process,SCMS-41080,ASN-3637,South Africa,PMO - US,Direct Drop,DDP,Air,Pre-PQ Process,Date Not Captured,26-May-09,22-Jan-09,22-Jan-09,ARV,Pediatric,S. BUYS WHOLESALER,"Lamivudine 10mg/ml, oral solution, Bottle, 240 ml",Lamivudine,Generic,10mg+ml+/,Oral solution,240,"1,500",5445.00,3.63,0.02,"Aurobindo Unit III, India",FALSE,Weight Captured Separately,Freight Included in Commodity Cost,10.67
"9,036",116-ZA-T01,Pre-PQ Process,SCMS-41140,ASN-3752,South Africa,PMO - US,Direct Drop,DDP,Air,Pre-PQ Process,Date Not Captured,31-Mar-09,21-Nov-08,21-Nov-08,ARV,Adult,S. BUYS WHOLESALER,"Nevirapine 200mg, tablets, 60 Tabs",Nevirapine,Generic,10mg+ml+/,Tablet,60,200,2998.00,14.99,0.25,"Cipla, Goa, India",FALSE,Weight Captured Separately,Freight Included in Commodity Cost,5.88
"9,037",116-ZA-T01,Pre-PQ Process,SCMS-41140,ASN-3752,South Africa,PMO - US,Direct Drop,DDP,Air,Pre-PQ Process,Date Not Captured,31-Mar-09,21-Nov-08,21-Nov-08,ARV,Pediatric,S. BUYS WHOLESALER,"Efavirenz 200mg [Stocrin/Sustiva], capsule, 90 Caps",Efavirenz,Stocrin/Sustiva,10mg+ml+/,Capsule,90,100,2454.00,24.54,0.27,"MSD Midrand, J'burg, SA",FALSE,Weight Captured Separately,Freight Included in Commodity Cost,4.81
"6,647",107-RW-T01,Pre-PQ Process,SCMS-289,ASN-192,Rwanda,PMO - US,Direct Drop,EXW,Air,Pre-PQ Process,12/29/2006,25-Jan-07,25-Jan-07,25-Jan-07,HRDT,HIV test,"Trinity Biotech, Plc","HIV 1/2, Capillus HIV Kit, 100 Tests","HIV 1/2, Capillus HIV Kit",Capillus,20mg+ml+/,Test kit,100,60,10500.00,175,1.75,"Trinity Biotech, Plc",TRUE,39,$859.37 ,
"9,038",116-ZA-T01,Pre-PQ Process,SCMS-41150,ASN-3759,South Africa,PMO - US,Direct Drop,DDP,Air,Pre-PQ Process,Date Not Captured,01-Apr-09,21-Nov-08,21-Nov-08,ARV,Pediatric,S. BUYS WHOLESALER,"Lopinavir/Ritonavir 80/20mg/ml [Kaletra], oral solution, cool, Bottle 5 x 60 ml",Lopinavir/Ritonavir,Kaletra,10mg+ml+/,Oral solution,300,80,2388.80,29.86,0.1,ABBVIE (Abbott) Logis. UK,FALSE,Weight Captured Separately,Freight Included in Commodity Cost,4.68
"9,039",116-ZA-T01,Pre-PQ Process,SCMS-41190,ASN-3732,South Africa,PMO - US,Direct Drop,DDP,Air,Pre-PQ Process,Date Not Captured,30-Mar-09,21-Jan-09,21-Jan-09,ARV,Adult,S. BUYS WHOLESALER,"Lopinavir/Ritonavir 200/50mg [Aluvia], tablets, 120 Tabs",Lopinavir/Ritonavir,Aluvia,10mg+ml+/,Tablet,120,200,6182.00,30.91,0.26,ABBVIE Ludwigshafen Germany,FALSE,Weight Captured Separately,Freight Included in Commodity Cost,12.12
"6,691",108-VN-T01,Pre-PQ Process,SCMS-750,ASN-804,Vietnam,PMO - US,Direct Drop,EXW,Air,Pre-PQ Process,07-03-07,24-Oct-07,24-Oct-07,24-Oct-07,ARV,Adult,SUN PHARMACEUTICAL INDUSTRIES LTD (RANBAXY LABORATORIES LIMITED),"Zidovudine 300mg, tablets, 60 Tabs",Zidovudine,Generic,10mg+ml+/,Tablet,60,100,894.00,8.94,0.15,"Ranbaxy, Paonta Shahib, India",TRUE,6,"$2,794.34 ",1.43
"6,692",108-VN-T01,Pre-PQ Process,SCMS-751,ASN-633,Vietnam,PMO - US,Direct Drop,FCA,Air,Pre-PQ Process,07-03-07,10-Sep-07,10-Sep-07,10-Sep-07,ARV,Adult,ABBVIE LOGISTICS (FORMERLY ABBOTT LOGISTICS BV),"Lopinavir/Ritonavir 200/50mg [Aluvia], tablets, 120 Tabs",Lopinavir/Ritonavir,Aluvia,10mg+ml+/,Tablet,120,"1,000",82190.00,82.19,0.68,ABBVIE Ludwigshafen Germany,TRUE,226,"$5,294.51 ",131.5
"6,693",102-GY-T01,Pre-PQ Process,SCMS-766,ASN-588,Guyana,PMO - US,Direct Drop,EXW,Air,Pre-PQ Process,07-06-07,08-Aug-07,08-Aug-07,08-Aug-07,HRDT,HIV test,"CHEMBIO DIAGNOSTIC SYSTEMS, INC.","HIV 1/2, Stat-Pak HIV, Kit, 20 Tests","HIV 1/2, Stat-Pak HIV, Kit",Stat-Pak,10mg+ml+/,Test kit,20,50,1350.00,27,1.35,Chembio Diagnostics Sys. Inc.,TRUE,13,$581.10 ,2.16
"6,705",107-RW-T01,Pre-PQ Process,SCMS-800,ASN-719,Rwanda,PMO - US,Direct Drop,CIP,Air,Pre-PQ Process,7/17/2007,14-Sep-07,14-Sep-07,14-Sep-07,ARV,Pediatric,BRISTOL-MYERS SQUIBB,"Didanosine 50mg [Videx], chewable tablets, 60 Tabs",Didanosine,Videx,10mg+ml+/,Chewable/dispersible tablet,60,182,1729.00,9.5,0.16,"BMS Meymac, France",TRUE,40,$86.40 ,2.77
"6,724",108-VN-T01,Pre-PQ Process,SCMS-10970,ASN-1017,Vietnam,PMO - US,Direct Drop,EXW,Air,Pre-PQ Process,07-03-07,19-Dec-07,19-Dec-07,19-Dec-07,ARV,Pediatric,Aurobindo Pharma Limited,"Didanosine 100mg, chewable/dispersible tablets, 60 Tabs",Didanosine,Generic,10mg+ml+/,Chewable/dispersible tablet,60,"1,200",9300.00,7.75,0.13,"Aurobindo Unit III, India",TRUE,249,"$3,719.91 ",14.88
"6,745",102-GY-T01,Pre-PQ Process,SCMS-11650,ASN-763,Guyana,PMO - US,Direct Drop,EXW,Air,Pre-PQ Process,8/28/2007,21-Sep-07,08-Oct-07,08-Oct-07,HRDT,HIV test,"Orgenics, Ltd","HIV 1/2, Determine HIV Kit, without Lancets, 100 Tests","HIV 1/2, Determine HIV Kit, without Lancets",Determine,10mg+ml+/,Test kit,100,442,31819.58,71.99,0.72,Inverness Japan,TRUE,100,"$1,928.93 ",50.91
"6,746",102-NG-T01,Pre-PQ Process,SCMS-11760,ASN-858,Nigeria,PMO - US,Direct Drop,EXW,Air,Pre-PQ Process,8/27/2007,07-Nov-07,07-Nov-07,07-Nov-07,HRDT,HIV test,"CHEMBIO DIAGNOSTIC SYSTEMS, INC.","HIV 1/2, Stat-Pak HIV, Kit, 20 Tests","HIV 1/2, Stat-Pak HIV, Kit",Stat-Pak,10mg+ml+/,Test kit,20,"10,000",270000.00,27,1.35,Chembio Diagnostics Sys. Inc.,TRUE,3265,"$6,197 ",432
"9,040",116-ZA-T01,Pre-PQ Process,SCMS-41190,ASN-3732,South Africa,PMO - US,Direct Drop,DDP,Air,Pre-PQ Process,Date Not Captured,30-Mar-09,21-Jan-09,21-Jan-09,ARV,Pediatric,S. BUYS WHOLESALER,"Zidovudine 10mg/ml [Retrovir], oral solution, Bottle, 200 ml",Zidovudine,Retrovir,10mg+ml+/,Oral solution,200,140,833.00,5.95,0.03,GSK Mississauga (Canada),FALSE,Weight Captured Separately,Freight Included in Commodity Cost,1.63
"6,768",102-GY-T01,Pre-PQ Process,SCMS-12680,ASN-968,Guyana,PMO - US,Direct Drop,CIF,,Pre-PQ Process,10-02-07,07-Nov-07,07-Nov-07,07-Nov-07,MRDT,Malaria,ZEPHYR BIOMEDICALS,"Malaria Paramax-3 Kit, 25 Tests",Malaria Paramax-3 Kit,Paramax,10mg+ml+/,Test kit,25,390,14625.00,37.5,1.5,Not Applicable,TRUE,145,$186.25 ,23.4
"9,041",116-ZA-T01,Pre-PQ Process,SCMS-41190,ASN-3732,South Africa,PMO - US,Direct Drop,DDP,Air,Pre-PQ Process,Date Not Captured,30-Mar-09,21-Jan-09,21-Jan-09,ARV,Adult,S. BUYS WHOLESALER,"Emtricitabine/Tenofovir Disoproxil Fumarate 200/300mg [Truvada], tablets, 30 Tabs",Emtricitabine/Tenofovir Disoproxil Fumarate,Truvada,10mg+ml+/,Tablet - FDC,30,60,1813.20,30.22,1.01,"Aspen-OSD, Port Elizabeth, SA",FALSE,Weight Captured Separately,Freight Included in Commodity Cost,3.55
"9,042",116-ZA-T01,Pre-PQ Process,SCMS-41190,ASN-3732,South Africa,PMO - US,Direct Drop,DDP,Air,Pre-PQ Process,Date Not Captured,30-Mar-09,21-Jan-09,21-Jan-09,ARV,Pediatric,S. BUYS WHOLESALER,"Nevirapine 10mg/ml [Viramune], oral suspension, Bottle, 240 ml",Nevirapine,Viramune,10mg+ml+/,Oral suspension,240,30,323.40,10.78,0.04,"BI, Ingelheim, Germany",FALSE,Weight Captured Separately,Freight Included in Commodity Cost,0.63
"9,043",116-ZA-T01,Pre-PQ Process,SCMS-41210,ASN-3737,South Africa,PMO - US,Direct Drop,DDP,Air,Pre-PQ Process,Date Not Captured,30-Mar-09,23-Jan-09,23-Jan-09,ARV,Adult,S. BUYS WHOLESALER,"Lamivudine 150mg [Epivir], tablets, 60 Tabs",Lamivudine,Epivir,10mg+ml+/,Tablet,60,"1,200",6012.00,5.01,0.08,GSK Cape Town Factory (South Africa),FALSE,Weight Captured Separately,Freight Included in Commodity Cost,11.78
"6,848",107-RW-T01,Pre-PQ Process,SCMS-14221,ASN-1594,Rwanda,PMO - US,Direct Drop,CIP,Air,Pre-PQ Process,11/21/2007,28-Apr-08,22-Apr-08,22-Apr-08,ARV,Adult,CIPLA LIMITED,"Lamivudine/Nevirapine/Stavudine 150/200/30mg, tablets, 60 Tabs",Lamivudine/Nevirapine/Stavudine,Generic,20mg+ml+/,Tablet - FDC,60,"34,576",242032.00,7,0.12,"Cipla, Goa, India",TRUE,3656,"$10,500 ",387.25
"6,849",107-RW-T01,Pre-PQ Process,SCMS-14221,ASN-1596,Rwanda,PMO - US,Direct Drop,CIP,Air,Pre-PQ Process,11/21/2007,28-Apr-08,28-Apr-08,28-Apr-08,ARV,Adult,CIPLA LIMITED,"Lamivudine/Nevirapine/Stavudine 150/200/30mg, tablets, 60 Tabs",Lamivudine/Nevirapine/Stavudine,Generic,20mg+ml+/,Tablet - FDC,60,"16,640",116480.00,7,0.12,"Cipla, Goa, India",TRUE,1766,"$10,500 ",186.37
"6,881",106-HT-T01,Pre-PQ Process,SCMS-15500,ASN-1153,Haiti,PMO - US,Direct Drop,EXW,Air,Pre-PQ Process,Date Not Captured,22-Jan-08,22-Jan-08,22-Jan-08,HRDT,HIV test,Orasure Technologies Inc.,"HIV 1/2, OraQuick Advance HIV Rapid Antibody Kit, 100 Tests","HIV 1/2, OraQuick Advance HIV Rapid Antibody Kit",OraQuick,10mg+ml+/,Test kit,100,25,8750.00,350,3.5,"Pacific Biotech, Thailand",TRUE,60,"$1,521.11 ",14
"6,884",106-HT-T01,Pre-PQ Process,SCMS-15590,ASN-1328,Haiti,PMO - US,Direct Drop,EXW,Air,Pre-PQ Process,02-04-08,18-Feb-08,18-Feb-08,18-Feb-08,HRDT,HIV test,"Trinity Biotech, Plc","HIV 1/2, Capillus HIV Kit, 100 Tests","HIV 1/2, Capillus HIV Kit",Capillus,20mg+ml+/,Test kit,100,8,1112.00,139,1.39,"Trinity Biotech, Plc",TRUE,6,"$3,238.79 ",1.78
"6,896",117-ET-T01,Pre-PQ Process,SCMS-16220,ASN-1329,Ethiopia,PMO - US,Direct Drop,EXW,Air,Pre-PQ Process,01-03-08,04-Mar-08,04-Mar-08,04-Mar-08,ARV,Adult,ASPEN PHARMACARE,"Tenofovir Disoproxil Fumarate 300mg [Viread], tablets, 30 Tabs",Tenofovir Disoproxil Fumarate,Viread,20mg+ml+/,Tablet,30,"14,820",251940.00,17,0.57,"Aspen-OSD, Port Elizabeth, SA",TRUE,1233,"$5,137.76 ",403.1
"9,053",116-ZA-T01,Pre-PQ Process,SCMS-41588,ASN-4359,South Africa,PMO - US,Direct Drop,DDP,Air,Pre-PQ Process,3/27/2009,25-Jun-09,17-Apr-09,17-Apr-09,ARV,Pediatric,S. BUYS WHOLESALER,"Didanosine 100mg [Videx],chewable tablets, 60 Tabs",Didanosine,Videx,10mg+ml+/,Chewable/dispersible tablet,60,"2,160",23133.60,10.71,0.18,"BMS Meymac, France",TRUE,Weight Captured Separately,Freight Included in Commodity Cost,45.34
"9,054",116-ZA-T01,Pre-PQ Process,SCMS-41585,ASN-4386,South Africa,PMO - US,Direct Drop,DDP,Air,Pre-PQ Process,3/27/2009,25-Jun-09,21-Apr-09,21-Apr-09,ARV,Adult,S. BUYS WHOLESALER,"Lamivudine 150mg [Epivir], tablets, 60 Tabs",Lamivudine,Epivir,20mg+ml+/,Tablet,60,"3,000",16080.00,5.36,0.09,GSK Cape Town Factory (South Africa),FALSE,Weight Captured Separately,Freight Included in Commodity Cost,31.52
"9,055",116-ZA-T01,Pre-PQ Process,SCMS-41586,ASN-4387,South Africa,PMO - US,Direct Drop,DDP,Air,Pre-PQ Process,3/27/2009,25-Jun-09,15-Apr-09,15-Apr-09,ARV,Adult,S. BUYS WHOLESALER,"Nevirapine 200mg [Viramune], tablets, 60 Tabs",Nevirapine,Viramune,10mg+ml+/,Tablet,60,"6,000",100560.00,16.76,0.28,"Boehringer Ing., Koropi, GR",FALSE,Weight Captured Separately,Freight Included in Commodity Cost,197.1
"9,056",116-ZA-T01,Pre-PQ Process,SCMS-41587,ASN-4602,South Africa,PMO - US,Direct Drop,DDP,Air,Pre-PQ Process,3/27/2009,25-Jun-09,16-Apr-09,16-Apr-09,ARV,Pediatric,S. BUYS WHOLESALER,"Didanosine 100mg [Videx],chewable tablets, 60 Tabs",Didanosine,Videx,1mg+ml+/,Chewable/dispersible tablet,60,"6,840",73256.40,10.71,0.18,"BMS Meymac, France",FALSE,Weight Captured Separately,Freight Included in Commodity Cost,143.58
"6,932",102-NG-T01,Pre-PQ Process,SCMS-16880,ASN-1354,Nigeria,PMO - US,Direct Drop,EXW,Air,Pre-PQ Process,01-07-08,21-Apr-08,29-Feb-08,29-Feb-08,HRDT,HIV test,"CHEMBIO DIAGNOSTIC SYSTEMS, INC.","HIV 1/2, Stat-Pak HIV, Kit, 20 Tests","HIV 1/2, Stat-Pak HIV, Kit",Stat-Pak,10mg+ml+/,Test kit,20,"9,380",253260.00,27,1.35,Chembio Diagnostics Sys. Inc.,TRUE,3058,"$18,750.20 ",405.22
"6,933",102-NG-T01,Pre-PQ Process,SCMS-16880,ASN-1462,Nigeria,PMO - US,Direct Drop,EXW,Air,Pre-PQ Process,01-07-08,21-Apr-08,27-Mar-08,27-Mar-08,HRDT,HIV test,"CHEMBIO DIAGNOSTIC SYSTEMS, INC.","HIV 1/2, Stat-Pak HIV, Kit, 20 Tests","HIV 1/2, Stat-Pak HIV, Kit",Stat-Pak,10mg+ml+/,Test kit,20,"8,153",220131.00,27,1.35,Chembio Diagnostics Sys. Inc.,TRUE,2707,"$13,535.55 ",352.21
"6,962",111-MZ-T01,Pre-PQ Process,SCMS-18060,ASN-1650,Mozambique,PMO - US,Direct Drop,EXW,Air,Pre-PQ Process,2/25/2008,13-Jun-08,27-May-08,27-May-08,HRDT,HIV test,"Orgenics, Ltd","HIV 1/2, Determine HIV Kit, without Lancets, 100 Tests","HIV 1/2, Determine HIV Kit, without Lancets",Determine,10mg+ml+/,Test kit,100,"4,200",302358.00,71.99,0.72,Inverness Japan,TRUE,965,"$7,781.88 ",483.77
"9,078",116-ZA-T01,Pre-PQ Process,SCMS-47390,ASN-4402,South Africa,PMO - US,Direct Drop,DDP,Truck,Pre-PQ Process,04-02-09,31-Jul-09,21-Apr-09,21-Apr-09,ARV,Adult,S. BUYS WHOLESALER,"Ritonavir 100mg [Norvir], capsules, cool, 84 Caps",Ritonavir,Norvir,10mg+ml+/,Capsule,84,10,84.00,8.4,0.1,ABBVIE (Abbott) Logis. UK,FALSE,Weight Captured Separately,Freight Included in Commodity Cost,0.16
"6,988",123-NG-T01,Pre-PQ Process,SCMS-18740,ASN-1552,Nigeria,PMO - US,Direct Drop,EXW,Air,Pre-PQ Process,03-11-08,08-May-08,08-May-08,08-May-08,HRDT,HIV test,"Orgenics, Ltd","HIV 1/2, Determine HIV Kit, without Lancets, 100 Tests","HIV 1/2, Determine HIV Kit, without Lancets",Determine,10mg+ml+/,Test kit,100,285,22797.15,79.99,0.8,Inverness Japan,TRUE,64,"$1,629 ",36.48
"6,994",119-NA-T01,Pre-PQ Process,SCMS-18890,ASN-1487,Namibia,PMO - US,Direct Drop,EXW,Air,Pre-PQ Process,3/14/2008,02-Apr-08,02-Apr-08,02-Apr-08,HRDT,HIV test,"Orgenics, Ltd","HIV 1/2, Clearview Complete Kit, 25 Tests","HIV 1/2, Clearview Complete Kit",Clearview,10mg+ml+/,Test kit,25,271,20325.00,75,3,Inverness USA,TRUE,260,"$1,496.76 ",32.52
"7,007",108-VN-T01,Pre-PQ Process,SCMS-19630,ASN-1718,Vietnam,PMO - US,Direct Drop,DDU,Truck,Pre-PQ Process,3/21/2008,12-May-08,16-Apr-08,16-Apr-08,ARV,Adult,CENTRAL PHARMACEUTICAL COMPANY NO. 1,"Tenofovir Disoproxil Fumarate 300mg [Viread], tablets, 30 Tabs",Tenofovir Disoproxil Fumarate,Viread,10mg+ml+/,Tablet,30,"1,968",40717.92,20.69,0.69,Gilead(Nycomed) Oranienburg DE,TRUE,Weight Captured Separately,"$1,401.49 ",65.15
"9,080",116-ZA-T01,Pre-PQ Process,SCMS-47320,ASN-4224,South Africa,PMO - US,Direct Drop,DDP,Truck,Pre-PQ Process,04-02-09,15-May-09,15-May-09,15-May-09,ARV,Adult,S. BUYS WHOLESALER,"Didanosine EC 400mg [Videx EC], delayed-release capsules, Blister 3 x 10 Caps",Didanosine EC,Videx EC,1mg+ml+/,Delayed-release capsules - blister,30,80,1502.40,18.78,0.63,"BMS Meymac, France",TRUE,Weight Captured Separately,Freight Included in Commodity Cost,2.94
"9,187",108-VN-T01,Pre-PQ Process,SCMS-46540,ASN-4487,Vietnam,PMO - US,Direct Drop,CIP,Air,Pre-PQ Process,5/27/2009,23-Jul-09,23-Jul-09,23-Jul-09,ARV,Pediatric,BRISTOL-MYERS SQUIBB,"Didanosine 25mg [Videx], chewable tablets, 60 Tabs",Didanosine,Videx,10mg+ml+/,Chewable/dispersible tablet,60,80,560.00,7,0.12,"BMS Meymac, France",FALSE,Weight Captured Separately,Freight Included in Commodity Cost,1.1
"7,030",108-VN-T01,Pre-PQ Process,SCMS-20330,ASN-1984,Vietnam,PMO - US,Direct Drop,CIP,Air,Pre-PQ Process,3/31/2008,17-Jul-08,17-Jul-08,17-Jul-08,ARV,Pediatric,BRISTOL-MYERS SQUIBB,"Didanosine 25mg [Videx], chewable tablets, 60 Tabs",Didanosine,Videx,10mg+ml+/,Chewable/dispersible tablet,60,400,2800.00,7,0.12,"BMS Meymac, France",TRUE,82,"$2,211.05 ",4.48
"7,032",108-VN-T01,Pre-PQ Process,SCMS-20490,ASN-1795,Vietnam,PMO - US,Direct Drop,EXW,Air,Pre-PQ Process,3/31/2008,02-Jun-08,02-Jun-08,02-Jun-08,ARV,Pediatric,Aurobindo Pharma Limited,"Zidovudine 100mg, capsules, 100 Caps",Zidovudine,Generic,20mg+ml+/,Capsule,100,630,3458.70,5.49,0.05,"Aurobindo Unit III, India",TRUE,48,"$2,729.91 ",5.53
"9,200",116-ZA-T01,Pre-PQ Process,SCMS-47050,ASN-4819,South Africa,PMO - US,Direct Drop,DDP,Truck,Pre-PQ Process,06-05-09,12-Oct-09,21-Jul-09,21-Jul-09,ARV,Adult,S. BUYS WHOLESALER,"Efavirenz 600mg, tablets, 30 Tabs",Efavirenz,Generic,20mg+ml+/,Tablet,30,"1,000",17020.00,17.02,0.57,"Cipla, Goa, India",FALSE,Weight Captured Separately,Freight Included in Commodity Cost,33.36
"9,201",116-ZA-T01,Pre-PQ Process,SCMS-47050,ASN-4819,South Africa,PMO - US,Direct Drop,DDP,Truck,Pre-PQ Process,06-05-09,12-Oct-09,21-Jul-09,21-Jul-09,ARV,Adult,S. BUYS WHOLESALER,"Emtricitabine/Tenofovir Disoproxil Fumarate 200/300mg [Truvada], tablets, 30 Tabs",Emtricitabine/Tenofovir Disoproxil Fumarate,Truvada,10mg+ml+/,Tablet - FDC,30,260,10670.40,41.04,1.37,"Aspen-OSD, Port Elizabeth, SA",FALSE,Weight Captured Separately,Freight Included in Commodity Cost,20.91
"7,091",102-BW-T01,Pre-PQ Process,SCMS-22680,ASN-1832,Botswana,PMO - US,Direct Drop,EXW,Air,Pre-PQ Process,4/28/2008,03-Jul-08,03-Jul-08,03-Jul-08,HRDT,HIV test,"Trinity Biotech, Plc","HIV 1/2, Uni-Gold HIV Kit, 20 Tests","HIV 1/2, Uni-Gold HIV Kit",Uni-Gold,10mg+ml+/,Test kit,20,500,16000.00,32,1.6,"Trinity Biotech, Plc",TRUE,500,"$2,442.32 ",25.6
"7,093",102-BW-T01,Pre-PQ Process,SCMS-22710,ASN-1833,Botswana,PMO - US,Direct Drop,EXW,Air,Pre-PQ Process,4/28/2008,03-Jul-08,03-Jul-08,03-Jul-08,HRDT,HIV test,"Trinity Biotech, Plc","HIV 1/2, Uni-Gold HIV Kit, 20 Tests","HIV 1/2, Uni-Gold HIV Kit",Uni-Gold,10mg+ml+/,Test kit,20,500,16000.00,32,1.6,"Trinity Biotech, Plc",TRUE,500,"$2,442.32 ",25.6
"9,202",116-ZA-T01,Pre-PQ Process,SCMS-47052,ASN-5370,South Africa,PMO - US,Direct Drop,DDP,Truck,Pre-PQ Process,06-05-09,12-Oct-09,08-Oct-09,08-Oct-09,ARV,Pediatric,S. BUYS WHOLESALER,"Stavudine 1mg/ml, powder for oral solution, 200 ml",Stavudine,Generic,10mg+ml+/,Oral solution,200,"1,200",2796.00,2.33,0.01,"Aurobindo Unit III, India",TRUE,Weight Captured Separately,Freight Included in Commodity Cost,6.03
"9,321",104-CI-T01,Pre-PQ Process,SCMS-698,ASN-727,Côte d'Ivoire,PMO - US,Direct Drop,CIP,Air,Pre-PQ Process,7/13/2007,02-Oct-07,02-Oct-07,02-Oct-07,ARV,Adult,BRISTOL-MYERS SQUIBB,"Stavudine 20mg [Zerit], capsules, 60 Caps",Stavudine,Zerit,10mg+ml+/,Capsule,60,"1,389",7833.96,5.64,0.09,"BMS Meymac, France",FALSE,Weight Captured Separately,Freight Included in Commodity Cost,12.53
"7,122",108-VN-T01,Pre-PQ Process,SCMS-23460,ASN-2243,Vietnam,PMO - US,Direct Drop,EXW,Air,Pre-PQ Process,5/13/2008,11-Aug-08,11-Aug-08,11-Aug-08,ARV,Adult,STRIDES ARCOLAB LIMITED,"Stavudine 30mg, capsules, 60 Caps",Stavudine,Generic,10mg+ml+/,Capsule,60,"9,275",13448.75,1.45,0.02,"Strides, Bangalore, India.",TRUE,432,"$7,444.35 ",21.52
"9,564",116-ZA-T01,Pre-PQ Process,SCMS-16600,ASN-2292,South Africa,PMO - US,Direct Drop,DDP,,Pre-PQ Process,01-04-08,21-Jan-08,25-Apr-08,25-Apr-08,ARV,Pediatric,"JSI R&T INSTITUTE, INC.","Didanosine 2g [Videx], powder for oral solution 10mg/ml, reconstitute to 200 ml",Didanosine,Videx,10mg+ml+/,Powder for oral solution,200,4,57.92,14.48,0.07,"BMS Meymac, France",TRUE,Weight Captured Separately,Freight Included in Commodity Cost,0.09
"9,565",116-ZA-T01,Pre-PQ Process,SCMS-16600,ASN-1526,South Africa,PMO - US,Direct Drop,DDP,,Pre-PQ Process,01-04-08,21-Jan-08,21-Jan-08,21-Jan-08,ARV,Adult,"JSI R&T INSTITUTE, INC.","Stavudine 30mg [Zerit], capsules, 60 Caps",Stavudine,Zerit,10mg+ml+/,Capsule,60,"2,500",14325.00,5.73,0.1,"BMS Meymac, France",TRUE,Weight Captured Separately,Freight Included in Commodity Cost,22.92
"9,566",116-ZA-T01,Pre-PQ Process,SCMS-16600,ASN-1520,South Africa,PMO - US,Direct Drop,DDP,,Pre-PQ Process,01-04-08,21-Jan-08,04-Jan-08,04-Jan-08,ARV,Pediatric,"JSI R&T INSTITUTE, INC.","Efavirenz 200mg [Stocrin/Sustiva], capsule, 90 Caps",Efavirenz,Stocrin/Sustiva,10mg+ml+/,Capsule,90,100,3297.00,32.97,0.37,"MSD Midrand, J'burg, SA",FALSE,Weight Captured Separately,Freight Included in Commodity Cost,5.28
"9,567",116-ZA-T01,Pre-PQ Process,SCMS-16600,ASN-1520,South Africa,PMO - US,Direct Drop,DDP,,Pre-PQ Process,01-04-08,21-Jan-08,04-Jan-08,04-Jan-08,ARV,Adult,"JSI R&T INSTITUTE, INC.","Tenofovir Disoproxil Fumarate 300mg [Viread], tablets, 30 Tabs",Tenofovir Disoproxil Fumarate,Viread,10mg+ml+/,Tablet,30,150,3838.50,25.59,0.85,"Aspen-OSD, Port Elizabeth, SA",FALSE,Weight Captured Separately,Freight Included in Commodity Cost,6.14
"9,603",116-ZA-T01,Pre-PQ Process,SCMS-17630,ASN-1532,South Africa,PMO - US,Direct Drop,DDP,Truck,Pre-PQ Process,1/21/2008,05-Feb-08,21-Jan-08,21-Jan-08,ARV,Adult,"JSI R&T INSTITUTE, INC.","Stavudine 30mg [Zerit], capsules, 60 Caps",Stavudine,Zerit,10mg+ml+/,Capsule,60,600,3426.00,5.71,0.1,"BMS Meymac, France",FALSE,Weight Captured Separately,Freight Included in Commodity Cost,5.48
"7,172",130-NG-T01,Pre-PQ Process,SCMS-24590,ASN-2024,Nigeria,PMO - US,Direct Drop,EXW,Air,Pre-PQ Process,06-02-08,31-Jul-08,31-Jul-08,31-Jul-08,ANTM,Malaria,IDA FOUNDATION,"Sulfadoxine/Pyrimethamine 500/25mg, tablets, 1000 Tabs",Sulfadoxine/Pyrimethamine,Generic,10mg+ml+/,Tablet - FDC,"1,000",20,527.00,26.35,0.03,"Micro Labs Ltd. (Brown & Burk), India",TRUE,1920,"$20,134.43 ",0.84
"7,176",107-RW-T01,Pre-PQ Process,SCMS-25080,ASN-2396,Rwanda,PMO - US,Direct Drop,EXW,Air,Pre-PQ Process,06-12-08,18-Oct-08,18-Oct-08,18-Oct-08,HRDT,HIV test,"Trinity Biotech, Plc","HIV 1/2, Uni-Gold HIV Kit, 20 Tests","HIV 1/2, Uni-Gold HIV Kit",Uni-Gold,10mg+ml+/,Test kit,20,"3,400",108800.00,32,1.6,"Trinity Biotech, Plc",TRUE,1131,"$22,370.64 ",174.08
"7,183",107-RW-T01,Pre-PQ Process,SCMS-25210,ASN-1966,Rwanda,PMO - US,Direct Drop,EXW,Air,Pre-PQ Process,06-12-08,04-Jul-08,04-Jul-08,04-Jul-08,HRDT,HIV test,Premier Medical Corporation Ltd.,"HIV 1/2/O, First Response HIV 1-2.0, v.3.0 Cards Kit, 30 Tests","HIV 1/2/O, First Response HIV 1-2.0, v.3.0 Cards Kit",First Response,10mg+ml+/,Test kit,30,"6,180",101970.00,16.5,0.55,Premier Med. Corp Ltd. India,TRUE,2130,"$17,331.66 ",163.15
"7,184",113-ZW-T01,Pre-PQ Process,SCMS-25310,ASN-2632,Zimbabwe,PMO - US,Direct Drop,EXW,Air,Pre-PQ Process,06-12-08,17-Nov-08,17-Nov-08,17-Nov-08,HRDT,HIV test,"Standard Diagnostics, Inc.","HIV 1/2, Bioline 3.0 Kit, Lancets, Capillary pipets, Alcohol swabs included, 25 Tests","HIV 1/2, Bioline 3.0 Kit, Lancets, Capillary pipets, Alcohol swabs included",Bioline,10mg+ml+/,Test kit,25,"7,864",157280.00,20,0.8,"Standard Diagnostics, Korea",TRUE,2450,"$18,087.86 ",308.27
"7,201",107-RW-T01,Pre-PQ Process,SCMS-25530,ASN-2068,Rwanda,PMO - US,Direct Drop,CIP,Air,Pre-PQ Process,6/13/2008,22-Jul-08,22-Jul-08,22-Jul-08,ARV,Adult,Aurobindo Pharma Limited,"Lamivudine/Zidovudine 150/300mg, tablets, 60 Tabs",Lamivudine/Zidovudine,Generic,20mg+ml+/,Tablet - FDC,60,"45,168",414642.24,9.18,0.15,"Aurobindo Unit III, India",TRUE,3953,"$23,071.26 ",663.43
"9,655",116-ZA-T01,Pre-PQ Process,SCMS-19800,ASN-1665,South Africa,PMO - US,Direct Drop,DDP,Truck,Pre-PQ Process,2/20/2008,24-Apr-08,24-Apr-08,24-Apr-08,ARV,Pediatric,S. BUYS WHOLESALER,"Efavirenz 200mg [Stocrin/Sustiva], capsule, 90 Caps",Efavirenz,Stocrin/Sustiva,10mg+ml+/,Capsule,90,80,2252.00,28.15,0.31,"MSD Midrand, J'burg, SA",FALSE,Weight Captured Separately,Freight Included in Commodity Cost,3.6
"9,656",116-ZA-T01,Pre-PQ Process,SCMS-19800,ASN-1665,South Africa,PMO - US,Direct Drop,DDP,Truck,Pre-PQ Process,2/20/2008,24-Apr-08,24-Apr-08,24-Apr-08,ARV,Adult,S. BUYS WHOLESALER,"Ritonavir 100mg [Norvir], capsules, cool, 84 Caps",Ritonavir,Norvir,10mg+ml+/,Capsule,84,10,91.90,9.19,0.11,ABBVIE (Abbott) Logis. UK,FALSE,Weight Captured Separately,Freight Included in Commodity Cost,0.15
"9,269",105-GY-T01,Pre-PQ Process,SCMS-123,ASN-78,Guyana,PMO - US,Direct Drop,EXW,Air,Pre-PQ Process,Date Not Captured,08-Nov-06,08-Nov-06,08-Nov-06,ARV,Adult,Aurobindo Pharma Limited,"Zidovudine 300mg, tablets, 60 Tabs",Zidovudine,Generic,30mg+ml+/,Tablet,60,245,2707.25,11.05,0.18,"Aurobindo Unit III, India",TRUE,13,"$1,020.60 ",
"9,657",116-ZA-T01,Pre-PQ Process,SCMS-19800,ASN-1665,South Africa,PMO - US,Direct Drop,DDP,Truck,Pre-PQ Process,2/20/2008,24-Apr-08,24-Apr-08,24-Apr-08,ARV,Adult,S. BUYS WHOLESALER,"Stavudine 30mg [Zerit], capsules, 60 Caps",Stavudine,Zerit,10mg+ml+/,Capsule,60,"1,000",4890.00,4.89,0.08,"BMS Meymac, France",FALSE,Weight Captured Separately,Freight Included in Commodity Cost,7.82
"7,259",102-GY-T01,Pre-PQ Process,SCMS-27030,ASN-2639,Guyana,PMO - US,Direct Drop,EXW,Air,Pre-PQ Process,8/21/2008,29-Oct-08,13-Oct-08,13-Oct-08,HRDT,HIV test - Ancillary,"Orgenics, Ltd","HIV, Lancet, Safety, for HIV Test kits, 100 Pcs","HIV, Lancet, Safety, for HIV Test kits, 100 Pcs",Generic,10mg+ml+/,Test kit - Ancillary,100,213,2.13,0.01,0,Inverness Japan,TRUE,14,$180 ,0
"8,951",107-RW-T01,Pre-PQ Process,SCMS-38680,ASN-3697,Rwanda,PMO - US,Direct Drop,EXW,Air,Pre-PQ Process,2/18/2009,06-Apr-09,06-Apr-09,06-Apr-09,HRDT,HIV test,"Trinity Biotech, Plc","HIV 1/2, Uni-Gold HIV Kit, 20 Tests","HIV 1/2, Uni-Gold HIV Kit",Uni-Gold,10mg+ml+/,Test kit,20,"1,163",37216.00,32,1.6,"Trinity Biotech, Plc",TRUE,385,"$6,269.97 ",72.94
"9,658",116-ZA-T01,Pre-PQ Process,SCMS-19800,ASN-1665,South Africa,PMO - US,Direct Drop,DDP,Truck,Pre-PQ Process,2/20/2008,24-Apr-08,24-Apr-08,24-Apr-08,ARV,Pediatric,S. BUYS WHOLESALER,"Efavirenz 50mg [Stocrin/Sustiva], capsule, 30 Caps",Efavirenz,Stocrin/Sustiva,20mg+ml+/,Capsule,30,200,596.00,2.98,0.1,"MSD Midrand, J'burg, SA",FALSE,Weight Captured Separately,Freight Included in Commodity Cost,0.95
"7,276",117-ET-T01,Pre-PQ Process,SCMS-27810,ASN-2591,Ethiopia,PMO - US,Direct Drop,EXW,Air,Pre-PQ Process,7/31/2008,06-Oct-08,06-Oct-08,06-Oct-08,HRDT,HIV test,"Trinity Biotech, Plc","HIV 1/2, Uni-Gold HIV Kit, 20 Tests","HIV 1/2, Uni-Gold HIV Kit",Uni-Gold,10mg+ml+/,Test kit,20,"4,200",134400.00,32,1.6,"Trinity Biotech, Plc",TRUE,1413,"$18,180.65 ",215.04
"9,694",116-ZA-T01,Pre-PQ Process,SCMS-21460,ASN-1667,South Africa,PMO - US,Direct Drop,DDP,,Pre-PQ Process,04-04-08,25-Apr-08,07-Apr-08,07-Apr-08,ARV,Adult,S. BUYS WHOLESALER,"Didanosine EC 400mg [Videx EC], delayed-release capsules, Blister 3 x 10 Caps",Didanosine EC,Videx EC,10mg+ml+/,Delayed-release capsules - blister,30,100,2386.00,23.86,0.8,"BMS Meymac, France",FALSE,Weight Captured Separately,Freight Included in Commodity Cost,3.82
"9,751",116-ZA-T01,Pre-PQ Process,SCMS-23500,ASN-2293,South Africa,PMO - US,Direct Drop,DDP,Truck,Pre-PQ Process,Date Not Captured,20-Aug-08,08-May-08,08-May-08,ARV,Pediatric,S. BUYS WHOLESALER,"Efavirenz 200mg [Stocrin/Sustiva], capsule, 90 Caps",Efavirenz,Stocrin/Sustiva,20mg+ml+/,Capsule,90,80,2572.00,32.15,0.36,"MSD Midrand, J'burg, SA",FALSE,Weight Captured Separately,Freight Included in Commodity Cost,4.12
"9,752",116-ZA-T01,Pre-PQ Process,SCMS-23500,ASN-2300,South Africa,PMO - US,Direct Drop,DDP,Truck,Pre-PQ Process,Date Not Captured,20-Aug-08,14-May-08,14-May-08,ARV,Adult,S. BUYS WHOLESALER,"Emtricitabine/Tenofovir Disoproxil Fumarate 200/300mg [Truvada], tablets, 30 Tabs",Emtricitabine/Tenofovir Disoproxil Fumarate,Truvada,10mg+ml+/,Tablet - FDC,30,20,765.00,38.25,1.27,Gilead(Nycomed) Oranienburg DE,FALSE,Weight Captured Separately,Freight Included in Commodity Cost,1.22
"9,753",116-ZA-T01,Pre-PQ Process,SCMS-23500,ASN-2300,South Africa,PMO - US,Direct Drop,DDP,Truck,Pre-PQ Process,Date Not Captured,20-Aug-08,14-May-08,14-May-08,ARV,Adult,S. BUYS WHOLESALER,"Saquinavir 200mg [Invirase], capsules, 270 Caps",Saquinavir,Invirase,10mg+ml+/,Capsule,270,4,285.52,71.38,0.26,Roche Basel,FALSE,Weight Captured Separately,Freight Included in Commodity Cost,0.46
"7,338",104-CI-T01,Pre-PQ Process,SCMS-29330,ASN-2923,Côte d'Ivoire,PMO - US,Direct Drop,EXW,Air,Pre-PQ Process,09-03-08,23-Jan-09,23-Jan-09,23-Jan-09,ACT-sds,ACT,IDA FOUNDATION,"Artesunate+Amodiaquine 50+153mg, tablets, co-blister 12+12 Tabs",Artesunate+Amodiaquine,Generic,20mg+ml+/,Tablet - FDC + co-blister,24,"25,000",17500.00,0.7,0.03,Ipca Dadra/Nagar Haveli IN,TRUE,634,"$8,530.29 ",34.3
"7,398",104-CI-T01,Pre-PQ Process,SCMS-30410,ASN-2712,Côte d'Ivoire,PMO - US,Direct Drop,EXW,Air,Pre-PQ Process,9/18/2008,24-Nov-08,24-Nov-08,24-Nov-08,HRDT,HIV test,BIO-RAD LABORATORIES (FRANCE),"#108853** HIV, Genie II HIV-1/HIV-2 Kit, 40 Tests","HIV, Genie II HIV-1/HIV-2 Kit",Genie,10mg+ml+/,Test kit,40,603,45828.00,76,1.9,Bio-Rad Laboratories,TRUE,679,"$9,698.22 ",89.82
"7,421",119-NA-T01,Pre-PQ Process,SCMS-31190,ASN-2718,Namibia,PMO - US,Direct Drop,CIP,Air,Pre-PQ Process,9/24/2008,28-Oct-08,28-Oct-08,28-Oct-08,HRDT,HIV test,"Orgenics, Ltd","HIV 1/2, Clearview Complete Kit, 25 Tests","HIV 1/2, Clearview Complete Kit",Clearview,10mg+ml+/,Test kit,25,7,525.00,75,3,Inverness USA,TRUE,3,$85.27 ,1.03
"9,860",116-ZA-T01,Pre-PQ Process,SCMS-26820,ASN-2487,South Africa,PMO - US,Direct Drop,DDP,Truck,Pre-PQ Process,Date Not Captured,10-Jul-08,14-Jul-08,14-Jul-08,ARV,Adult,S. BUYS WHOLESALER,"Lamivudine 150mg [Epivir], tablets, 60 Tabs",Lamivudine,Epivir,10mg+ml+/,Tablet,60,"1,000",5310.00,5.31,0.09,GSK Cape Town Factory (South Africa),FALSE,Weight Captured Separately,Freight Included in Commodity Cost,8.5
"7,467",117-ET-T01,Pre-PQ Process,SCMS-32630,ASN-3154,Ethiopia,PMO - US,Direct Drop,EXW,Air,Pre-PQ Process,10/27/2008,26-Jan-09,26-Jan-09,26-Jan-09,HRDT,HIV test,"SHANGHAI KEHUA BIOENGINEERING CO.,LTD.  (KHB)","HIV 1/2, SKB Colloidal Gold, Diagnostic Kit, Antibody, 50 Tests","HIV 1/2, Colloidal Gold, Diagnostic Kit, Antibody",Colloidal Gold,10mg+ml+/,Test kit,1,"3,510",80730.00,23,23,"KHB Test Kit Facility, Shanghai China",TRUE,2535,"$20,083.74 ",158.23
"7,468",117-ET-T01,Pre-PQ Process,SCMS-32640,ASN-2933,Ethiopia,PMO - US,Direct Drop,EXW,Air,Pre-PQ Process,10/27/2008,03-Dec-08,01-Dec-08,01-Dec-08,HRDT,HIV test,"SHANGHAI KEHUA BIOENGINEERING CO.,LTD.  (KHB)","HIV 1/2, SKB Colloidal Gold, Diagnostic Kit, Antibody, 50 Tests","HIV 1/2, Colloidal Gold, Diagnostic Kit, Antibody",Colloidal Gold,10mg+ml+/,Test kit,1,"3,510",80730.00,23,23,"KHB Test Kit Facility, Shanghai China",TRUE,2535,"$23,035.69 ",158.23
"7,469",117-ET-T01,Pre-PQ Process,SCMS-32640,ASN-2934,Ethiopia,PMO - US,Direct Drop,EXW,Air,Pre-PQ Process,10/27/2008,03-Dec-08,01-Dec-08,01-Dec-08,HRDT,HIV test,"SHANGHAI KEHUA BIOENGINEERING CO.,LTD.  (KHB)","HIV 1/2, SKB Colloidal Gold, Diagnostic Kit, Antibody, 50 Tests","HIV 1/2, Colloidal Gold, Diagnostic Kit, Antibody",Colloidal Gold,20mg+ml+/,Test kit,1,"3,510",80730.00,23,23,"KHB Test Kit Facility, Shanghai China",TRUE,2535,"$23,035.69 ",158.23
"9,936",116-ZA-T01,Pre-PQ Process,SCMS-28830,ASN-2502,South Africa,PMO - US,Direct Drop,DDP,Truck,Pre-PQ Process,Date Not Captured,25-Aug-08,18-Aug-08,18-Aug-08,ARV,Adult,S. BUYS WHOLESALER,"Zidovudine 300mg [Retrovir], tablets, 60 Tabs",Zidovudine,Retrovir,300mg,Tablet,60,550,6820.00,12.4,0.21,GSK Aranda,FALSE,Weight Captured Separately,Freight Included in Commodity Cost,10.91
"9,937",116-ZA-T01,Pre-PQ Process,SCMS-28830,ASN-2503,South Africa,PMO - US,Direct Drop,DDP,Truck,Pre-PQ Process,Date Not Captured,25-Aug-08,14-Aug-08,14-Aug-08,ARV,Pediatric,S. BUYS WHOLESALER,"Didanosine 2g [Videx], powder for oral solution 10mg/ml, reconstitute to 200 ml",Didanosine,Videx,2g,Powder for oral solution,200,10,125.40,12.54,0.06,"BMS Meymac, France",FALSE,Weight Captured Separately,Freight Included in Commodity Cost,0.2
"10,063",113-ZW-T01,Pre-PQ Process,SCMS-31850,ASN-2711,Zimbabwe,PMO - US,Direct Drop,CIP,Air,Pre-PQ Process,10-10-08,15-Nov-08,15-Nov-08,15-Nov-08,HRDT,HIV test,BIOLYTICAL LABORATORIES INC.,"#109440**HIV 1/2, INSTI HIV Antibody Individual POC, 1 Test","HIV 1/2, INSTI HIV Antibody Individual POC, 1 Test",INSTi,,Test kit,1,"5,000",13398.72,2.68,2.68,bioLytical Laboratories,TRUE,Weight Captured Separately,Freight Included in Commodity Cost,26.26
"10,089",102-BW-T01,Pre-PQ Process,SCMS-32490,ASN-2941,Botswana,PMO - US,Direct Drop,DDP,Truck,Pre-PQ Process,10/21/2008,12-Nov-08,12-Nov-08,12-Nov-08,HRDT,HIV test,AHN (PTY) LTD (AKA UCB (S.A.),"HIV 1/2, OraQuick Advance HIV Rapid Antibody Kit, 100 Tests","HIV 1/2, OraQuick Advance HIV Rapid Antibody Kit",OraQuick,,Test kit,100,5,3500.00,700,7,"Pacific Biotech, Thailand",TRUE,Weight Captured Separately,Freight Included in Commodity Cost,6.86
"7,638",109-TZ-T01,Pre-PQ Process,SCMS-38400,ASN-3694,Tanzania,PMO - US,Direct Drop,FCA,Air,Pre-PQ Process,02-05-09,27-May-09,27-May-09,27-May-09,ARV,Adult,ABBVIE LOGISTICS (FORMERLY ABBOTT LOGISTICS BV),"Lopinavir/Ritonavir 200/50mg [Aluvia], tablets, 120 Tabs",Lopinavir/Ritonavir,Aluvia,10mg+ml+/,Tablet,120,"12,560",516216.00,41.1,0.34,ABBVIE Ludwigshafen Germany,TRUE,3073,"$12,815.42 ","1,011.78"
"7,675",104-CI-T01,Pre-PQ Process,SCMS-39420,ASN-3632,Côte d'Ivoire,PMO - US,Direct Drop,EXW,Air,Pre-PQ Process,2/24/2009,24-Mar-09,24-Mar-09,24-Mar-09,HRDT,HIV test,"Orgenics, Ltd","HIV 1/2, Determine HIV Kit, without Lancets, 100 Tests","HIV 1/2, Determine HIV Kit, without Lancets",Determine,10mg+ml+/,Test kit,100,"2,000",140000.00,70,0.7,Inverness Japan,TRUE,453,"$8,603.58 ",274.4
"10,240",109-TZ-T01,Pre-PQ Process,SCMS-37800,ASN-3479,Tanzania,PMO - US,Direct Drop,DDP,Truck,Pre-PQ Process,1/26/2009,23-Feb-09,23-Feb-09,23-Feb-09,HRDT,HIV test,KAS MEDICS LIMITED,"HIV 1/2, Determine Complete HIV Kit, 100 Tests","HIV 1/2, Determine Complete HIV Kit",Determine,,Test kit,100,110,12650.00,115,1.15,Inverness Japan,TRUE,Weight Captured Separately,Freight Included in Commodity Cost,24.79
"7,696",106-HT-T01,Pre-PQ Process,SCMS-40010,ASN-3629,Haiti,PMO - US,Direct Drop,EXW,Air,Pre-PQ Process,03-06-09,07-Apr-09,07-Apr-09,07-Apr-09,ARV,Pediatric,Aurobindo Pharma Limited,"Efavirenz 50mg, capsule, 30 Caps",Efavirenz,Generic,10mg+ml+/,Capsule,30,"1,242",2782.08,2.24,0.07,"Aurobindo Unit III, India",TRUE,96,"$1,448.55 ",5.45
"7,708",106-HT-T01,Pre-PQ Process,SCMS-40310,ASN-3664,Haiti,PMO - US,Direct Drop,EXW,Air,Pre-PQ Process,03-09-09,24-Mar-09,24-Mar-09,24-Mar-09,HRDT,HIV test,"Trinity Biotech, Plc","HIV 1/2, Capillus HIV Kit, 100 Tests","HIV 1/2, Capillus HIV Kit",Capillus,20mg+ml+/,Test kit,100,110,15290.00,139,1.39,"Trinity Biotech, Plc",TRUE,78,"$1,953.60 ",29.97
"10,342",116-ZA-T01,Pre-PQ Process,SCMS-40780,ASN-3607,South Africa,PMO - US,Direct Drop,DDP,Air,Pre-PQ Process,Date Not Captured,17-Mar-09,28-Nov-08,28-Nov-08,ARV,Pediatric,S. BUYS WHOLESALER,"Stavudine 1mg/ml [Zerit], powder for oral solution, Bottle, 200 ml",Stavudine,Zerit,1mg/ml,Powder for oral solution,200,180,210.60,1.17,0.01,"BMS Meymac, France",FALSE,Weight Captured Separately,Freight Included in Commodity Cost,0.41
"10,343",116-ZA-T01,Pre-PQ Process,SCMS-40790,ASN-3575,South Africa,PMO - US,Direct Drop,DDP,Air,Pre-PQ Process,Date Not Captured,24-Mar-09,01-Dec-08,01-Dec-08,ARV,Adult,S. BUYS WHOLESALER,"Lamivudine 150mg, tablets, 60 Tabs",Lamivudine,Generic,150mg,Tablet,60,"6,000",32520.00,5.42,0.09,"Aurobindo Unit III, India",FALSE,Weight Captured Separately,Freight Included in Commodity Cost,63.74
"10,344",116-ZA-T01,Pre-PQ Process,SCMS-40810,ASN-3634,South Africa,PMO - US,Direct Drop,DDP,Air,Pre-PQ Process,Date Not Captured,31-Mar-09,02-Dec-08,02-Dec-08,ARV,Adult,S. BUYS WHOLESALER,"Stavudine 30mg [Zerit], capsules, 60 Caps",Stavudine,Zerit,30mg,Capsule,60,"3,600",13896.00,3.86,0.06,"BMS Meymac, France",FALSE,Weight Captured Separately,Freight Included in Commodity Cost,27.24
"10,345",116-ZA-T01,Pre-PQ Process,SCMS-40870,ASN-3582,South Africa,PMO - US,Direct Drop,DDP,Air,Pre-PQ Process,Date Not Captured,30-Jun-09,30-Jan-09,30-Jan-09,ARV,Adult,S. BUYS WHOLESALER,"Zidovudine 300mg, tablets, 60 Tabs",Zidovudine,Generic,300mg,Tablet,60,"5,550",68098.50,12.27,0.2,"Aurobindo Unit III, India",FALSE,Weight Captured Separately,Freight Included in Commodity Cost,133.47
"10,347",116-ZA-T01,Pre-PQ Process,SCMS-41070,ASN-3625,South Africa,PMO - US,Direct Drop,DDP,Air,Pre-PQ Process,Date Not Captured,12-May-09,30-Dec-08,30-Dec-08,ARV,Pediatric,S. BUYS WHOLESALER,"Stavudine 1mg/ml [Zerit], powder for oral solution, Bottle, 200 ml",Stavudine,Zerit,1mg/ml,Powder for oral solution,200,40,48.40,1.21,0.01,"BMS Meymac, France",FALSE,Weight Captured Separately,Freight Included in Commodity Cost,0.09
"10,348",116-ZA-T01,Pre-PQ Process,SCMS-41090,ASN-3626,South Africa,PMO - US,Direct Drop,DDP,Air,Pre-PQ Process,Date Not Captured,09-Jun-09,27-Jan-09,27-Jan-09,ARV,Adult,S. BUYS WHOLESALER,"Stavudine 30mg, capsules, 60 Caps",Stavudine,Generic,30mg,Capsule,60,"24,150",59892.00,2.48,0.04,"Aurobindo Unit III, India",FALSE,Weight Captured Separately,Freight Included in Commodity Cost,117.39
"10,350",116-ZA-T01,Pre-PQ Process,SCMS-41100,ASN-4018,South Africa,PMO - US,Direct Drop,DDP,Air,Pre-PQ Process,3/13/2009,17-Jun-09,03-Apr-09,03-Apr-09,ARV,Adult,S. BUYS WHOLESALER,"Lamivudine 150mg, tablets, 60 Tabs",Lamivudine,Generic,150mg,Tablet,60,100,520.00,5.2,0.09,"Aurobindo Unit III, India",FALSE,Weight Captured Separately,Freight Included in Commodity Cost,1.02
"10,351",116-ZA-T01,Pre-PQ Process,SCMS-50670,ASN-4609,South Africa,PMO - US,Direct Drop,DDP,Air,Pre-PQ Process,3/13/2009,17-Jun-09,17-Jun-09,17-Jun-09,ARV,Pediatric,S. BUYS WHOLESALER,"Lamivudine 10mg/ml, oral solution, Bottle, 240 ml",Lamivudine,Generic,10mg/ml,Oral solution,240,"1,000",3550.00,3.55,0.01,"Aurobindo Unit III, India",TRUE,Weight Captured Separately,Freight Included in Commodity Cost,6.96
"10,352",116-ZA-T01,Pre-PQ Process,SCMS-41140,ASN-3752,South Africa,PMO - US,Direct Drop,DDP,Air,Pre-PQ Process,Date Not Captured,31-Mar-09,21-Nov-08,21-Nov-08,ARV,Pediatric,S. BUYS WHOLESALER,"Didanosine 25mg [Videx], chewable tablets, 60 Tabs",Didanosine,Videx,25mg,Chewable/dispersible tablet,60,10,94.90,9.49,0.16,"BMS Meymac, France",FALSE,Weight Captured Separately,Freight Included in Commodity Cost,0.19
"10,355",116-ZA-T01,Pre-PQ Process,SCMS-41230,ASN-3758,South Africa,PMO - US,Direct Drop,DDP,Air,Pre-PQ Process,Date Not Captured,01-Apr-09,11-Feb-09,11-Feb-09,ARV,Adult,S. BUYS WHOLESALER,"Emtricitabine/Tenofovir Disoproxil Fumarate 200/300mg [Truvada], tablets, 30 Tabs",Emtricitabine/Tenofovir Disoproxil Fumarate,Truvada,300/200mg,Tablet - FDC,30,80,2542.40,31.78,1.06,"Aspen-OSD, Port Elizabeth, SA",TRUE,Weight Captured Separately,Freight Included in Commodity Cost,4.98
"10,356",116-ZA-T01,Pre-PQ Process,SCMS-41230,ASN-3758,South Africa,PMO - US,Direct Drop,DDP,Air,Pre-PQ Process,Date Not Captured,01-Apr-09,11-Feb-09,11-Feb-09,ARV,Adult,S. BUYS WHOLESALER,"Stavudine 20mg [Zerit], capsules, 60 Caps",Stavudine,Zerit,20mg,Capsule,60,300,1212.00,4.04,0.07,"BMS Meymac, France",FALSE,Weight Captured Separately,Freight Included in Commodity Cost,2.38
"10,357",116-ZA-T01,Pre-PQ Process,SCMS-41230,ASN-3758,South Africa,PMO - US,Direct Drop,DDP,Air,Pre-PQ Process,Date Not Captured,01-Apr-09,11-Feb-09,11-Feb-09,ARV,Adult,S. BUYS WHOLESALER,"Tenofovir Disoproxil Fumarate 300mg [Viread], tablets, 30 Tabs",Tenofovir Disoproxil Fumarate,Viread,300mg,Tablet,30,400,8692.00,21.73,0.72,"Aspen-OSD, Port Elizabeth, SA",FALSE,Weight Captured Separately,Freight Included in Commodity Cost,17.04
"10,364",116-ZA-T01,Pre-PQ Process,SCMS-41582,ASN-4304,South Africa,PMO - US,Direct Drop,DDP,Air,Pre-PQ Process,3/27/2009,25-Jun-09,08-Apr-09,08-Apr-09,ARV,Adult,S. BUYS WHOLESALER,"Zidovudine 300mg, tablets, 60 Tabs",Zidovudine,Generic,300mg,Tablet,60,"1,000",19760.00,19.76,0.33,"Aurobindo Unit III, India",FALSE,Weight Captured Separately,Freight Included in Commodity Cost,38.73
"10,365",116-ZA-T01,Pre-PQ Process,SCMS-41585,ASN-4386,South Africa,PMO - US,Direct Drop,DDP,Air,Pre-PQ Process,3/27/2009,25-Jun-09,21-Apr-09,21-Apr-09,ARV,Adult,S. BUYS WHOLESALER,"Lopinavir/Ritonavir 200/50mg [Aluvia], tablets, 120 Tabs",Lopinavir/Ritonavir,Aluvia,200/50mg,Tablet,120,"1,900",68362.00,35.98,0.3,ABBVIE Ludwigshafen Germany,FALSE,Weight Captured Separately,Freight Included in Commodity Cost,133.99
"10,366",116-ZA-T01,Pre-PQ Process,SCMS-41585,ASN-4386,South Africa,PMO - US,Direct Drop,DDP,Air,Pre-PQ Process,3/27/2009,25-Jun-09,21-Apr-09,21-Apr-09,ARV,Adult,S. BUYS WHOLESALER,"Lamivudine 150mg, tablets, 60 Tabs",Lamivudine,Generic,150mg,Tablet,60,"3,344",23675.52,7.08,0.12,"Aurobindo Unit III, India",FALSE,Weight Captured Separately,Freight Included in Commodity Cost,46.4
"10,367",116-ZA-T01,Pre-PQ Process,SCMS-49550,ASN-4610,South Africa,PMO - US,Direct Drop,DDP,Truck,Pre-PQ Process,3/27/2009,25-Jun-09,25-Jun-09,25-Jun-09,ARV,Adult,S. BUYS WHOLESALER,"Lamivudine 150mg [Epivir], tablets, 60 Tabs",Lamivudine,Epivir,150mg,Tablet,60,"7,000",37520.00,5.36,0.09,GSK Cape Town Factory (South Africa),TRUE,Weight Captured Separately,Freight Included in Commodity Cost,73.54
"10,368",116-ZA-T01,Pre-PQ Process,SCMS-49530,ASN-4613,South Africa,PMO - US,Direct Drop,DDP,Truck,Pre-PQ Process,3/27/2009,25-Jun-09,17-Jun-09,17-Jun-09,ARV,Pediatric,S. BUYS WHOLESALER,"Lamivudine 10mg/ml, oral solution, Bottle, 240 ml",Lamivudine,Generic,10mg/ml,Oral solution,240,"1,000",5650.00,5.65,0.02,"Aurobindo Unit III, India",TRUE,Weight Captured Separately,Freight Included in Commodity Cost,11.07
"7,775",102-GY-T01,Pre-PQ Process,SCMS-42300,ASN-4318,Guyana,PMO - US,Direct Drop,EXW,Air,Pre-PQ Process,3/31/2009,09-Jul-09,09-Jul-09,09-Jul-09,HRDT,HIV test,"Trinity Biotech, Plc","HIV 1/2, Uni-Gold HIV Kit, 20 Tests","HIV 1/2, Uni-Gold HIV Kit",Uni-Gold,10mg+ml+/,Test kit,20,"1,371",43872.00,32,1.6,"Trinity Biotech, Plc",TRUE,468,"$5,733.61 ",85.99
"10,388",116-ZA-T01,Pre-PQ Process,SCMS-47320,ASN-4224,South Africa,PMO - US,Direct Drop,DDP,Truck,Pre-PQ Process,04-02-09,15-May-09,15-May-09,15-May-09,ARV,Adult,S. BUYS WHOLESALER,"Stavudine 30mg, capsules, 60 Caps",Stavudine,Generic,30mg,Capsule,60,"1,800",5418.00,3.01,0.05,"Aurobindo Unit III, India",FALSE,Weight Captured Separately,Freight Included in Commodity Cost,10.62
"10,389",116-ZA-T01,Pre-PQ Process,SCMS-47320,ASN-4224,South Africa,PMO - US,Direct Drop,DDP,Truck,Pre-PQ Process,04-02-09,15-May-09,15-May-09,15-May-09,ARV,Pediatric,S. BUYS WHOLESALER,"Lamivudine 10mg/ml [Epivir], oral solution, Bottle, 240 ml",Lamivudine,Epivir,10mg/ml,Oral solution,240,650,3614.00,5.56,0.02,GSK Mississauga (Canada),FALSE,Weight Captured Separately,Freight Included in Commodity Cost,7.08
"10,390",116-ZA-T01,Pre-PQ Process,SCMS-47380,ASN-4285,South Africa,PMO - US,Direct Drop,DDP,Truck,Pre-PQ Process,04-02-09,15-May-09,21-Apr-09,21-Apr-09,ARV,Adult,S. BUYS WHOLESALER,"Saquinavir 200mg [Invirase], capsules, 270 Caps",Saquinavir,Invirase,200mg,Capsule,270,30,1970.40,65.68,0.24,Roche Basel,FALSE,Weight Captured Separately,Freight Included in Commodity Cost,3.86
"10,476",108-VN-T01,Pre-PQ Process,SCMS-46570,ASN-4710,Vietnam,PMO - US,Direct Drop,CIP,Air,Pre-PQ Process,5/27/2009,24-Aug-09,24-Aug-09,24-Aug-09,ARV,Pediatric,BRISTOL-MYERS SQUIBB,"Didanosine 25mg [Videx], chewable tablets, 60 Tabs",Didanosine,Videx,25mg,Chewable/dispersible tablet,60,480,3360.00,7,0.12,"BMS Meymac, France",TRUE,Weight Captured Separately,Freight Included in Commodity Cost,6.59
"7,849",114-UG-T01,Pre-PQ Process,SCMS-45660,ASN-4378,Uganda,PMO - US,Direct Drop,CIP,Air,Pre-PQ Process,05-11-09,06-Jul-09,06-Jul-09,06-Jul-09,ARV,Adult,BRISTOL-MYERS SQUIBB,"Didanosine EC 250mg [Videx EC], delayed-release capsules, Blister 3 x 10 Caps",Didanosine EC,Videx EC,10mg+ml+/,Delayed-release capsules - blister,30,84,1540.56,18.34,0.61,"BMS Meymac, France",TRUE,4,$390.81 ,3.02
"7,857",102-BW-T01,Pre-PQ Process,SCMS-46080,ASN-4216,Botswana,PMO - US,Direct Drop,EXW,Air,Pre-PQ Process,5/18/2009,07-Jul-09,07-Jul-09,07-Jul-09,HRDT,HIV test,"Orgenics, Ltd","HIV 1/2, Determine HIV Kit, without Lancets, 100 Tests","HIV 1/2, Determine HIV Kit, without Lancets",Determine,10mg+ml+/,Test kit,100,15,1050.00,70,0.7,Inverness Japan,TRUE,4,$383.65 ,2.06
"7,868",109-TZ-T01,Pre-PQ Process,SCMS-46510,ASN-4696,Tanzania,PMO - US,Direct Drop,FCA,Air,Pre-PQ Process,5/28/2009,25-Sep-09,25-Sep-09,25-Sep-09,ARV,Adult,Hoffmann-La Roche ltd Basel,"Saquinavir 200mg [Invirase], capsules, 270 Caps",Saquinavir,Invirase,10mg+ml+/,Capsule,270,"5,178",461436.41,89.11,0.33,Roche Basel,TRUE,2666,"$16,751.58 ",904.42
"7,894",119-NA-T01,Pre-PQ Process,SCMS-47130,ASN-4416,Namibia,PMO - US,Direct Drop,EXW,Air,Pre-PQ Process,06-05-09,27-Jul-09,27-Jul-09,27-Jul-09,HRDT,HIV test,"Orgenics, Ltd","HIV 1/2, Determine HIV Kit, without Lancets, 100 Tests","HIV 1/2, Determine HIV Kit, without Lancets",Determine,10mg+ml+/,Test kit,100,24,1680.00,70,0.7,Inverness Japan,TRUE,6,$868.31 ,3.29
"7,921",108-VN-T01,Pre-PQ Process,SCMS-19,ASN-13,Vietnam,PMO - US,Direct Drop,EXW,Air,Pre-PQ Process,Date Not Captured,03-Sep-06,03-Sep-06,03-Sep-06,ARV,Adult,Hoffmann-La Roche ltd Basel,"Nelfinavir (as mesilate) 250mg [Viracept], tablets, 270 Tabs",Nelfinavir (as mesilate),Viracept,10mg+ml+/,Tablet,270,"1,000",164620.00,164.62,0.61,Roche Madrid,TRUE,254,"$7,828.28 ",
"7,922",104-CI-T01,Pre-PQ Process,SCMS-21,ASN-15,Côte d'Ivoire,PMO - US,Direct Drop,FCA,Air,Pre-PQ Process,Date Not Captured,16-Sep-06,16-Sep-06,16-Sep-06,HRDT,HIV test,Abbott GmbH & Co. KG,"HIV 1/2, Determine Complete HIV Kit, 100 Tests","HIV 1/2, Determine Complete HIV Kit",Determine,10mg+ml+/,Test kit,100,500,40000.00,80,0.8,ABBVIE GmbH & Co.KG Wiesbaden,TRUE,171,"$1,275.12 ",
"10,498",116-ZA-T01,Pre-PQ Process,SCMS-47050,ASN-4819,South Africa,PMO - US,Direct Drop,DDP,Truck,Pre-PQ Process,06-05-09,12-Oct-09,21-Jul-09,21-Jul-09,ARV,Adult,S. BUYS WHOLESALER,"Zidovudine 300mg [Retrovir], tablets, 60 Tabs",Zidovudine,Retrovir,300mg,Tablet,60,550,8624.00,15.68,0.26,GSK Ware (UK),FALSE,Weight Captured Separately,Freight Included in Commodity Cost,16.9
"7,929",110-ZM-T01,Pre-PQ Process,SCMS-39,ASN-37,Zambia,PMO - US,Direct Drop,FCA,Air,Pre-PQ Process,Date Not Captured,19-Sep-06,19-Sep-06,19-Sep-06,HRDT,HIV test,Abbott GmbH & Co. KG,"HIV 1/2, Determine Complete HIV Kit, 100 Tests","HIV 1/2, Determine Complete HIV Kit",Determine,10mg+ml+/,Test kit,100,"1,000",80000.00,80,0.8,ABBVIE GmbH & Co.KG Wiesbaden,TRUE,343,"$2,373.73 ",
"10,499",116-ZA-T01,Pre-PQ Process,SCMS-47051,ASN-4837,South Africa,PMO - US,Direct Drop,DDP,Truck,Pre-PQ Process,06-05-09,12-Oct-09,03-Aug-09,03-Aug-09,ARV,Adult,S. BUYS WHOLESALER,"Stavudine 30mg, capsules, 60 Caps",Stavudine,Generic,30mg,Capsule,60,700,2457.00,3.51,0.06,"Aurobindo Unit III, India",FALSE,Weight Captured Separately,Freight Included in Commodity Cost,4.82
"7,953",104-CI-T01,Pre-PQ Process,SCMS-107,ASN-69,Côte d'Ivoire,PMO - US,Direct Drop,FCA,Air,Pre-PQ Process,Date Not Captured,14-Nov-06,14-Nov-06,14-Nov-06,HRDT,HIV test,Abbott GmbH & Co. KG,"HIV 1/2, Determine Complete HIV Kit, 100 Tests","HIV 1/2, Determine Complete HIV Kit",Determine,10mg+ml+/,Test kit,100,850,68000.00,80,0.8,ABBVIE GmbH & Co.KG Wiesbaden,TRUE,291096,$156.97 ,
"7,954",110-ZM-T01,Pre-PQ Process,SCMS-109,ASN-68,Zambia,PMO - US,Direct Drop,FCA,Air,Pre-PQ Process,Date Not Captured,31-Oct-06,31-Oct-06,31-Oct-06,HRDT,HIV test,Abbott GmbH & Co. KG,"HIV 1/2, Determine Complete HIV Kit, 100 Tests","HIV 1/2, Determine Complete HIV Kit",Determine,10mg+ml+/,Test kit,100,"1,250",100000.00,80,0.8,ABBVIE GmbH & Co.KG Wiesbaden,TRUE,426,"$2,487.58 ",
"10,500",116-ZA-T01,Pre-PQ Process,SCMS-47052,ASN-5369,South Africa,PMO - US,Direct Drop,DDP,Truck,Pre-PQ Process,06-05-09,12-Oct-09,12-Oct-09,12-Oct-09,ARV,Pediatric,S. BUYS WHOLESALER,"Zidovudine 10mg/ml, oral solution, Bottle, 240 ml",Zidovudine,Generic,10mg/ml,Oral solution,240,200,1410.00,7.05,0.03,"Aurobindo Unit III, India",TRUE,Weight Captured Separately,Freight Included in Commodity Cost,3.04
"10,501",116-ZA-T01,Pre-PQ Process,SCMS-47060,ASN-4815,South Africa,PMO - US,Direct Drop,DDP,Truck,Pre-PQ Process,06-05-09,21-Jul-09,21-Jul-09,21-Jul-09,ARV,Pediatric,S. BUYS WHOLESALER,"Efavirenz 50mg, capsule, 30 Caps",Efavirenz,Generic,50mg,Capsule,30,400,1468.00,3.67,0.12,"Aurobindo Unit III, India",TRUE,Weight Captured Separately,Freight Included in Commodity Cost,2.88
"7,975",114-UG-T01,Pre-PQ Process,SCMS-176,ASN-129,Uganda,PMO - US,Direct Drop,EXW,Air,Pre-PQ Process,Date Not Captured,22-Dec-06,22-Dec-06,22-Dec-06,ARV,Adult,ASPEN PHARMACARE,"Lamivudine/Zidovudine+Nevirapine 150/300+200mg, tablets, co-blister, 60+60 Tabs",Lamivudine/Zidovudine+Nevirapine,Generic,10mg+ml+/,Tablet - FDC + co-blister,120,"1,270",26670.00,21,0.18,"Aspen-OSD, Port Elizabeth, SA",TRUE,201,"$1,262.91 ",
"10,998",111-MZ-T01,Pre-PQ Process,SO-2524,DN-858,Mozambique,PMO - US,From RDC,N/A - From RDC,Truck,Pre-PQ Process,N/A - From RDC,05-Sep-08,05-Sep-08,05-Sep-08,ARV,Adult,SCMS from RDC,"Lamivudine/Nevirapine/Stavudine 150/200/30mg, tablets, 60 Tabs",Lamivudine/Nevirapine/Stavudine,Generic,150/200/30mg,Tablet - FDC,60,"80,000",576000.00,7.2,0.12,"Strides, Bangalore, India.",TRUE,11515,Freight Included in Commodity Cost,921.6
"7,984",106-HT-T01,Pre-PQ Process,SCMS-275,ASN-193,Haiti,PMO - US,Direct Drop,EXW,Air,Pre-PQ Process,Date Not Captured,23-Jan-07,23-Jan-07,23-Jan-07,HRDT,HIV test,"Trinity Biotech, Plc","HIV 1/2, Capillus HIV Kit, 100 Tests","HIV 1/2, Capillus HIV Kit",Capillus,10mg+ml+/,Test kit,100,60,10500.00,175,1.75,Not Applicable,TRUE,40,$749.96 ,
"7,990",102-NG-T01,Pre-PQ Process,SCMS-344,ASN-207,Nigeria,PMO - US,Direct Drop,EXW,Air,Pre-PQ Process,Date Not Captured,15-Mar-07,05-Mar-07,05-Mar-07,HRDT,HIV test,"CHEMBIO DIAGNOSTIC SYSTEMS, INC.","HIV 1/2, Stat-Pak HIV, Kit, 20 Tests","HIV 1/2, Stat-Pak HIV, Kit",Stat-Pak,10mg+ml+/,Test kit,20,"2,496",67392.00,27,1.35,Chembio Diagnostics Sys. Inc.,TRUE,702,"$4,474.15 ",
"7,991",102-NG-T01,Pre-PQ Process,SCMS-344,ASN-280,Nigeria,PMO - US,Direct Drop,EXW,Air,Pre-PQ Process,Date Not Captured,15-Mar-07,15-Mar-07,15-Mar-07,HRDT,HIV test,"CHEMBIO DIAGNOSTIC SYSTEMS, INC.","HIV 1/2, Stat-Pak HIV, Kit, 20 Tests","HIV 1/2, Stat-Pak HIV, Kit",Stat-Pak,10mg+ml+/,Test kit,20,"5,004",135108.00,27,1.35,Chembio Diagnostics Sys. Inc.,TRUE,1531,"$11,731.15 ",
"8,005",102-GY-T01,Pre-PQ Process,SCMS-433,ASN-281,Guyana,PMO - US,Direct Drop,EXW,Air,Pre-PQ Process,03-01-07,27-Mar-07,27-Mar-07,27-Mar-07,HRDT,HIV test,"CHEMBIO DIAGNOSTIC SYSTEMS, INC.","HIV 1/2, Stat-Pak HIV, Kit, 20 Tests","HIV 1/2, Stat-Pak HIV, Kit",Stat-Pak,20mg+ml+/,Test kit,20,50,1350.00,27,1.35,Chembio Diagnostics Sys. Inc.,TRUE,18,$378.60 ,
"8,017",100-HT-T01,Pre-PQ Process,SCMS-539,ASN-364,Haiti,PMO - US,Direct Drop,EXW,Air,Pre-PQ Process,04-04-07,03-May-07,03-May-07,03-May-07,HRDT,HIV test,Abbott GmbH & Co. KG,"HIV 1/2, Determine Complete HIV Kit, 100 Tests","HIV 1/2, Determine Complete HIV Kit",Determine,10mg+ml+/,Test kit,100,"1,000",80000.00,80,0.8,ABBVIE GmbH & Co.KG Wiesbaden,TRUE,343,"$2,802.42 ",
"8,023",102-NG-T01,Pre-PQ Process,SCMS-587,ASN-417,Nigeria,PMO - US,Direct Drop,EXW,Air,Pre-PQ Process,4/30/2007,31-May-07,31-May-07,31-May-07,HRDT,HIV test,Abbott GmbH & Co. KG,"HIV 1/2, Determine Complete HIV Kit, 100 Tests","HIV 1/2, Determine Complete HIV Kit",Determine,10mg+ml+/,Test kit,100,"2,500",200000.00,80,0.8,ABBVIE GmbH & Co.KG Wiesbaden,TRUE,851,"$5,469.91 ",
"11,024",151-NG-T01,Pre-PQ Process,SO-21803,DN-1137,Nigeria,PMO - US,From RDC,N/A - From RDC,Air Charter,Pre-PQ Process,N/A - From RDC,19-Mar-09,19-Mar-09,19-Mar-09,ARV,Adult,SCMS from RDC,"Lamivudine/Nevirapine/Zidovudine 150/200/300mg, tablets, 60 Tabs",Lamivudine/Nevirapine/Zidovudine,Generic,150/300/200mg,Tablet - FDC,60,"5,426",61856.40,11.4,0.19,"Aurobindo Unit III, India",TRUE,610,Freight Included in Commodity Cost,121.24
"8,061",109-TZ-T01,Pre-PQ Process,SCMS-10250,ASN-682,Tanzania,PMO - US,Direct Drop,EXW,Air,Pre-PQ Process,Date Not Captured,25-Oct-07,25-Oct-07,25-Oct-07,HRDT,HIV test,"Standard Diagnostics, Inc.","HIV 1/2, Bioline 3.0 Kit, Lancets, Capillary pipets, Alcohol swabs included, 25 Tests","HIV 1/2, Bioline 3.0 Kit, Lancets, Capillary pipets, Alcohol swabs included",Bioline,10mg+ml+/,Test kit,25,"10,000",200000.00,20,0.8,"Standard Diagnostics, Korea",TRUE,3336,"$28,837.28 ",320
"8,062",109-TZ-T01,Pre-PQ Process,SCMS-10330,ASN-1932,Tanzania,PMO - US,Direct Drop,EXW,Air,Pre-PQ Process,5/14/2008,22-Jul-08,22-Jul-08,22-Jul-08,HRDT,HIV test,"Standard Diagnostics, Inc.","HIV 1/2, Bioline 3.0 Kit, Lancets, Capillary pipets, Alcohol swabs included, 25 Tests","HIV 1/2, Bioline 3.0 Kit, Lancets, Capillary pipets, Alcohol swabs included",Bioline,10mg+ml+/,Test kit,25,"10,000",200000.00,20,0.8,"Standard Diagnostics, Korea",TRUE,3122,"$22,691.75 ",320
"11,077",151-NG-T30,Pre-PQ Process,SO-35150,DN-1594,Nigeria,PMO - US,From RDC,N/A - From RDC,Air Charter,Date Not Captured,N/A - From RDC,18-Dec-09,18-Dec-09,18-Dec-09,ARV,Adult,SCMS from RDC,"Lamivudine/Nevirapine/Zidovudine 150/200/300mg, tablets, 60 Tabs",Lamivudine/Nevirapine/Zidovudine,Generic,150/300/200mg,Tablet - FDC,60,3,34.20,11.4,0.19,"Aurobindo Unit III, India",TRUE,1,Freight Included in Commodity Cost,0.07
"11,115",111-MZ-T01,Pre-PQ Process,SO-500,DN-152,Mozambique,PMO - US,From RDC,N/A - From RDC,Air,Pre-PQ Process,N/A - From RDC,08-Jun-07,08-Jun-07,08-Jun-07,ARV,Adult,SCMS from RDC,"Abacavir 300mg, tablets, 60 Tabs",Abacavir,Generic,300mg,Tablet,60,"4,444",159095.20,35.8,0.6,"Aurobindo Unit III, India",TRUE,633,Freight Included in Commodity Cost,
"11,322",110-ZM-T01,Pre-PQ Process,SO-30920,DN-1241,Zambia,PMO - US,From RDC,N/A - From RDC,Truck,Pre-PQ Process,N/A - From RDC,10-Jun-09,10-Jun-09,10-Jun-09,ARV,Adult,SCMS from RDC,"Efavirenz 600mg, tablets, 30 Tabs",Efavirenz,Generic,600mg,Tablet,30,"107,180",857440.00,8,0.27,Mylan (formerly Matrix) Nashik,TRUE,7995,Freight Included in Commodity Cost,"1,680.58"
"8,192",107-RW-T01,Pre-PQ Process,SCMS-14220,ASN-1305,Rwanda,PMO - US,Direct Drop,CIP,Air,Pre-PQ Process,11/21/2007,28-Apr-08,11-Mar-08,11-Mar-08,ARV,Adult,CIPLA LIMITED,"Lamivudine/Nevirapine/Stavudine 150/200/30mg, tablets, 60 Tabs",Lamivudine/Nevirapine/Stavudine,Generic,10mg+ml+/,Tablet - FDC,60,"100,000",700000.00,7,0.12,"Cipla, Goa, India",TRUE,10303,"$35,034.75 ","1,120"
"11,345",104-CI-T01,Pre-PQ Process,SO-32230,DN-1359,Côte d'Ivoire,PMO - US,From RDC,N/A - From RDC,Air,Date Not Captured,N/A - From RDC,08-Sep-09,08-Sep-09,08-Sep-09,ARV,Adult,SCMS from RDC,"Zidovudine 300mg, tablets, 60 Tabs",Zidovudine,Generic,300mg,Tablet,60,"8,000",60240.00,7.53,0.13,Hetero Unit III Hyderabad IN,TRUE,452,Freight Included in Commodity Cost,118.07
"8,207",107-RW-T01,Pre-PQ Process,SCMS-14730,ASN-1066,Rwanda,PMO - US,Direct Drop,CIP,Air,Pre-PQ Process,12-03-07,03-Jan-08,03-Jan-08,03-Jan-08,ARV,Adult,Aurobindo Pharma Limited,"Efavirenz 600mg, tablets, 30 Tabs",Efavirenz,Generic,10mg+ml+/,Tablet,30,"32,510",381992.50,11.75,0.39,"Aurobindo Unit III, India",TRUE,2791,"$28,336.18 ",611.19
"11,404",110-ZM-T01,Pre-PQ Process,SO-230,DN-165,Zambia,PMO - US,From RDC,N/A - From RDC,,Pre-PQ Process,N/A - From RDC,05-Jun-07,05-Jun-07,05-Jun-07,ARV,Adult,SCMS from RDC,"Nevirapine 200mg, tablets, 60 Tabs",Nevirapine,Generic,200mg,Tablet,60,"33,333",122332.11,3.67,0.06,"Aurobindo Unit III, India",TRUE,3118,Freight Included in Commodity Cost,
"12,235",111-MZ-T01,Pre-PQ Process,SO-2524,DN-858,Mozambique,PMO - US,From RDC,N/A - From RDC,Truck,Pre-PQ Process,N/A - From RDC,05-Sep-08,05-Sep-08,05-Sep-08,ARV,Adult,SCMS from RDC,"Lamivudine/Nevirapine/Stavudine 150/200/30mg, tablets, 60 Tabs",Lamivudine/Nevirapine/Stavudine,Generic,150/200/30mg,Tablet - FDC,60,"76,128",548121.60,7.2,0.12,"Strides, Bangalore, India.",FALSE,Weight Captured Separately,Freight Included in Commodity Cost,876.99
"12,243",123-NG-T01,Pre-PQ Process,SO-22590,DN-1065,Nigeria,PMO - US,From RDC,N/A - From RDC,Air,Pre-PQ Process,N/A - From RDC,03-Feb-09,03-Feb-09,03-Feb-09,ARV,Adult,SCMS from RDC,"Efavirenz 600mg, tablets, 30 Tabs",Efavirenz,Generic,600mg,Tablet,30,"11,527",135096.44,11.72,0.39,"Aurobindo Unit III, India",TRUE,983,Freight Included in Commodity Cost,264.79
"8,231",100-HT-T01,Pre-PQ Process,SCMS-15470,ASN-2759,Haiti,PMO - US,Direct Drop,EXW,Air,Pre-PQ Process,01-05-08,11-Nov-08,11-Nov-08,11-Nov-08,HRDT,HIV test,"Trinity Biotech, Plc","HIV 1/2, Capillus HIV Kit, 100 Tests","HIV 1/2, Capillus HIV Kit",Capillus,1mg+ml+/,Test kit,100,2,278.00,139,1.39,"Trinity Biotech, Plc",TRUE,4,$523.12 ,0.54
"8,232",106-HT-T01,Pre-PQ Process,SCMS-15510,ASN-1273,Haiti,PMO - US,Direct Drop,EXW,Air,Pre-PQ Process,Date Not Captured,11-Feb-08,11-Feb-08,11-Feb-08,HRDT,HIV test,"Trinity Biotech, Plc","HIV 1/2, Capillus HIV Kit, 100 Tests","HIV 1/2, Capillus HIV Kit",Capillus,10mg+ml+/,Test kit,100,125,17375.00,139,1.39,"Trinity Biotech, Plc",TRUE,92,"$1,425.77 ",27.8
"12,266",151-NG-T01,Pre-PQ Process,SO-21804,DN-1138,Nigeria,PMO - US,From RDC,N/A - From RDC,Air Charter,Pre-PQ Process,N/A - From RDC,19-Mar-09,19-Mar-09,19-Mar-09,ARV,Adult,SCMS from RDC,"Lamivudine/Nevirapine/Zidovudine 150/200/300mg, tablets, 60 Tabs",Lamivudine/Nevirapine/Zidovudine,Generic,150/300/200mg,Tablet - FDC,60,370,4218.00,11.4,0.19,"Aurobindo Unit III, India",TRUE,42,Freight Included in Commodity Cost,8.27
"8,263",102-NG-T01,Pre-PQ Process,SCMS-16890,ASN-2267,Nigeria,PMO - US,Direct Drop,EXW,Air,Pre-PQ Process,1/29/2008,19-Sep-08,20-Aug-08,20-Aug-08,HRDT,HIV test,"CHEMBIO DIAGNOSTIC SYSTEMS, INC.","HIV 1/2, Stat-Pak HIV, Kit, 20 Tests","HIV 1/2, Stat-Pak HIV, Kit",Stat-Pak,1mg+ml+/,Test kit,20,"6,520",176040.00,27,1.35,Chembio Diagnostics Sys. Inc.,TRUE,2224,"$12,768.47 ",281.66
"12,350",111-MZ-T01,Pre-PQ Process,SO-500,DN-152,Mozambique,PMO - US,From RDC,N/A - From RDC,Air,Pre-PQ Process,N/A - From RDC,08-Jun-07,08-Jun-07,08-Jun-07,ARV,Adult,SCMS from RDC,"Lopinavir/Ritonavir 200/50mg [Aluvia], tablets, 120 Tabs",Lopinavir/Ritonavir,Aluvia,200/50mg,Tablet,120,900,36990.00,41.1,0.34,ABBVIE Ludwigshafen Germany,FALSE,Weight Captured Separately,Freight Included in Commodity Cost,
"8,271",128-BJ-T01,Pre-PQ Process,SCMS-17290,ASN-1355,Benin,PMO - US,Direct Drop,EXW,Air,Pre-PQ Process,02-06-08,04-Mar-08,04-Mar-08,04-Mar-08,HRDT,HIV test,"Standard Diagnostics, Inc.","HIV 1/2, Bioline 3.0 Kit, Lancets, Capillary pipets, Alcohol swabs included, 25 Tests","HIV 1/2, Bioline 3.0 Kit, Lancets, Capillary pipets, Alcohol swabs included",Bioline,10mg+ml+/,Test kit,25,232,4640.00,20,0.8,"Standard Diagnostics, Korea",TRUE,70,"$1,136.37 ",7.42
"8,315",106-HT-T01,Pre-PQ Process,SCMS-18270,ASN-1463,Haiti,PMO - US,Direct Drop,EXW,Air,Pre-PQ Process,2/27/2008,29-Mar-08,29-Mar-08,29-Mar-08,HRDT,HIV test,Orasure Technologies Inc.,"HIV 1/2, OraQuick Advance HIV Rapid Antibody Kit, 100 Tests","HIV 1/2, OraQuick Advance HIV Rapid Antibody Kit",OraQuick,10mg+ml+/,Test kit,100,30,10500.00,350,3.5,"Pacific Biotech, Thailand",TRUE,72,"$2,556.61 ",16.8
"8,316",104-CI-T01,Pre-PQ Process,SCMS-18330,ASN-3024,Côte d'Ivoire,PMO - US,Direct Drop,EXW,Air,Pre-PQ Process,2/27/2008,18-Feb-09,18-Feb-09,18-Feb-09,HRDT,HIV test,"CHEMBIO DIAGNOSTIC SYSTEMS, INC.","HIV 1/2, Stat-Pak HIV, Kit, 20 Tests","HIV 1/2, Stat-Pak HIV, Kit",Stat-Pak,10mg+ml+/,Test kit,20,289,7803.00,27,1.35,Chembio Diagnostics Sys. Inc.,TRUE,84,"$1,550.95 ",15.29
"12,351",111-MZ-T01,Pre-PQ Process,SO-544,DN-153,Mozambique,PMO - US,From RDC,N/A - From RDC,Air,Pre-PQ Process,N/A - From RDC,08-Jun-07,08-Jun-07,08-Jun-07,ARV,Pediatric,SCMS from RDC,"Zidovudine 10mg/ml, oral solution, Bottle, 240 ml",Zidovudine,Generic,10mg/ml,Oral solution,240,"8,100",31995.00,3.95,0.02,"Aurobindo Unit III, India",TRUE,2952,Freight Included in Commodity Cost,
"12,625",102-NG-T01,Pre-PQ Process,SO-131,DN-1,Nigeria,PMO - US,From RDC,N/A - From RDC,,Pre-PQ Process,N/A - From RDC,20-Sep-06,13-Jul-06,13-Jul-06,HRDT,HIV test,SCMS from RDC,"HIV 1/2, Stat-Pak HIV, Kit, 20 Tests","HIV 1/2, Stat-Pak HIV, Kit",Stat-Pak,,Test kit,20,"50,000",67500.00,1.35,0.07,Chembio Diagnostics Sys. Inc.,TRUE,712,Freight Included in Commodity Cost,
"8,378",108-VN-T01,Pre-PQ Process,SCMS-20360,ASN-2043,Vietnam,PMO - US,Direct Drop,EXW,Air,Pre-PQ Process,3/31/2008,17-Jul-08,17-Jul-08,17-Jul-08,ARV,Adult,MYLAN LABORATORIES LTD (FORMERLY MATRIX LABORATORIES),"Efavirenz 600mg, tablets, 30 Tabs",Efavirenz,Generic,10mg+ml+/,Tablet,30,"10,080",115718.40,11.48,0.38,Mylan (formerly Matrix) Nashik,TRUE,772,"$4,408.29 ",185.15
"8,407",102-NG-T01,Pre-PQ Process,SCMS-21580,ASN-1786,Nigeria,PMO - US,Direct Drop,EXW,Air,Pre-PQ Process,Date Not Captured,28-May-08,28-May-08,28-May-08,HRDT,HIV test,"Orgenics, Ltd","HIV 1/2, Determine HIV Kit, without Lancets, 100 Tests","HIV 1/2, Determine HIV Kit, without Lancets",Determine,20mg+ml+/,Test kit,100,"1,130",90388.70,79.99,0.8,Inverness Japan,TRUE,258,"$3,748.24 ",144.62
"8,437",102-BW-T01,Pre-PQ Process,SCMS-22700,ASN-1908,Botswana,PMO - US,Direct Drop,EXW,Air,Pre-PQ Process,4/28/2008,31-Jul-08,31-Jul-08,31-Jul-08,HRDT,HIV test,"Orgenics, Ltd","HIV 1/2, Determine HIV Kit, without Lancets, 100 Tests","HIV 1/2, Determine HIV Kit, without Lancets",Determine,10mg+ml+/,Test kit,100,100,7199.00,71.99,0.72,Inverness Japan,TRUE,28,$641.06 ,11.52
"12,864",131-NG-T01,Pre-PQ Process,SO-22800,DN-1123,Nigeria,PMO - US,From RDC,N/A - From RDC,Air Charter,Pre-PQ Process,N/A - From RDC,19-Mar-09,19-Mar-09,19-Mar-09,ARV,Adult,SCMS from RDC,"Efavirenz 600mg, tablets, 30 Tabs",Efavirenz,Generic,600mg,Tablet,30,"16,000",155520.00,9.72,0.32,"Aurobindo Unit III, India",TRUE,1364,Freight Included in Commodity Cost,304.82
"8,440",102-BW-T01,Pre-PQ Process,SCMS-22740,ASN-2400,Botswana,PMO - US,Direct Drop,EXW,Air,Pre-PQ Process,4/28/2008,18-Nov-08,18-Nov-08,18-Nov-08,HRDT,HIV test,"Trinity Biotech, Plc","HIV 1/2, Uni-Gold HIV Kit, 20 Tests","HIV 1/2, Uni-Gold HIV Kit",Uni-Gold,20mg+ml+/,Test kit,20,500,16000.00,32,1.6,"Trinity Biotech, Plc",TRUE,166,"$1,225.17 ",25.6
"8,459",108-VN-T01,Pre-PQ Process,SCMS-23300,ASN-2485,Vietnam,PMO - US,Direct Drop,EXW,Air,Pre-PQ Process,5/13/2008,06-Oct-08,06-Oct-08,06-Oct-08,ARV,Adult,CIPLA LIMITED,"Lamivudine/Nevirapine/Stavudine 150/200/30mg, tablets, 60 Tabs",Lamivudine/Nevirapine/Stavudine,Generic,20mg+ml+/,Tablet - FDC,60,"9,792",72460.80,7.4,0.12,"Cipla, Goa, India",TRUE,836,"$5,136.08 ",115.94
"13,064",116-ZA-T30,FPQ-14942,SCMS-259075,ASN-32122,South Africa,PMO - US,Direct Drop,DDP,Truck,09-11-14,05-11-15,12-May-15,12-May-15,12-May-15,ARV,Adult,PHARMACY DIRECT,"Abacavir 300mg, tablets, 60 Tabs",Abacavir,Generic,300mg,Tablet,60,25,1246.30,49.85,0.83,"Aurobindo Unit III, India",TRUE,Weight Captured Separately,Freight Included in Commodity Cost,1.28
"13,091",116-ZA-T30,FPQ-13973,SCMS-238550,ASN-30792,South Africa,PMO - US,Direct Drop,DDP,Truck,4/30/2014,05-08-14,19-Feb-15,19-Feb-15,19-Feb-15,ARV,Adult,PHARMACY DIRECT,"Abacavir 300mg, tablets, 60 Tabs",Abacavir,Generic,300mg,Tablet,60,3,206.97,68.99,1.15,"Aurobindo Unit III, India",TRUE,Weight Captured Separately,Freight Included in Commodity Cost,0.21
"13,115",116-ZA-T30,FPQ-12522,SCMS-199283,ASN-27979,South Africa,PMO - US,Direct Drop,DDP,Truck,07-11-13,8/27/2014,27-Aug-14,27-Aug-14,27-Aug-14,ARV,Adult,S. BUYS WHOLESALER,"Emtricitabine/Tenofovir Disoproxil Fumarate 200/300mg, tablets, 30 Tabs",Emtricitabine/Tenofovir Disoproxil Fumarate,Generic,200/300mg,Tablet - FDC,30,13,438.41,33.72,1.12,"Aurobindo Unit III, India",TRUE,Weight Captured Separately,Freight Included in Commodity Cost,0.54
"13,148",103-DO-T30,FPQ-14469,SCMS-244720,ASN-26962,Dominican Republic,PMO - US,Direct Drop,DDP,Air,6/13/2014,6/23/2014,14-Jan-14,14-Jan-14,07-Feb-14,ARV,Pediatric,"ABBVIE, SRL (FORMALLY ABBOTT LABORATORIES INTERNATIONAL CO.)","Lopinavir/Ritonavir 80/20mg/ml [Kaletra], oral solution, cool, Bottle, 160 ml",Lopinavir/Ritonavir,Kaletra,80/20mg/ml,Oral solution,160,"4,570",148250.80,32.44,0.2,ABBVIE Labs North Chicago US,TRUE,Weight Captured Separately,Freight Included in Commodity Cost,152.4
"13,231",116-ZA-T30,FPQ-12522,SCMS-199283,ASN-27978,South Africa,PMO - US,Direct Drop,DDP,Truck,07-11-13,8/27/2014,27-Aug-14,27-Aug-14,27-Aug-14,ARV,Adult,S. BUYS WHOLESALER,"Zidovudine 300mg, tablets, 60 Tabs",Zidovudine,Generic,300mg,Tablet,60,14,389.56,27.83,0.46,"Aurobindo Unit III, India",TRUE,Weight Captured Separately,Freight Included in Commodity Cost,0.48
"13,476",111-MZ-T30,FPQ-4107,SCMS-53520,ASN-6395,Mozambique,PMO - US,Direct Drop,CIP,Air,09-02-09,9/24/2009,19-Mar-10,19-Mar-10,19-Mar-10,ARV,Adult,INTERNATIONAL HEALTHCARE DISTRIBUTORS,"Ritonavir 100mg [Norvir], capsules, cool, 84 Caps",Ritonavir,Norvir,100mg,Capsule,84,520,5366.40,10.32,0.12,ABBVIE (Abbott) France,TRUE,149,Freight Included in Commodity Cost,10.52
"8,470",125-HT-T01,Pre-PQ Process,SCMS-23580,ASN-1821,Haiti,PMO - US,Direct Drop,EXW,Air,Pre-PQ Process,5/13/2008,06-Jun-08,06-Jun-08,06-Jun-08,HRDT,HIV test,"Trinity Biotech, Plc","HIV 1/2, Capillus HIV Kit, 100 Tests","HIV 1/2, Capillus HIV Kit",Capillus,10mg+ml+/,Test kit,100,4,556.00,139,1.39,"Trinity Biotech, Plc",TRUE,3,"$1,808.19 ",0.89
"13,481",116-ZA-T30,FPQ-14942,SCMS-259072,ASN-30377,South Africa,PMO - US,Direct Drop,DDP,Truck,09-11-14,1/26/2015,26-Jan-15,26-Jan-15,26-Jan-15,ARV,Adult,PHARMACY DIRECT,"Tenofovir Disoproxil Fumarate 300mg, tablets, 30 Tabs",Tenofovir Disoproxil Fumarate,Generic,300mg,Tablet,30,132,1823.80,13.82,0.46,Mylan (formerly Matrix) Nashik,TRUE,Weight Captured Separately,Freight Included in Commodity Cost,1.87
"8,554",110-ZM-T01,Pre-PQ Process,SCMS-25710,ASN-2843,Zambia,PMO - US,Direct Drop,EXW,Air,Pre-PQ Process,6/20/2008,18-Nov-08,18-Nov-08,18-Nov-08,HRDT,HIV test,"Standard Diagnostics, Inc.","HIV 1/2, Bioline 3.0 Kit, Lancets, Capillary pipets, Alcohol swabs included, 25 Tests","HIV 1/2, Bioline 3.0 Kit, Lancets, Capillary pipets, Alcohol swabs included",Bioline,20mg+ml+/,Test kit,25,500,10000.00,20,0.8,"Standard Diagnostics, Korea",TRUE,157,"$1,754.04 ",19.6
"13,568",116-ZA-T30,FPQ-14942,SCMS-259074,ASN-31070,South Africa,PMO - US,Direct Drop,DDP,Truck,09-11-14,03-09-15,09-Mar-15,09-Mar-15,09-Mar-15,ARV,Adult,PHARMACY DIRECT,"Efavirenz 600mg, tablets, 30 Tabs",Efavirenz,Generic,600mg,Tablet,30,139,1566.38,11.27,0.38,"Aurobindo Unit III, India",TRUE,Weight Captured Separately,Freight Included in Commodity Cost,1.61
"8,603",108-VN-T01,Pre-PQ Process,SCMS-27300,ASN-2855,Vietnam,PMO - US,Direct Drop,FCA,Air,Pre-PQ Process,7/24/2008,03-Dec-08,03-Dec-08,03-Dec-08,ARV,Adult,ABBVIE LOGISTICS (FORMERLY ABBOTT LOGISTICS BV),"Lopinavir/Ritonavir 200/50mg [Aluvia], tablets, 120 Tabs",Lopinavir/Ritonavir,Aluvia,10mg+ml+/,Tablet,120,"1,080",88776.00,82.2,0.68,ABBVIE Ludwigshafen Germany,TRUE,259,"$2,985.93 ",174
"13,845",116-ZA-T30,FPQ-14942,SCMS-259078,ASN-33473,South Africa,PMO - US,Direct Drop,DDP,Truck,09-11-14,10-09-14,24-Jul-15,24-Jul-15,24-Jul-15,ARV,Adult,PHARMACY DIRECT,"Darunavir 600mg [Prezista], tablets, 60 Tabs",Darunavir,Prezista,600mg,Tablet,60,33,1671.87,50.66,0.84,"Janssen-Cilag, Latina, IT",TRUE,Weight Captured Separately,Freight Included in Commodity Cost,1.72
"13,899",116-ZA-T30,FPQ-14942,SCMS-259071,ASN-29597,South Africa,PMO - US,Direct Drop,DDP,Truck,09-11-14,11/28/2014,28-Nov-14,28-Nov-14,28-Nov-14,ARV,Pediatric,PHARMACY DIRECT,"Efavirenz 200mg, capsule, 90 Caps",Efavirenz,Generic,200mg,Capsule,90,16,272.70,17.04,0.19,"Aurobindo Unit III, India",TRUE,Weight Captured Separately,Freight Included in Commodity Cost,0.28
"8,616",106-HT-T01,Pre-PQ Process,SCMS-27880,ASN-2378,Haiti,PMO - US,Direct Drop,FCA,Air,Pre-PQ Process,08-05-08,29-Sep-08,29-Sep-08,29-Sep-08,ARV,Pediatric,ABBVIE LOGISTICS (FORMERLY ABBOTT LOGISTICS BV),"Lopinavir/Ritonavir 100/25mg [Aluvia], tablets, 60 Tabs",Lopinavir/Ritonavir,Generic,10mg+ml+/,Tablet,60,20,205.60,10.28,0.17,ABBVIE Ludwigshafen Germany,TRUE,19,$658.68 ,0.33
"8,642",117-ET-T01,Pre-PQ Process,SCMS-28710,ASN-2575,Ethiopia,PMO - US,Direct Drop,EXW,Air,Pre-PQ Process,8/22/2008,07-Oct-08,06-Oct-08,06-Oct-08,HRDT,HIV test,"SHANGHAI KEHUA BIOENGINEERING CO.,LTD.  (KHB)","HIV 1/2, SKB Colloidal Gold, Diagnostic Kit, Antibody, 50 Tests","HIV 1/2, Colloidal Gold, Diagnostic Kit, Antibody",Colloidal Gold,10mg+ml+/,Test kit,1,"7,002",161046.00,23,23,"KHB Test Kit Facility, Shanghai China",TRUE,5057,"$44,347.71 ",257.67
"14,023",116-ZA-T30,FPQ-4359,SCMS-54980,ASN-5373,South Africa,PMO - US,Direct Drop,DDP,Truck,10-08-09,10/15/2009,19-Oct-09,19-Oct-09,19-Oct-09,ARV,Pediatric,S. BUYS WHOLESALER,"Efavirenz 200mg, capsule, 90 Caps",Efavirenz,Generic,200mg,Capsule,90,100,3297.80,32.98,0.37,"Aurobindo Unit III, India",TRUE,Weight Captured Separately,Freight Included in Commodity Cost,6.46
"14,200",116-ZA-T30,FPQ-13214,SCMS-215410,ASN-23875,South Africa,PMO - US,Direct Drop,DDP,Truck,11/14/2013,12-02-13,13-Jan-14,13-Jan-14,13-Jan-14,ARV,Adult,S. BUYS WHOLESALER,"Lamivudine/Zidovudine 150/300mg, tablets, 60 Tabs",Lamivudine/Zidovudine,Generic,150/300mg,Tablet - FDC,60,59,1653.14,28.02,0.47,"Cipla, Goa, India",TRUE,Weight Captured Separately,Freight Included in Commodity Cost,1.7
"8,648",133-NG-T01,Pre-PQ Process,SCMS-28870,ASN-2794,Nigeria,PMO - US,Direct Drop,EXW,Air,Pre-PQ Process,8/26/2008,15-Jan-09,20-Nov-08,20-Nov-08,HRDT,HIV test,"CHEMBIO DIAGNOSTIC SYSTEMS, INC.","HIV 1/2, Stat-Pak HIV, Kit, 20 Tests","HIV 1/2, Stat-Pak HIV, Kit",Stat-Pak,20mg+ml+/,Test kit,20,"10,594",286038.00,27,1.35,Chembio Diagnostics Sys. Inc.,TRUE,3039,"$24,025.77 ",560.63
"9,089",106-HT-T01,Pre-PQ Process,SCMS-42690,ASN-4799,Haiti,PMO - US,Direct Drop,EXW,Air,Pre-PQ Process,04-02-09,31-Aug-09,31-Aug-09,31-Aug-09,HRDT,HIV test,"Trinity Biotech, Plc","HIV 1/2, Capillus HIV Kit, 100 Tests","HIV 1/2, Capillus HIV Kit",Capillus,10mg+ml+/,Test kit,100,150,20850.00,139,1.39,"Trinity Biotech, Plc",TRUE,113,"$2,486.15 ",40.87
"8,692",131-NG-T01,Pre-PQ Process,SCMS-30500,ASN-2896,Nigeria,PMO - US,Direct Drop,CIP,Air,Pre-PQ Process,9/23/2008,10-Mar-09,24-Nov-08,24-Nov-08,ARV,Adult,MERCK SHARP & DOHME IDEA GMBH (FORMALLY MERCK SHARP & DOHME B.V.),"Efavirenz/Emtricitabine/Tenofovir Disoproxil Fumarate 600/200/300mg [Atripla], tablets, 30 Tabs",Efavirenz/Emtricitabine/Tenofovir Disoproxil Fumarate,Atripla,10mg+ml+/,Tablet - FDC,30,"2,000",100800.00,50.4,1.68,"MSD, Haarlem, NL",TRUE,169,$924.40 ,197.57
"14,364",116-ZA-T30,FPQ-13973,SCMS-238554,ASN-28627,South Africa,PMO - US,Direct Drop,DDP,Truck,4/30/2014,10-03-14,03-Oct-14,03-Oct-14,03-Oct-14,ARV,Adult,PHARMACY DIRECT,"Abacavir 300mg, tablets, 60 Tabs",Abacavir,Generic,300mg,Tablet,60,9,620.91,68.99,1.15,"Aurobindo Unit III, India",TRUE,Weight Captured Separately,Freight Included in Commodity Cost,0.64
"8,713",102-BW-T01,Pre-PQ Process,SCMS-31360,ASN-2737,Botswana,PMO - US,Direct Drop,EXW,Air,Pre-PQ Process,10-02-08,20-Nov-08,20-Nov-08,20-Nov-08,HRDT,HIV test - Ancillary,Orasure Technologies Inc.,"#109435**HIV, OraQuick Controls Kit, 3 Vials","HIV, OraQuick Controls Kit, 3 Vials",OraQuick,10mg+ml+/,Test kit - Ancillary,3,10,152.50,15.25,5.08,"Orasure Technologies, Inc USA",TRUE,7,$526.05 ,0.3
"14,412",116-ZA-T30,FPQ-13973,SCMS-238555,ASN-29255,South Africa,PMO - US,Direct Drop,DDP,Truck,4/30/2014,11-04-14,05-Nov-14,05-Nov-14,05-Nov-14,ARV,Adult,PHARMACY DIRECT,"Raltegravir 400mg [Isentress], tablets, 60 Tabs",Raltegravir,Isentress,400mg,Tablet,60,24,2031.30,84.64,1.41,"MSD, Haarlem, NL",TRUE,Weight Captured Separately,Freight Included in Commodity Cost,2.09
"8,735",111-MZ-T01,Pre-PQ Process,SCMS-31750,ASN-3507,Mozambique,PMO - US,Direct Drop,EXW,Air,Pre-PQ Process,10/14/2008,14-Apr-09,14-Apr-09,14-Apr-09,HRDT,HIV test,"Orgenics, Ltd","HIV 1/2, Determine Complete HIV Kit, 100 Tests","HIV 1/2, Determine Complete HIV Kit",Determine,10mg+ml+/,Test kit,100,"4,800",345600.00,72,0.72,Inverness Japan,TRUE,1417,"$13,093.27 ",677.38
"8,737",119-NA-T01,Pre-PQ Process,SCMS-31790,ASN-2947,Namibia,PMO - US,Direct Drop,EXW,Air,Pre-PQ Process,10/14/2008,22-Dec-08,22-Dec-08,22-Dec-08,HRDT,HIV test,"Trinity Biotech, Plc","HIV 1/2, Uni-Gold HIV Kit, 20 Tests","HIV 1/2, Uni-Gold HIV Kit",Uni-Gold,20mg+ml+/,Test kit,20,650,20800.00,32,1.6,"Trinity Biotech, Plc",TRUE,278,"$7,936.81 ",40.77
"8,738",119-NA-T01,Pre-PQ Process,SCMS-31800,ASN-3210,Namibia,PMO - US,Direct Drop,EXW,Air,Pre-PQ Process,10/14/2008,23-Jan-09,23-Jan-09,23-Jan-09,HRDT,HIV test,"Orgenics, Ltd","HIV 1/2, Clearview Complete Kit, 25 Tests","HIV 1/2, Clearview Complete Kit",Clearview,10mg+ml+/,Test kit,25,20,1500.00,75,3,Inverness USA,TRUE,9,"$1,153.43 ",2.94
"8,760",141-NA-T01,Pre-PQ Process,SCMS-32420,ASN-3079,Namibia,PMO - US,Direct Drop,EXW,Air,Pre-PQ Process,10/24/2008,14-Jan-09,14-Jan-09,14-Jan-09,HRDT,HIV test,"Trinity Biotech, Plc","HIV 1/2, Uni-Gold HIV Kit, 20 Tests","HIV 1/2, Uni-Gold HIV Kit",Uni-Gold,10mg+ml+/,Test kit,20,35,1120.00,32,1.6,"Trinity Biotech, Plc",TRUE,12,$585.12 ,2.2
"8,770",117-ET-T01,Pre-PQ Process,SCMS-32640,ASN-2936,Ethiopia,PMO - US,Direct Drop,EXW,Air,Pre-PQ Process,10/27/2008,03-Dec-08,01-Dec-08,01-Dec-08,HRDT,HIV test,"SHANGHAI KEHUA BIOENGINEERING CO.,LTD.  (KHB)","HIV 1/2, SKB Colloidal Gold, Diagnostic Kit, Antibody, 50 Tests","HIV 1/2, Colloidal Gold, Diagnostic Kit, Antibody",Colloidal Gold,10mg+ml+/,Test kit,1,"3,470",79810.00,23,23,"KHB Test Kit Facility, Shanghai China",TRUE,2509,"$22,803.80 ",156.43
"8,802",109-TZ-T01,Pre-PQ Process,SCMS-34430,ASN-3699,Tanzania,PMO - US,Direct Drop,EXW,Air,Pre-PQ Process,12-02-08,17-May-09,17-May-09,17-May-09,HRDT,HIV test,"Trinity Biotech, Plc","HIV 1/2, Uni-Gold HIV Kit, 20 Tests","HIV 1/2, Uni-Gold HIV Kit",Uni-Gold,20mg+ml+/,Test kit,20,839,26848.00,32,1.6,"Trinity Biotech, Plc",TRUE,277,"$3,146.63 ",52.62
"14,433",116-ZA-T30,FPQ-4770,SCMS-60170,ASN-5933,South Africa,PMO - US,Direct Drop,DDP,Truck,12/17/2009,12/23/2009,29-Dec-09,29-Dec-09,29-Dec-09,ARV,Adult,S. BUYS WHOLESALER,"Emtricitabine/Tenofovir Disoproxil Fumarate 200/300mg [Truvada], tablets, 30 Tabs",Emtricitabine/Tenofovir Disoproxil Fumarate,Truvada,300/200mg,Tablet - FDC,30,100,4669.76,46.7,1.56,"Aspen-OSD, Port Elizabeth, SA",TRUE,Weight Captured Separately,Freight Included in Commodity Cost,10.07
"14,437",116-ZA-T30,FPQ-14942,SCMS-259085,ASN-33333,South Africa,PMO - US,Direct Drop,DDP,Truck,09-11-14,7/14/2015,14-Jul-15,14-Jul-15,14-Jul-15,ARV,Pediatric,PHARMACY DIRECT,"Lopinavir/Ritonavir 80/20mg/ml [Kaletra], oral solution, cool, Bottle 5 x 60 ml",Lopinavir/Ritonavir,Kaletra,80/20mg/ml,Oral solution,300,3,51.42,17.14,0.06,ABBVIE (Abbott) Logis. UK,TRUE,Weight Captured Separately,Freight Included in Commodity Cost,0.05
"8,864",109-TZ-T01,Pre-PQ Process,SCMS-36490,ASN-3170,Tanzania,PMO - US,Direct Drop,FCA,Air,Pre-PQ Process,12/30/2008,23-Feb-09,23-Feb-09,23-Feb-09,ARV,Adult,ABBVIE LOGISTICS (FORMERLY ABBOTT LOGISTICS BV),"Lopinavir/Ritonavir 200/50mg [Aluvia], tablets, 120 Tabs",Lopinavir/Ritonavir,Aluvia,10mg+ml+/,Tablet,120,"12,500",513750.00,41.1,0.34,ABBVIE Ludwigshafen Germany,TRUE,3088,"$12,937.16 ","1,006.95"
"8,892",108-VN-T01,Pre-PQ Process,SCMS-37200,ASN-3630,Vietnam,PMO - US,Direct Drop,EXW,Air,Pre-PQ Process,1/16/2009,09-Apr-09,09-Apr-09,09-Apr-09,ARV,Adult,MYLAN LABORATORIES LTD (FORMERLY MATRIX LABORATORIES),"Zidovudine 300mg, tablets, 60 Tabs",Zidovudine,Generic,10mg+ml+/,Tablet,60,168,1260.00,7.5,0.12,Mylan (formerly Matrix) Nashik,TRUE,9,"$2,793.62 ",2.47
"8,893",108-VN-T01,Pre-PQ Process,SCMS-37190,ASN-3522,Vietnam,PMO - US,Direct Drop,EXW,Air,Pre-PQ Process,1/16/2009,27-Mar-09,27-Mar-09,27-Mar-09,ARV,Adult,CIPLA LIMITED,"Lamivudine/Nevirapine/Stavudine 150/200/30mg, tablets, 60 Tabs",Lamivudine/Nevirapine/Stavudine,Generic,10mg+ml+/,Tablet - FDC,60,"24,480",168912.00,6.9,0.12,"Cipla, Goa, India",TRUE,2165,"$4,443.97 ",331.07
"8,909",144-BW-T01,Pre-PQ Process,SCMS-38050,ASN-3424,Botswana,PMO - US,Direct Drop,EXW,Air,Pre-PQ Process,02-06-09,03-Mar-09,03-Mar-09,03-Mar-09,HRDT,HIV test,Orasure Technologies Inc.,"HIV 1/2, OraQuick Advance HIV Rapid Antibody Kit, 100 Tests","HIV 1/2, OraQuick Advance HIV Rapid Antibody Kit",OraQuick,10mg+ml+/,Test kit,100,5,1750.00,350,3.5,"Pacific Biotech, Thailand",TRUE,12,$810.85 ,3.43
"14,440",161-ZA-T30,FPQ-6262,SCMS-91340,ASN-9807,South Africa,PMO - US,Direct Drop,DDP,Air,8/31/2010,11/19/2010,09-Feb-11,09-Feb-11,09-Feb-11,ARV,Pediatric,ASPEN PHARMACARE,"Abacavir 20mg/ml [Ziagen], oral solution, Bottle, 240 ml",Abacavir,Ziagen,20mg/ml,Oral solution,240,"28,000",280560.00,10.02,0.04,GSK Mississauga (Canada),TRUE,Weight Captured Separately,Freight Included in Commodity Cost,604.89
"8,989",107-RW-T01,Pre-PQ Process,SCMS-30311,ASN-3852,Rwanda,PMO - US,Direct Drop,CIP,Air,Pre-PQ Process,10/21/2008,21-Apr-09,21-Apr-09,21-Apr-09,ARV,Adult,CIPLA LIMITED,"Lamivudine/Zidovudine 150/300mg, tablets, 60 Tabs",Lamivudine/Zidovudine,Generic,10mg+ml+/,Tablet - FDC,60,"22,752",207043.20,9.1,0.15,"Cipla, Goa, India",TRUE,2086,$853.87 ,405.8
"8,996",106-HT-T01,Pre-PQ Process,SCMS-39940,ASN-3753,Haiti,PMO - US,Direct Drop,FCA,Air,Pre-PQ Process,03-04-09,15-Apr-09,15-Apr-09,15-Apr-09,ARV,Pediatric,ABBVIE LOGISTICS (FORMERLY ABBOTT LOGISTICS BV),"Lopinavir/Ritonavir 100/25mg [Aluvia], tablets, 60 Tabs",Lopinavir/Ritonavir,Generic,10mg+ml+/,Tablet,60,14,143.92,10.28,0.17,ABBVIE Ludwigshafen Germany,TRUE,7,$810.36 ,0.28
"9,000",106-HT-T01,Pre-PQ Process,SCMS-40050,ASN-3743,Haiti,PMO - US,Direct Drop,EXW,Air,Pre-PQ Process,03-06-09,21-Apr-09,21-Apr-09,21-Apr-09,ARV,Adult,MYLAN LABORATORIES LTD (FORMERLY MATRIX LABORATORIES),"Tenofovir Disoproxil Fumarate 300mg, tablets, 30 Tabs",Tenofovir Disoproxil Fumarate,Generic,20mg+ml+/,Tablet,30,560,5040.00,9,0.3,Mylan (formerly Matrix) Nashik,TRUE,32050,$806.55 ,9.88
"9,002",106-HT-T01,Pre-PQ Process,SCMS-40060,ASN-3712,Haiti,PMO - US,Direct Drop,FCA,Air,Pre-PQ Process,03-06-09,20-Apr-09,20-Apr-09,20-Apr-09,ARV,Pediatric,ABBVIE LOGISTICS (FORMERLY ABBOTT LOGISTICS BV),"Lopinavir/Ritonavir 80/20mg/ml [Kaletra], oral solution, cool, Bottle 5 x 60 ml",Lopinavir/Ritonavir,Kaletra,10mg+ml+/,Oral solution,300,50,2055.00,41.1,0.14,ABBVIE (Abbott) Logis. UK,TRUE,99,"$2,704.58 ",4.03
"14,542",161-ZA-T30,FPQ-5303,SCMS-68980,ASN-9647,South Africa,PMO - US,Direct Drop,DDP,Air,3/18/2010,3/19/2010,24-Aug-10,04-Mar-11,04-Mar-11,ARV,Pediatric,Aurobindo Pharma Limited,"Lamivudine 10mg/ml, oral solution w/syringe, Bottle, 240 ml",Lamivudine,Generic,10mg/ml,Oral solution,240,"6,395",19185.00,3,0.01,"Aurobindo Unit III, India",TRUE,Weight Captured Separately,Freight Included in Commodity Cost,41.36
"14,564",116-ZA-T30,FPQ-14942,SCMS-259074,ASN-31070,South Africa,PMO - US,Direct Drop,DDP,Truck,09-11-14,03-09-15,09-Mar-15,09-Mar-15,09-Mar-15,ARV,Adult,PHARMACY DIRECT,"Zidovudine 300mg, tablets, 60 Tabs",Zidovudine,Generic,300mg,Tablet,60,7,126.22,18.03,0.3,"Aurobindo Unit III, India",FALSE,Weight Captured Separately,Freight Included in Commodity Cost,0.13
"14,628",116-ZA-T30,FPQ-12522,SCMS-199283,ASN-27978,South Africa,PMO - US,Direct Drop,DDP,Truck,07-11-13,8/27/2014,27-Aug-14,27-Aug-14,27-Aug-14,ARV,Adult,S. BUYS WHOLESALER,"Lopinavir/Ritonavir 200/50mg [Aluvia], tablets, 120 Tabs",Lopinavir/Ritonavir,Aluvia,200/50mg,Tablet,120,48,1236.47,25.76,0.21,ABBVIE Ludwigshafen Germany,FALSE,Weight Captured Separately,Freight Included in Commodity Cost,1.53
"14,803",107-RW-T30,FPQ-13651,SCMS-227720,ASN-25269,Rwanda,PMO - US,Direct Drop,EXW,Air,02-05-14,2/28/2014,06-May-14,06-May-14,15-May-14,ARV,Pediatric,Aurobindo Pharma Limited,"Nevirapine 10mg/ml, oral suspension w/syringe, Bottle, 240 ml",Nevirapine,Generic,10mg/ml,Oral suspension,240,"9,720",14677.20,1.51,0.01,"Aurobindo Unit III, India",TRUE,4365,Freight Included in Commodity Cost,15.09
"14,929",116-ZA-T30,FPQ-15869,SCMS-278621,ASN-33339,South Africa,PMO - US,Direct Drop,DDP,Truck,2/23/2015,05-07-15,15-Jul-15,15-Jul-15,15-Jul-15,ARV,Adult,PHARMACY DIRECT,"Efavirenz/Emtricitabine/Tenofovir Disoproxil Fumarate 600/200/300mg, tablets, 30 Tabs",Efavirenz/Emtricitabine/Tenofovir Disoproxil Fumarate,Generic,600/200/300mg,Tablet - FDC,30,9,342.83,38.09,1.27,Mylan (formerly Matrix) Nashik,TRUE,Weight Captured Separately,Freight Included in Commodity Cost,0.4
"14,970",106-HT-T30,FPQ-5526,SCMS-74010,ASN-7683,Haiti,PMO - US,Direct Drop,CIP,Air,05-04-10,5/25/2010,05-Aug-10,05-Aug-10,05-Aug-10,ARV,Pediatric,BRISTOL-MYERS SQUIBB,"Didanosine 2g [Videx], powder for oral solution 10mg/ml, reconstitute to 200 ml",Didanosine,Videx,2g,Powder for oral solution,200,192,2417.28,12.59,0.06,"BMS Meymac, France",TRUE,Weight Captured Separately,Freight Included in Commodity Cost,5.21
"15,004",116-ZA-T30,FPQ-3560,SCMS-49641,ASN-5136,South Africa,PMO - US,Direct Drop,DDP,Truck,05-07-09,7/21/2009,05-Aug-09,05-Aug-09,05-Aug-09,ARV,Pediatric,S. BUYS WHOLESALER,"Abacavir 20mg/ml [Ziagen], oral solution, Bottle, 240 ml",Abacavir,Ziagen,20mg/ml,Oral solution,240,599,11964.63,19.97,0.08,GSK Mississauga (Canada),TRUE,Weight Captured Separately,Freight Included in Commodity Cost,23.45
"9,086",110-ZM-T01,Pre-PQ Process,SCMS-42640,ASN-4439,Zambia,PMO - US,Direct Drop,EXW,Air,Pre-PQ Process,04-02-09,23-Jul-09,23-Jul-09,23-Jul-09,HRDT,HIV test,"Orgenics, Ltd","HIV 1/2, Determine Complete HIV Kit, 100 Tests","HIV 1/2, Determine Complete HIV Kit",Determine,10mg+ml+/,Test kit,100,"4,500",324000.00,72,0.72,Inverness Japan,TRUE,1330,"$11,559.65 ",635.04
"15,011",107-RW-T30,FPQ-6186,SCMS-83350,ASN-9219,Rwanda,PMO - US,Direct Drop,CIP,Air,8/13/2010,9/28/2010,12-Dec-10,12-Dec-10,12-Dec-10,ARV,Adult,MYLAN LABORATORIES LTD (FORMERLY MATRIX LABORATORIES),"Efavirenz/Lamivudine/Tenofovir Disoproxil Fumarate 600/300/300mg, tablets, 30 Tabs",Efavirenz/Lamivudine/Tenofovir Disoproxil Fumarate,Generic,600/300/300mg,Tablet - FDC,30,"9,653",168734.44,17.48,0.58,Mylan (formerly Matrix) Nashik,TRUE,Weight Captured Separately,Freight Included in Commodity Cost,363.79
"15,046",116-ZA-T30,FPQ-14942,SCMS-259079,ASN-33852,South Africa,PMO - US,Direct Drop,DDP,Truck,09-11-14,10-09-14,24-Aug-15,24-Aug-15,24-Aug-15,ARV,Adult,PHARMACY DIRECT,"Didanosine 250mg, delayed-release capsules, 30 Caps",Didanosine,Generic,250mg,Delayed-release capsules,30,6,71.03,11.84,0.39,"Aurobindo Unit III, India",TRUE,Weight Captured Separately,Freight Included in Commodity Cost,0.07
"15,176",161-ZA-T30,FPQ-5648,SCMS-75660,ASN-8695,South Africa,PMO - US,Direct Drop,DDP,Ocean,06-02-10,6/17/2010,12-Oct-10,15-Dec-10,15-Dec-10,ARV,Adult,Aurobindo Pharma Limited,"Efavirenz 600mg, tablets, 30 Tabs",Efavirenz,Generic,600mg,Tablet,30,"12,000",54120.00,4.51,0.15,"Aurobindo Unit III, India",TRUE,Weight Captured Separately,Freight Included in Commodity Cost,116.68
"9,090",106-HT-T01,Pre-PQ Process,SCMS-42700,ASN-4005,Haiti,PMO - US,Direct Drop,EXW,Air,Pre-PQ Process,04-02-09,03-Jun-09,03-Jun-09,03-Jun-09,HRDT,HIV test,Orasure Technologies Inc.,"HIV 1/2, OraQuick Advance HIV Rapid Antibody Kit, 100 Tests","HIV 1/2, OraQuick Advance HIV Rapid Antibody Kit",OraQuick,10mg+ml+/,Test kit,100,55,19250.00,350,3.5,"Pacific Biotech, Thailand",TRUE,132,"$3,013.19 ",37.73
"15,241",116-ZA-T30,FPQ-11828,SCMS-183950,ASN-19166,South Africa,South Africa Field Office,Direct Drop,DDP,Truck,3/18/2013,Date Not Captured,16-Apr-13,16-Apr-13,16-Apr-13,ARV,Adult,S. BUYS WHOLESALER,"Efavirenz 600mg, tablets, 30 Tabs",Efavirenz,Generic,600mg,Tablet,30,"1,368",21995.87,16.08,0.54,"Cipla, Goa, India",TRUE,Weight Captured Separately,Freight Included in Commodity Cost,27.21
"15,298",116-ZA-T30,FPQ-14942,SCMS-259075,ASN-32122,South Africa,PMO - US,Direct Drop,DDP,Truck,09-11-14,05-11-15,12-May-15,12-May-15,12-May-15,ARV,Adult,PHARMACY DIRECT,"Didanosine 400mg, delayed-release capsules, 30 Caps",Didanosine,Generic,400mg,Delayed-release capsules,30,7,99.53,14.22,0.47,"Aurobindo Unit III, India",FALSE,Weight Captured Separately,Freight Included in Commodity Cost,0.1
"15,405",107-RW-T30,FPQ-6186,SCMS-83330,ASN-9332,Rwanda,PMO - US,Direct Drop,CIP,Air,8/13/2010,9/27/2010,07-Jan-11,07-Jan-11,07-Jan-11,ARV,Adult,CIPLA LIMITED,"Lopinavir/Ritonavir 200/50mg, tablets, 120 Tabs",Lopinavir/Ritonavir,Generic,200/50mg,Tablet,120,"1,202",41228.60,34.3,0.29,Cipla Ltd A-42 MIDC Mahar. IN,TRUE,Weight Captured Separately,Freight Included in Commodity Cost,88.89
"15,619",116-ZA-T30,FPQ-12522,SCMS-199283,ASN-27980,South Africa,PMO - US,Direct Drop,DDP,Truck,07-11-13,8/27/2014,27-Aug-14,27-Aug-14,27-Aug-14,ARV,Adult,S. BUYS WHOLESALER,"Efavirenz 600mg, tablets, 30 Tabs",Efavirenz,Generic,600mg,Tablet,30,115,1923.50,16.73,0.56,Hetero Unit III Hyderabad IN,TRUE,Weight Captured Separately,Freight Included in Commodity Cost,2.38
"15,642",107-RW-T30,FPQ-6185,SCMS-84411,ASN-9660,Rwanda,PMO - US,Direct Drop,CIP,Air,09-03-10,9/27/2010,09-Feb-11,09-Feb-11,09-Feb-11,ARV,Adult,CIPLA LIMITED,"Lopinavir/Ritonavir 200/50mg, tablets, 120 Tabs",Lopinavir/Ritonavir,Generic,200/50mg,Tablet,120,"2,486",85269.80,34.3,0.29,Cipla Ltd A-42 MIDC Mahar. IN,TRUE,4354,Freight Included in Commodity Cost,183.84
"15,656",A01-CM-T50,FPQ-15905,SCMS-285060,ASN-33424,Cameroon,PMO - US,Direct Drop,CIP,Air,2/19/2015,05-01-15,26-Aug-15,26-Aug-15,26-Aug-15,ARV,Adult,MERCK SHARP & DOHME IDEA GMBH (FORMALLY MERCK SHARP & DOHME B.V.),"Raltegravir 400mg [Isentress], tablets, 60 Tabs",Raltegravir,Isentress,400mg,Tablet,60,120,6660.00,55.5,0.92,"MSD, Haarlem, NL",TRUE,Weight Captured Separately,Freight Included in Commodity Cost,7.84
"15,795",116-ZA-T30,FPQ-14942,SCMS-259071,ASN-29597,South Africa,PMO - US,Direct Drop,DDP,Truck,09-11-14,11/28/2014,28-Nov-14,28-Nov-14,28-Nov-14,ARV,Adult,PHARMACY DIRECT,"Zidovudine 300mg, tablets, 60 Tabs",Zidovudine,Generic,300mg,Tablet,60,12,216.37,18.03,0.3,"Aurobindo Unit III, India",FALSE,Weight Captured Separately,Freight Included in Commodity Cost,0.22
"15,815",116-ZA-T30,FPQ-4359,SCMS-54980,ASN-5373,South Africa,PMO - US,Direct Drop,DDP,Truck,10-08-09,10/15/2009,19-Oct-09,19-Oct-09,19-Oct-09,ARV,Pediatric,S. BUYS WHOLESALER,"Stavudine 1mg/ml [Zerit], powder for oral solution, Bottle, 200 ml",Stavudine,Zerit,1mg/ml,Powder for oral solution,200,"2,200",3914.05,1.78,0.01,"BMS Meymac, France",FALSE,Weight Captured Separately,Freight Included in Commodity Cost,7.67
"15,909",116-ZA-T30,FPQ-3560,SCMS-49631,ASN-5444,South Africa,PMO - US,Direct Drop,DDP,Truck,05-07-09,7/21/2009,14-Sep-09,09-Oct-09,09-Oct-09,ARV,Adult,S. BUYS WHOLESALER,"Efavirenz 600mg, tablets, 30 Tabs",Efavirenz,Generic,600mg,Tablet,30,"9,612",183096.09,19.05,0.64,"Cipla, Goa, India",TRUE,Weight Captured Separately,Freight Included in Commodity Cost,358.87
"16,071",133-NG-T30,FPQ-10765,SCMS-162440,ASN-18175,Nigeria,PMO - US,Direct Drop,EXW,Air,10-05-12,10/16/2012,09-Jan-13,26-Feb-13,26-Feb-13,HRDT,HIV test,"Orgenics, Ltd","HIV 1/2, Determine Complete HIV Kit, 100 Tests","HIV 1/2, Determine Complete HIV Kit",Determine,,Test kit,100,"1,859",165451.00,89,0.89,"Alere Medical Co., Ltd.",TRUE,840,Freight Included in Commodity Cost,231.96
"16,084",116-ZA-T30,FPQ-14942,SCMS-259074,ASN-31070,South Africa,PMO - US,Direct Drop,DDP,Truck,09-11-14,03-09-15,09-Mar-15,09-Mar-15,09-Mar-15,ARV,Adult,PHARMACY DIRECT,"Didanosine 250mg, delayed-release capsules, 30 Caps",Didanosine,Generic,250mg,Delayed-release capsules,30,1,11.02,11.02,0.37,"Aurobindo Unit III, India",FALSE,Weight Captured Separately,Freight Included in Commodity Cost,0.01
"16,379",116-ZA-T30,FPQ-14942,SCMS-259077,ASN-33478,South Africa,PMO - US,Direct Drop,DDP,Truck,09-11-14,10-09-14,24-Jul-15,24-Jul-15,24-Jul-15,ARV,Adult,PHARMACY DIRECT,"Etravirine 100mg [Intelence], tablets, 120 Tabs",Etravirine,Intelence,100mg,Tablet,120,27,742.84,27.51,0.23,"Janssen-Cilag, Latina, IT",TRUE,Weight Captured Separately,Freight Included in Commodity Cost,0.76
"9,085",104-CI-T01,Pre-PQ Process,SCMS-42600,ASN-4242,Côte d'Ivoire,PMO - US,Direct Drop,EXW,Air,Pre-PQ Process,04-02-09,01-Jul-09,01-Jul-09,01-Jul-09,HRDT,HIV test,"Standard Diagnostics, Inc.","HIV 1/2, Bioline 3.0 Kit, Lancets, Capillary pipets, Alcohol swabs included, 25 Tests","HIV 1/2, Bioline 3.0 Kit, Lancets, Capillary pipets, Alcohol swabs included",Bioline,10mg+ml+/,Test kit,25,500,10000.00,20,0.8,"Standard Diagnostics, Korea",TRUE,136,"$2,094.08 ",19.6
"9,088",106-HT-T01,Pre-PQ Process,SCMS-42680,ASN-3808,Haiti,PMO - US,Direct Drop,EXW,Air,Pre-PQ Process,04-02-09,24-Apr-09,24-Apr-09,24-Apr-09,HRDT,HIV test,"Trinity Biotech, Plc","HIV 1/2, Capillus HIV Kit, 100 Tests","HIV 1/2, Capillus HIV Kit",Capillus,20mg+ml+/,Test kit,100,150,20850.00,139,1.39,"Trinity Biotech, Plc",TRUE,105,"$1,894.41 ",40.87
"16,462",116-ZA-T30,FPQ-13973,SCMS-238552,ASN-27609,South Africa,PMO - US,Direct Drop,DDP,Truck,4/30/2014,08-05-14,05-Aug-14,05-Aug-14,05-Aug-14,ARV,Adult,PHARMACY DIRECT,"Darunavir 300mg [Prezista], tablets, 120 Tabs",Darunavir,Prezista,300mg,Tablet,120,36,2509.54,69.71,0.58,"Janssen-Cilag, Latina, IT",TRUE,Weight Captured Separately,Freight Included in Commodity Cost,2.58
"9,095",102-KE-T01,Pre-PQ Process,SCMS-42981,ASN-4647,Kenya,PMO - US,Direct Drop,EXW,Air,Pre-PQ Process,5/14/2009,10-Jul-09,28-Aug-09,28-Aug-09,HRDT,HIV test,"Orgenics, Ltd","HIV 1/2, Determine Complete HIV Kit, 100 Tests","HIV 1/2, Determine Complete HIV Kit",Determine,10mg+ml+/,Test kit,100,"7,500",600000.00,80,0.8,Inverness Japan,TRUE,2215,"$17,974.69 ","1,176"
"9,096",102-KE-T01,Pre-PQ Process,SCMS-42990,ASN-3894,Kenya,PMO - US,Direct Drop,EXW,Air,Pre-PQ Process,04-04-09,20-May-09,20-May-09,20-May-09,HRDT,HIV test,"Standard Diagnostics, Inc.","HIV 1/2, Bioline 3.0 Kit, (no accessories), 30 Tests","HIV 1/2, Bioline 3.0 Kit (no accessories)",Bioline,20mg+ml+/,Test kit,30,"5,000",120000.00,24,0.8,"Standard Diagnostics, Korea",TRUE,1558,"$11,653.64 ",235.2
"9,100",133-NG-T01,Pre-PQ Process,SCMS-43320,ASN-4100,Nigeria,PMO - US,Direct Drop,EXW,Air,Pre-PQ Process,04-09-09,24-Jun-09,08-Jun-09,08-Jun-09,HRDT,HIV test,"Orgenics, Ltd","HIV 1/2, Determine Complete HIV Kit, 100 Tests","HIV 1/2, Determine Complete HIV Kit",Determine,20mg+ml+/,Test kit,100,"1,500",120000.00,80,0.8,Inverness Japan,TRUE,445,"$7,120 ",235.2
"9,145",139-NA-T01,Pre-PQ Process,SCMS-44710,ASN-3897,Namibia,PMO - US,Direct Drop,EXW,Air,Pre-PQ Process,4/20/2009,05-Jun-09,05-Jun-09,05-Jun-09,HRDT,HIV test,"Trinity Biotech, Plc","HIV 1/2, Uni-Gold HIV Kit, 20 Tests","HIV 1/2, Uni-Gold HIV Kit",Uni-Gold,10mg+ml+/,Test kit,20,600,19200.00,32,1.6,"Trinity Biotech, Plc",TRUE,205,"$6,148.29 ",37.63
"9,151",108-VN-T01,Pre-PQ Process,SCMS-45010,ASN-4303,Vietnam,PMO - US,Direct Drop,EXW,Air,Pre-PQ Process,4/29/2009,11-Jul-09,11-Jul-09,11-Jul-09,ARV,Adult,CIPLA LIMITED,"Lamivudine/Nevirapine/Stavudine 150/200/30mg, tablets, 60 Tabs",Lamivudine/Nevirapine/Stavudine,Generic,10mg+ml+/,Tablet - FDC,60,"19,392",130896.00,6.75,0.11,"Cipla, Goa, India",TRUE,1899,"$5,209.46 ",256.56
"16,553",116-ZA-T30,FPQ-4359,SCMS-54980,ASN-5373,South Africa,PMO - US,Direct Drop,DDP,Truck,10-08-09,10/15/2009,19-Oct-09,19-Oct-09,19-Oct-09,ARV,Pediatric,S. BUYS WHOLESALER,"Nevirapine 10mg/ml [Viramune], oral suspension, Bottle, 240 ml",Nevirapine,Viramune,10mg/ml,Oral suspension,240,220,3442.16,15.65,0.07,Boehringer Ingelheim Roxane US,FALSE,Weight Captured Separately,Freight Included in Commodity Cost,6.75
"9,173",119-NA-T01,Pre-PQ Process,SCMS-45630,ASN-4079,Namibia,PMO - US,Direct Drop,EXW,Air,Pre-PQ Process,05-08-09,08-Jun-09,08-Jun-09,08-Jun-09,ARV,Pediatric,Aurobindo Pharma Limited,"Stavudine 1mg/ml, powder for oral solution, 200 ml",Stavudine,Generic,10mg+ml+/,Oral solution,200,800,1072.00,1.34,0.01,"Aurobindo Unit III, India",TRUE,98,"$1,770.43 ",2.1
"9,179",102-BW-T01,Pre-PQ Process,SCMS-46110,ASN-4184,Botswana,PMO - US,Direct Drop,EXW,Air,Pre-PQ Process,5/18/2009,19-Jun-09,19-Jun-09,19-Jun-09,HRDT,HIV test,"Trinity Biotech, Plc","HIV 1/2, Uni-Gold HIV Kit, 20 Tests","HIV 1/2, Uni-Gold HIV Kit",Uni-Gold,10mg+ml+/,Test kit,20,75,2400.00,32,1.6,"Trinity Biotech, Plc",TRUE,25,$808 ,4.7
"16,926",116-ZA-T30,FPQ-15269,SCMS-267020,ASN-29764,South Africa,PMO - US,Direct Drop,DDP,Truck,10/29/2014,12-10-14,10-Dec-14,10-Dec-14,10-Dec-14,ARV,Adult,S. BUYS WHOLESALER,"Nevirapine 200mg, tablets, 60 Tabs",Nevirapine,Generic,200mg,Tablet,60,143,2313.12,16.18,0.27,"Cipla, Goa, India",TRUE,Weight Captured Separately,Freight Included in Commodity Cost,2.72
"17,219",152-HT-T30,FPQ-7458,SCMS-106770,ASN-11664,Haiti,PMO - US,Direct Drop,DDU,Air,3/29/2011,4/28/2011,25-Jul-11,25-Jul-11,25-Jul-11,HRDT,HIV test,REINBOLD EXPORT IMPORT,"HIV 1/2, Determine Complete HIV Kit, 100 Tests","HIV 1/2, Determine Complete HIV Kit",Determine,,Test kit,100,27,3375.00,125,1.25,Inverness Japan,TRUE,Weight Captured Separately,Freight Included in Commodity Cost,5.57
"17,348",116-ZA-T30,FPQ-5535,SCMS-71370,ASN-7373,South Africa,PMO - US,Direct Drop,DDP,Truck,4/19/2010,4/21/2010,31-May-10,31-May-10,31-May-10,ARV,Pediatric,S. BUYS WHOLESALER,"Efavirenz 50mg, capsule, 30 Caps",Efavirenz,Generic,50mg,Capsule,30,300,1046.28,3.49,0.12,"Aurobindo Unit III, India",TRUE,Weight Captured Separately,Freight Included in Commodity Cost,2.26
"17,359",116-ZA-T30,FPQ-14942,SCMS-259075,ASN-32138,South Africa,PMO - US,Direct Drop,DDP,Truck,09-11-14,05-11-15,12-May-15,12-May-15,12-May-15,ARV,Adult,PHARMACY DIRECT,"Saquinavir 200mg [Invirase], capsules, 270 Caps",Saquinavir,Invirase,200mg,Capsule,270,3,166.54,55.51,0.21,Roche Madrid,TRUE,Weight Captured Separately,Freight Included in Commodity Cost,0.17
"9,225",123-NG-T01,Pre-PQ Process,SCMS-48440,ASN-4596,Nigeria,PMO - US,Direct Drop,FCA,Air,Pre-PQ Process,7/13/2009,03-Sep-09,03-Sep-09,03-Sep-09,ARV,Adult,ABBVIE LOGISTICS (FORMERLY ABBOTT LOGISTICS BV),"Lopinavir/Ritonavir 200/50mg [Aluvia], tablets, 120 Tabs",Lopinavir/Ritonavir,Aluvia,10mg+ml+/,Tablet,120,"5,000",205500.00,41.1,0.34,ABBVIE Ludwigshafen Germany,TRUE,1246,"$10,490.77 ",402.78
"9,243",104-CI-T01,Pre-PQ Process,SCMS-29,ASN-114,Côte d'Ivoire,PMO - US,Direct Drop,EXW,Air,Pre-PQ Process,Date Not Captured,10-Oct-06,10-Oct-06,10-Oct-06,HRDT,HIV test,BIO-RAD LABORATORIES (FRANCE),"#108853** HIV, Genie II HIV-1/HIV-2 Kit, 40 Tests","HIV, Genie II HIV-1/HIV-2 Kit",Genie,10mg+ml+/,Test kit,40,733,55231.55,75.35,1.88,Bio-Rad Laboratories,TRUE,783,"$7,079.25 ",
"9,252",110-ZM-T01,Pre-PQ Process,SCMS-61,ASN-43,Zambia,PMO - US,Direct Drop,EXW,Air,Pre-PQ Process,Date Not Captured,30-Sep-06,30-Sep-06,30-Sep-06,HRDT,HIV test,Abbott GmbH & Co. KG,"HIV 1/2, Determine Complete HIV Kit, 100 Tests","HIV 1/2, Determine Complete HIV Kit",Determine,20mg+ml+/,Test kit,100,"1,250",100000.00,80,0.8,ABBVIE GmbH & Co.KG Wiesbaden,TRUE,428,"$2,829.61 ",
"9,253",106-HT-T01,Pre-PQ Process,SCMS-63,ASN-83,Haiti,PMO - US,Direct Drop,EXW,Air,Pre-PQ Process,Date Not Captured,18-Oct-06,18-Oct-06,18-Oct-06,HRDT,HIV test,Abbott GmbH & Co. KG,"HIV 1/2, Determine Complete HIV Kit, 100 Tests","HIV 1/2, Determine Complete HIV Kit",Determine,10mg+ml+/,Test kit,100,500,40000.00,80,0.8,ABBVIE GmbH & Co.KG Wiesbaden,TRUE,169,"$1,215.84 ",
"9,255",108-VN-T01,Pre-PQ Process,SCMS-77,ASN-56,Vietnam,PMO - US,Direct Drop,EXW,Air,Pre-PQ Process,Date Not Captured,03-Oct-06,03-Oct-06,03-Oct-06,ARV,Adult,Aurobindo Pharma Limited,"Abacavir 300mg, tablets, 60 Tabs",Abacavir,Generic,10mg+ml+/,Tablet,60,"1,000",44500.00,44.5,0.74,"Aurobindo Unit III, India",TRUE,91,"$7,878.06 ",
"17,373",111-MZ-T30,FPQ-4740,SCMS-62340,ASN-7341,Mozambique,PMO - US,Direct Drop,CIP,Air,12/23/2009,1/29/2010,23-Jun-10,23-Jun-10,23-Jun-10,ARV,Adult,INTERNATIONAL HEALTHCARE DISTRIBUTORS,"Ritonavir 100mg [Norvir], capsules, cool, 84 Caps",Ritonavir,Norvir,100mg,Capsule,84,320,3312.00,10.35,0.12,ABBVIE (Abbott) Logis. UK,TRUE,Weight Captured Separately,Freight Included in Commodity Cost,7.14
"17,660",116-ZA-T30,FPQ-14942,SCMS-259078,ASN-33470,South Africa,PMO - US,Direct Drop,DDP,Truck,09-11-14,10-09-14,24-Jul-15,24-Jul-15,24-Jul-15,ARV,Adult,PHARMACY DIRECT,"Emtricitabine/Tenofovir Disoproxil Fumarate 200/300mg, tablets, 30 Tabs",Emtricitabine/Tenofovir Disoproxil Fumarate,Generic,200/300mg,Tablet - FDC,30,12,281.25,23.44,0.78,"Aurobindo Unit III, India",TRUE,Weight Captured Separately,Freight Included in Commodity Cost,0.29
"9,316",102-NG-T01,Pre-PQ Process,SCMS-694,ASN-582,Nigeria,PMO - US,Direct Drop,EXW,Air,Pre-PQ Process,06-06-07,06-Aug-07,06-Aug-07,06-Aug-07,HRDT,HIV test,Abbott GmbH & Co. KG,"HIV 1/2, Determine Complete HIV Kit, 100 Tests","HIV 1/2, Determine Complete HIV Kit",Determine,10mg+ml+/,Test kit,100,"3,500",280000.00,80,0.8,ABBVIE GmbH & Co.KG Wiesbaden,TRUE,1192,"$10,879.22 ",448
"17,764",116-ZA-T30,FPQ-12522,SCMS-199283,ASN-27978,South Africa,PMO - US,Direct Drop,DDP,Truck,07-11-13,8/27/2014,27-Aug-14,27-Aug-14,27-Aug-14,ARV,Adult,S. BUYS WHOLESALER,"Lamivudine/Zidovudine 150/300mg, tablets, 60 Tabs",Lamivudine/Zidovudine,Generic,150/300mg,Tablet - FDC,60,46,1517.44,32.99,0.55,Hetero Unit III Hyderabad IN,FALSE,Weight Captured Separately,Freight Included in Commodity Cost,1.88
"17,844",116-ZA-T30,FPQ-14942,SCMS-259075,ASN-32138,South Africa,PMO - US,Direct Drop,DDP,Truck,09-11-14,05-11-15,12-May-15,12-May-15,12-May-15,ARV,Adult,PHARMACY DIRECT,"Didanosine 400mg, delayed-release capsules, 30 Caps",Didanosine,Generic,400mg,Delayed-release capsules,30,3,42.65,14.22,0.47,"Aurobindo Unit III, India",FALSE,Weight Captured Separately,Freight Included in Commodity Cost,0.04
"9,351",109-TZ-T01,Pre-PQ Process,SCMS-10280,ASN-787,Tanzania,PMO - US,Direct Drop,EXW,Air,Pre-PQ Process,Date Not Captured,22-Nov-07,22-Nov-07,22-Nov-07,HRDT,HIV test,"Standard Diagnostics, Inc.","HIV 1/2, Bioline 3.0 Kit, Lancets, Capillary pipets, Alcohol swabs included, 25 Tests","HIV 1/2, Bioline 3.0 Kit, Lancets, Capillary pipets, Alcohol swabs included",Bioline,20mg+ml+/,Test kit,25,"10,000",200000.00,20,0.8,"Standard Diagnostics, Korea",TRUE,3345,"$29,470 ",320
"9,352",109-TZ-T01,Pre-PQ Process,SCMS-10350,ASN-1933,Tanzania,PMO - US,Direct Drop,EXW,Air,Pre-PQ Process,10/23/2007,22-Jul-08,22-Jul-08,22-Jul-08,HRDT,HIV test,"Standard Diagnostics, Inc.","HIV 1/2, Bioline 3.0 Kit, Lancets, Capillary pipets, Alcohol swabs included, 25 Tests","HIV 1/2, Bioline 3.0 Kit, Lancets, Capillary pipets, Alcohol swabs included",Bioline,10mg+ml+/,Test kit,25,"10,000",200000.00,20,0.8,"Standard Diagnostics, Korea",TRUE,3110,"$22,663.18 ",320
"9,353",102-BW-T01,Pre-PQ Process,SCMS-10390,ASN-644,Botswana,PMO - US,Direct Drop,EXW,Air,Pre-PQ Process,7/31/2007,31-Aug-07,31-Aug-07,31-Aug-07,HRDT,HIV test,Orasure Technologies Inc.,"HIV 1/2, OraQuick Advance HIV Rapid Antibody Kit, 100 Tests","HIV 1/2, OraQuick Advance HIV Rapid Antibody Kit",OraQuick,10mg+ml+/,Test kit,100,10,3500.00,350,3.5,"Pacific Biotech, Thailand",TRUE,24,"$1,091.64 ",5.6
"9,366",108-VN-T01,Pre-PQ Process,SCMS-10980,ASN-1016,Vietnam,PMO - US,Direct Drop,EXW,Air,Pre-PQ Process,07-04-07,06-Dec-07,06-Dec-07,06-Dec-07,ARV,Pediatric,Aurobindo Pharma Limited,"Didanosine 100mg, chewable/dispersible tablets, 60 Tabs",Didanosine,Generic,10mg+ml+/,Chewable/dispersible tablet,60,"1,300",10075.00,7.75,0.13,"Aurobindo Unit III, India",TRUE,270,"$3,850.43 ",16.12
"9,389",102-GY-T01,Pre-PQ Process,SCMS-11660,ASN-766,Guyana,PMO - US,Direct Drop,EXW,Air,Pre-PQ Process,8/28/2007,05-Oct-07,05-Oct-07,05-Oct-07,HRDT,HIV test,"CHEMBIO DIAGNOSTIC SYSTEMS, INC.","HIV 1/2, Stat-Pak HIV, Kit, 20 Tests","HIV 1/2, Stat-Pak HIV, Kit",Stat-Pak,10mg+ml+/,Test kit,20,120,3240.00,27,1.35,Chembio Diagnostics Sys. Inc.,TRUE,35,$379.62 ,5.18
"9,390",113-ZW-T01,Pre-PQ Process,SCMS-11680,ASN-746,Zimbabwe,PMO - US,Direct Drop,EXW,Air,Pre-PQ Process,8/28/2007,09-Oct-07,09-Oct-07,09-Oct-07,HRDT,HIV test,Orasure Technologies Inc.,"HIV 1/2, OraQuick Advance HIV Rapid Antibody Kit, 100 Tests","HIV 1/2, OraQuick Advance HIV Rapid Antibody Kit",OraQuick,10mg+ml+/,Test kit,100,10,3500.00,350,3.5,"Pacific Biotech, Thailand",TRUE,24,$536.08 ,5.6
"9,422",107-RW-T01,Pre-PQ Process,SCMS-13010,ASN-904,Rwanda,PMO - US,Direct Drop,EXW,Air,Pre-PQ Process,10/18/2007,16-Nov-07,16-Nov-07,16-Nov-07,HRDT,HIV test,Premier Medical Corporation Ltd.,"HIV 1/2/O, First Response HIV 1-2.0, v.3.0 Cards Kit, 30 Tests","HIV 1/2/O, First Response HIV 1-2.0, v.3.0 Cards Kit",First Response,10mg+ml+/,Test kit,30,"3,991",65851.50,16.5,0.55,Premier Med. Corp Ltd. India,TRUE,1150,"$9,898.80 ",105.36
"9,487",107-RW-T01,Pre-PQ Process,SCMS-14150,ASN-1085,Rwanda,PMO - US,Direct Drop,EXW,Air,Pre-PQ Process,11/19/2007,18-Jan-08,18-Jan-08,18-Jan-08,HRDT,HIV test,"Trinity Biotech, Plc","HIV 1/2, Capillus HIV Kit, 100 Tests","HIV 1/2, Capillus HIV Kit",Capillus,10mg+ml+/,Test kit,100,463,64357.00,139,1.39,"Trinity Biotech, Plc",TRUE,450,"$4,360.83 ",102.97
"17,865",116-ZA-T30,FPQ-12522,SCMS-199287,ASN-27750,South Africa,PMO - US,Direct Drop,DDP,Truck,07-11-13,8/13/2014,13-Aug-14,13-Aug-14,13-Aug-14,ARV,Pediatric,S. BUYS WHOLESALER,"Lopinavir/Ritonavir 80/20mg/ml [Kaletra], oral solution, cool, Bottle 5 x 60 ml",Lopinavir/Ritonavir,Kaletra,80/20mg/ml,Oral solution,300,2,46.90,23.45,0.08,ABBVIE (Abbott) Logis. UK,TRUE,Weight Captured Separately,Freight Included in Commodity Cost,0.06
"9,489",108-VN-T01,Pre-PQ Process,SCMS-14201,ASN-1172,Vietnam,PMO - US,Direct Drop,EXW,Air,Pre-PQ Process,11/21/2007,22-Jan-08,25-Jan-08,25-Jan-08,ARV,Adult,SUN PHARMACEUTICAL INDUSTRIES LTD (RANBAXY LABORATORIES LIMITED),"Zidovudine 300mg, tablets, 60 Tabs",Zidovudine,Generic,20mg+ml+/,Tablet,60,600,5028.00,8.38,0.14,"Ranbaxy, Paonta Shahib, India",TRUE,34,"$2,127.22 ",8.04
"9,499",107-RW-T01,Pre-PQ Process,SCMS-14730,ASN-1067,Rwanda,PMO - US,Direct Drop,CIP,Air,Pre-PQ Process,12-03-07,03-Jan-08,03-Jan-08,03-Jan-08,ARV,Adult,Aurobindo Pharma Limited,"Efavirenz 600mg, tablets, 30 Tabs",Efavirenz,Generic,10mg+ml+/,Tablet,30,"48,259",567043.25,11.75,0.39,"Aurobindo Unit III, India",TRUE,4143,"$19,088.86 ",907.27
"9,530",100-HT-T01,Pre-PQ Process,SCMS-15490,ASN-4374,Haiti,PMO - US,Direct Drop,EXW,Air,Pre-PQ Process,01-08-08,06-Jul-09,06-Jul-09,06-Jul-09,HRDT,HIV test,"Trinity Biotech, Plc","HIV 1/2, Capillus HIV Kit, 100 Tests","HIV 1/2, Capillus HIV Kit",Capillus,10mg+ml+/,Test kit,100,3,417.00,139,1.39,"Trinity Biotech, Plc",TRUE,2,"$1,800.33 ",0.82
"9,531",106-HT-T01,Pre-PQ Process,SCMS-15520,ASN-1199,Haiti,PMO - US,Direct Drop,EXW,Air,Pre-PQ Process,Date Not Captured,23-Jan-08,23-Jan-08,23-Jan-08,HRDT,HIV test,"Orgenics, Ltd","HIV 1/2, Determine HIV Kit, without Lancets, 100 Tests","HIV 1/2, Determine HIV Kit, without Lancets",Determine,10mg+ml+/,Test kit,100,"1,000",70000.00,70,0.7,Inverness Japan,TRUE,228,"$4,829.61 ",112
"17,870",116-ZA-T30,FPQ-4054,SCMS-51251,ASN-5341,South Africa,PMO - US,Direct Drop,DDP,Truck,7/29/2009,08-07-09,07-Oct-09,07-Oct-09,07-Oct-09,ARV,Pediatric,S. BUYS WHOLESALER,"Stavudine 1mg/ml, powder for oral solution, 200 ml",Stavudine,Generic,1mg/ml,Oral solution,200,500,1303.53,2.61,0.01,"Aurobindo Unit III, India",TRUE,Weight Captured Separately,Freight Included in Commodity Cost,2.55
"17,924",116-ZA-T30,FPQ-12522,SCMS-199283,ASN-27979,South Africa,PMO - US,Direct Drop,DDP,Truck,07-11-13,8/27/2014,27-Aug-14,27-Aug-14,27-Aug-14,ARV,Adult,S. BUYS WHOLESALER,"Efavirenz 600mg, tablets, 30 Tabs",Efavirenz,Generic,600mg,Tablet,30,143,2391.83,16.73,0.56,Hetero Unit III Hyderabad IN,FALSE,Weight Captured Separately,Freight Included in Commodity Cost,2.96
"18,093",116-ZA-T30,FPQ-12522,SCMS-199289,ASN-28034,South Africa,PMO - US,Direct Drop,DDP,Truck,07-11-13,8/29/2014,29-Aug-14,29-Aug-14,29-Aug-14,ARV,Pediatric,S. BUYS WHOLESALER,"Lamivudine 10mg/ml, oral solution w/syringe, Bottle, 240 ml",Lamivudine,Generic,10mg/ml,Oral solution,240,29,228.80,7.89,0.03,"Aurobindo Unit III, India",TRUE,Weight Captured Separately,Freight Included in Commodity Cost,0.28
"18,099",116-ZA-T30,FPQ-13973,SCMS-238553,ASN-28021,South Africa,PMO - US,Direct Drop,DDP,Truck,4/30/2014,8/28/2014,28-Aug-14,28-Aug-14,28-Aug-14,ARV,Pediatric,PHARMACY DIRECT,"Efavirenz 50mg, capsule, 30 Caps",Efavirenz,Generic,50mg,Capsule,30,39,117.24,3.01,0.1,"Aurobindo Unit III, India",TRUE,Weight Captured Separately,Freight Included in Commodity Cost,0.12
"18,121",116-ZA-T30,FPQ-12522,SCMS-199289,ASN-28037,South Africa,PMO - US,Direct Drop,DDP,Truck,07-11-13,8/29/2014,29-Aug-14,29-Aug-14,29-Aug-14,ARV,Adult,S. BUYS WHOLESALER,"Tenofovir Disoproxil Fumarate 300mg, tablets, 30 Tabs",Tenofovir Disoproxil Fumarate,Generic,300mg,Tablet,30,206,4365.52,21.19,0.71,"Aurobindo Unit III, India",TRUE,Weight Captured Separately,Freight Included in Commodity Cost,5.4
"18,182",116-ZA-T30,FPQ-14942,SCMS-259073,ASN-30671,South Africa,PMO - US,Direct Drop,DDP,Truck,09-11-14,02-12-15,12-Feb-15,12-Feb-15,12-Feb-15,ARV,Adult,PHARMACY DIRECT,"Lamivudine/Zidovudine 150/300mg, tablets, 60 Tabs",Lamivudine/Zidovudine,Generic,150/300mg,Tablet - FDC,60,19,407.56,21.45,0.36,"Aurobindo Unit III, India",TRUE,Weight Captured Separately,Freight Included in Commodity Cost,0.42
"18,538",116-ZA-T30,FPQ-14942,SCMS-259076,ASN-32524,South Africa,PMO - US,Direct Drop,DDP,Truck,09-11-14,06-02-15,02-Jun-15,02-Jun-15,02-Jun-15,ARV,Adult,PHARMACY DIRECT,"Didanosine 250mg, delayed-release capsules, 30 Caps",Didanosine,Generic,250mg,Delayed-release capsules,30,4,44.07,11.02,0.37,"Aurobindo Unit III, India",TRUE,Weight Captured Separately,Freight Included in Commodity Cost,0.05
"9,579",102-NG-T01,Pre-PQ Process,SCMS-16880,ASN-1592,Nigeria,PMO - US,Direct Drop,EXW,Air,Pre-PQ Process,01-07-08,21-Apr-08,21-Apr-08,21-Apr-08,HRDT,HIV test,"CHEMBIO DIAGNOSTIC SYSTEMS, INC.","HIV 1/2, Stat-Pak HIV, Kit, 20 Tests","HIV 1/2, Stat-Pak HIV, Kit",Stat-Pak,10mg+ml+/,Test kit,20,"7,719",208413.00,27,1.35,Chembio Diagnostics Sys. Inc.,TRUE,2502,"$15,636.70 ",333.46
"9,585",111-MZ-T01,Pre-PQ Process,SCMS-17260,ASN-2532,Mozambique,PMO - US,Direct Drop,EXW,Air,Pre-PQ Process,02-06-08,17-Oct-08,17-Oct-08,17-Oct-08,HRDT,HIV test,"Trinity Biotech, Plc","HIV 1/2, Uni-Gold HIV Kit, 20 Tests","HIV 1/2, Uni-Gold HIV Kit",Uni-Gold,10mg+ml+/,Test kit,20,"5,300",169600.00,32,1.6,"Trinity Biotech, Plc",TRUE,1796,"$32,437.45 ",271.36
"18,740",202-GT-T30,FPQ-6944,SCMS-98041,ASN-14350,Guatemala,PMO - US,Direct Drop,DDU,Air,1/17/2011,1/25/2011,21-May-12,21-May-12,21-May-12,ARV,Pediatric,IDIS LIMITED,"Didanosine 50mg [Videx], chewable tablets, 60 Tabs",Didanosine,Videx,50mg,Chewable/dispersible tablet,60,161,12174.82,75.62,1.26,Bristol-Myers Squibb Anagni IT,TRUE,Weight Captured Separately,Freight Included in Commodity Cost,20.09
"9,628",102-GY-T01,Pre-PQ Process,SCMS-18480,ASN-1503,Guyana,PMO - US,Direct Drop,EXW,Air,Pre-PQ Process,2/28/2008,09-Apr-08,09-Apr-08,09-Apr-08,HRDT,HIV test,"Orgenics, Ltd","HIV 1/2, Determine HIV Kit, without Lancets, 100 Tests","HIV 1/2, Determine HIV Kit, without Lancets",Determine,10mg+ml+/,Test kit,100,240,17277.60,71.99,0.72,Inverness Japan,TRUE,55,"$1,442.92 ",27.64
"10,809",107-RW-T01,Pre-PQ Process,SO-249,DN-6,Rwanda,PMO - US,From RDC,N/A - From RDC,Air,Pre-PQ Process,N/A - From RDC,01-Feb-07,01-Feb-07,01-Feb-07,ARV,Adult,SCMS from RDC,"Abacavir 300mg, tablets, 60 Tabs",Abacavir,Generic,10mg+ml+/,Tablet,60,600,21480.00,35.8,0.6,"Aurobindo Unit III, India",TRUE,55,$913.15 ,
"9,629",117-ET-T01,Pre-PQ Process,SCMS-18520,ASN-1591,Ethiopia,PMO - US,Direct Drop,EXW,Air,Pre-PQ Process,2/29/2008,17-Apr-08,17-Apr-08,17-Apr-08,HRDT,HIV test,"SHANGHAI KEHUA BIOENGINEERING CO.,LTD.  (KHB)","HIV 1/2, SKB Colloidal Gold, Diagnostic Kit, Antibody, 50 Tests","HIV 1/2, Colloidal Gold, Diagnostic Kit, Antibody",Colloidal Gold,10mg+ml+/,Test kit,1,"1,044",24012.00,23,23,"KHB Test Kit Facility, Shanghai China",TRUE,754,"$6,267.38 ",38.42
"9,639",106-HT-T01,Pre-PQ Process,SCMS-18720,ASN-1610,Haiti,PMO - US,Direct Drop,EXW,Air,Pre-PQ Process,03-11-08,09-May-08,09-May-08,09-May-08,HRDT,HIV test,"Orgenics, Ltd","HIV 1/2, Determine HIV Kit, without Lancets, 100 Tests","HIV 1/2, Determine HIV Kit, without Lancets",Determine,10mg+ml+/,Test kit,100,955,63985.00,67,0.67,Inverness Japan,TRUE,164,"$1,802.14 ",102.38
"9,640",102-GY-T01,Pre-PQ Process,SCMS-18800,ASN-1613,Guyana,PMO - US,Direct Drop,EXW,Air,Pre-PQ Process,3/13/2008,06-May-08,06-May-08,06-May-08,HRDT,HIV test,"Trinity Biotech, Plc","HIV 1/2, Uni-Gold HIV Kit, 20 Tests","HIV 1/2, Uni-Gold HIV Kit",Uni-Gold,10mg+ml+/,Test kit,20,748,23936.00,32,1.6,"Trinity Biotech, Plc",TRUE,748,"$3,740.04 ",38.3
"18,762",116-ZA-T30,FPQ-11828,SCMS-183950,ASN-19166,South Africa,South Africa Field Office,Direct Drop,DDP,Truck,3/18/2013,Date Not Captured,16-Apr-13,16-Apr-13,16-Apr-13,ARV,Adult,S. BUYS WHOLESALER,"Zidovudine 300mg, tablets, 60 Tabs",Zidovudine,Generic,300mg,Tablet,60,216,5512.38,25.52,0.43,"Aurobindo Unit III, India",FALSE,Weight Captured Separately,Freight Included in Commodity Cost,6.82
"18,992",116-ZA-T30,FPQ-14942,SCMS-259078,ASN-33472,South Africa,PMO - US,Direct Drop,DDP,Truck,09-11-14,10-09-14,24-Jul-15,24-Jul-15,24-Jul-15,ARV,Pediatric,PHARMACY DIRECT,"Atazanavir 150mg [Reyataz], capsules, 60 Caps",Atazanavir,Reyataz,150mg,Capsule,60,9,143.10,15.9,0.26,"BMS Evansville, US",TRUE,Weight Captured Separately,Freight Included in Commodity Cost,0.15
"19,146",116-ZA-T30,FPQ-14942,SCMS-259075,ASN-32122,South Africa,PMO - US,Direct Drop,DDP,Truck,09-11-14,05-11-15,12-May-15,12-May-15,12-May-15,ARV,Adult,PHARMACY DIRECT,"Zidovudine 300mg, tablets, 60 Tabs",Zidovudine,Generic,300mg,Tablet,60,11,198.35,18.03,0.3,"Aurobindo Unit III, India",FALSE,Weight Captured Separately,Freight Included in Commodity Cost,0.2
"19,225",116-ZA-T30,FPQ-4359,SCMS-54980,ASN-5373,South Africa,PMO - US,Direct Drop,DDP,Truck,10-08-09,10/15/2009,19-Oct-09,19-Oct-09,19-Oct-09,ARV,Pediatric,S. BUYS WHOLESALER,"Zidovudine 100mg [Retrovir], capsules, 100 Caps",Zidovudine,Retrovir,100mg,Capsule,100,40,591.97,14.8,0.15,GSK Crawley,FALSE,Weight Captured Separately,Freight Included in Commodity Cost,1.16
"19,241",116-ZA-T30,FPQ-13214,SCMS-215410,ASN-23875,South Africa,PMO - US,Direct Drop,DDP,Truck,11/14/2013,12-02-13,13-Jan-14,13-Jan-14,13-Jan-14,ARV,Pediatric,S. BUYS WHOLESALER,"Abacavir 20mg/ml, oral solution w/syringe, Bottle, 240 ml",Abacavir,Generic,20mg/ml,Oral solution,240,16,367.09,22.94,0.1,"Aurobindo Unit III, India",FALSE,Weight Captured Separately,Freight Included in Commodity Cost,0.38
"9,673",108-VN-T01,Pre-PQ Process,SCMS-20520,ASN-1794,Vietnam,PMO - US,Direct Drop,EXW,Air,Pre-PQ Process,3/31/2008,02-Jun-08,02-Jun-08,02-Jun-08,ARV,Pediatric,Aurobindo Pharma Limited,"Zidovudine 100mg, capsules, 100 Caps",Zidovudine,Generic,10mg+ml+/,Capsule,100,"1,400",7686.00,5.49,0.05,"Aurobindo Unit III, India",TRUE,106,"$2,869.03 ",12.3
"9,675",108-VN-T01,Pre-PQ Process,SCMS-20540,ASN-2044,Vietnam,PMO - US,Direct Drop,EXW,Air,Pre-PQ Process,3/31/2008,18-Jul-08,18-Jul-08,18-Jul-08,ARV,Adult,MYLAN LABORATORIES LTD (FORMERLY MATRIX LABORATORIES),"Efavirenz 600mg, tablets, 30 Tabs",Efavirenz,Generic,10mg+ml+/,Tablet,30,"10,080",115718.40,11.48,0.38,Mylan (formerly Matrix) Nashik,TRUE,772,"$5,893.08 ",185.15
"9,676",108-VN-T01,Pre-PQ Process,SCMS-20541,ASN-1793,Vietnam,PMO - US,Direct Drop,EXW,Air,Pre-PQ Process,04-10-08,18-Jul-08,02-Jun-08,02-Jun-08,ARV,Adult,MYLAN LABORATORIES LTD (FORMERLY MATRIX LABORATORIES),"Tenofovir Disoproxil Fumarate 300mg, tablets, 30 Tabs",Tenofovir Disoproxil Fumarate,Generic,10mg+ml+/,Tablet,30,"2,016",27538.56,13.66,0.46,Mylan (formerly Matrix) Nashik,TRUE,122,"$2,867.81 ",44.06
"19,282",116-ZA-T30,FPQ-3560,SCMS-50950,ASN-5006,South Africa,PMO - US,Direct Drop,DDP,Truck,05-07-09,08-03-09,03-Sep-09,03-Sep-09,03-Sep-09,ARV,Adult,S. BUYS WHOLESALER,"Tenofovir Disoproxil Fumarate 300mg [Viread], tablets, 30 Tabs",Tenofovir Disoproxil Fumarate,Viread,300mg,Tablet,30,800,21392.98,26.74,0.89,"Aspen-OSD, Port Elizabeth, SA",TRUE,Weight Captured Separately,Freight Included in Commodity Cost,41.93
"9,749",108-VN-T01,Pre-PQ Process,SCMS-23360,ASN-2490,Vietnam,PMO - US,Direct Drop,FCA,Air,Pre-PQ Process,5/15/2008,16-Nov-08,16-Nov-08,16-Nov-08,ARV,Adult,ABBVIE LOGISTICS (FORMERLY ABBOTT LOGISTICS BV),"Lopinavir/Ritonavir 200/50mg [Aluvia], tablets, 120 Tabs",Lopinavir/Ritonavir,Aluvia,10mg+ml+/,Tablet,120,"1,480",121656.00,82.2,0.68,ABBVIE Ludwigshafen Germany,TRUE,370,"$2,652.33 ",194.65
"19,293",111-MZ-T30,FPQ-3588,SCMS-45670,ASN-5525,Mozambique,PMO - US,Direct Drop,CIP,Air,3/25/2009,5/13/2009,04-Dec-09,04-Dec-09,04-Dec-09,ARV,Adult,GLAXOSMITHKLINE EXPORT LIMITED,"Abacavir/Lamivudine/Zidovudine 300/150/300mg [Trizivir], tablets, 60 Tabs",Abacavir/Lamivudine/Zidovudine,Trizivir,300/150/300mg,Tablet - FDC,60,4,214.84,53.71,0.9,GSK Ware (UK),TRUE,155,Freight Included in Commodity Cost,0.42
"19,346",116-ZA-T30,FPQ-13973,SCMS-238553,ASN-28021,South Africa,PMO - US,Direct Drop,DDP,Truck,4/30/2014,8/28/2014,28-Aug-14,28-Aug-14,28-Aug-14,ARV,Adult,PHARMACY DIRECT,"Emtricitabine/Tenofovir Disoproxil Fumarate 200/300mg, tablets, 30 Tabs",Emtricitabine/Tenofovir Disoproxil Fumarate,Generic,200/300mg,Tablet - FDC,30,11,332.32,30.21,1.01,"Aurobindo Unit III, India",FALSE,Weight Captured Separately,Freight Included in Commodity Cost,0.34
"19,514",116-ZA-T30,FPQ-13973,SCMS-238553,ASN-28021,South Africa,PMO - US,Direct Drop,DDP,Truck,4/30/2014,8/28/2014,28-Aug-14,28-Aug-14,28-Aug-14,ARV,Adult,PHARMACY DIRECT,"Lamivudine/Zidovudine 150/300mg, tablets, 60 Tabs",Lamivudine/Zidovudine,Generic,150/300mg,Tablet - FDC,60,16,499.07,31.19,0.52,"Aurobindo Unit III, India",FALSE,Weight Captured Separately,Freight Included in Commodity Cost,0.51
"19,670",116-ZA-T30,FPQ-14942,SCMS-259079,ASN-33852,South Africa,PMO - US,Direct Drop,DDP,Truck,09-11-14,10-09-14,24-Aug-15,24-Aug-15,24-Aug-15,ARV,Adult,PHARMACY DIRECT,"Abacavir 300mg, tablets, 60 Tabs",Abacavir,Generic,300mg,Tablet,60,82,4392.17,53.56,0.89,"Aurobindo Unit III, India",FALSE,Weight Captured Separately,Freight Included in Commodity Cost,4.52
"9,804",117-ET-T01,Pre-PQ Process,SCMS-24890,ASN-2218,Ethiopia,PMO - US,Direct Drop,EXW,Air,Pre-PQ Process,06-10-08,13-Aug-08,13-Aug-08,13-Aug-08,ANTM,Malaria,MISSIONPHARMA A/S,"Primaquine 15mg base (as diphosphate), tablets, 1000 Tabs",Primaquine base (as diphosphate),Generic,10mg+ml+/,Tablet,"1,000",32,1434.88,44.84,0.04,"Weifa A.S., Hausmanngt. 6, P.O. Box 9113 GrÃ¸nland, 0133, Oslo, Norway",TRUE,7,$399.18 ,2.3
"19,689",116-ZA-T30,FPQ-5630,SCMS-72870,ASN-7106,South Africa,PMO - US,Direct Drop,DDP,Truck,4/30/2010,05-05-10,12-May-10,12-May-10,12-May-10,ARV,Pediatric,S. BUYS WHOLESALER,"Lopinavir/Ritonavir 80/20mg/ml [Kaletra], oral solution, cool, Bottle 5 x 60 ml",Lopinavir/Ritonavir,Kaletra,80/20mg/ml,Oral solution,300,50,2037.29,40.75,0.14,ABBVIE (Abbott) Logis. UK,TRUE,Weight Captured Separately,Freight Included in Commodity Cost,4.39
"9,836",107-RW-T01,Pre-PQ Process,SCMS-25910,ASN-2390,Rwanda,PMO - US,Direct Drop,CIP,Air,Pre-PQ Process,08-06-08,23-Sep-08,23-Sep-08,23-Sep-08,ARV,Adult,HETERO LABS LIMITED,"Efavirenz 600mg, tablets, 30 Tabs",Efavirenz,Generic,20mg+ml+/,Tablet,30,"83,400",931578.00,11.17,0.37,Hetero Unit III Hyderabad IN,TRUE,6701,"$87,692.85 ","1,490.52"
"9,841",112-NG-T01,Pre-PQ Process,SCMS-26290,ASN-2106,Nigeria,PMO - US,Direct Drop,EXW,Air,Pre-PQ Process,6/30/2008,05-Aug-08,05-Aug-08,05-Aug-08,ACT,ACT,IDA FOUNDATION,"Artemether/Lumefantrine 20/120mg [Coartem], scored tablets, Blister 30 x 18 Tabs",Artemether/Lumefantrine,Coartem,10mg+ml+/,Tablet - FDC + blister,540,34,1547.68,45.52,0.08,"Novartis Pharma AG, Switzerland",TRUE,159,"$1,976.57 ",2.48
"19,788",161-ZA-T30,FPQ-7175,SCMS-103360,ASN-11433,South Africa,PMO - US,Direct Drop,DDP,Ocean,03-10-11,3/24/2011,02-Sep-11,14-Sep-11,14-Sep-11,ARV,Pediatric,Aurobindo Pharma Limited,"Efavirenz 50mg, capsule, 30 Caps",Efavirenz,Generic,50mg,Capsule,30,"2,247",5482.68,2.44,0.08,"Aurobindo Unit III, India",TRUE,Weight Captured Separately,Freight Included in Commodity Cost,9.05
"19,863",116-ZA-T30,FPQ-14942,SCMS-259078,ASN-33470,South Africa,PMO - US,Direct Drop,DDP,Truck,09-11-14,10-09-14,24-Jul-15,24-Jul-15,24-Jul-15,ARV,Adult,PHARMACY DIRECT,"Lamivudine/Zidovudine 150/300mg, tablets, 60 Tabs",Lamivudine/Zidovudine,Generic,150/300mg,Tablet - FDC,60,23,528.93,23,0.38,"Aurobindo Unit III, India",FALSE,Weight Captured Separately,Freight Included in Commodity Cost,0.54
"10,155",102-GY-T01,Pre-PQ Process,SCMS-35540,ASN-3208,Guyana,PMO - US,Direct Drop,EXW,Air,Pre-PQ Process,12-11-08,30-Jan-09,30-Jan-09,30-Jan-09,HRDT,HIV test,"Trinity Biotech, Plc","HIV 1/2, Uni-Gold HIV Kit, 20 Tests","HIV 1/2, Uni-Gold HIV Kit",Uni-Gold,10mg+ml+/,Test kit,20,"2,086",66752.00,32,1.6,"Trinity Biotech, Plc",TRUE,707,"$5,926.53 ",130.83
"19,873",116-ZA-T30,FPQ-14942,SCMS-259078,ASN-33470,South Africa,PMO - US,Direct Drop,DDP,Truck,09-11-14,10-09-14,24-Jul-15,24-Jul-15,24-Jul-15,ARV,Adult,PHARMACY DIRECT,"Nevirapine 200mg, tablets, 60 Tabs",Nevirapine,Generic,200mg,Tablet,60,23,315.96,13.74,0.23,"Aurobindo Unit III, India",FALSE,Weight Captured Separately,Freight Included in Commodity Cost,0.32
"9,874",108-VN-T01,Pre-PQ Process,SCMS-27330,ASN-2861,Vietnam,PMO - US,Direct Drop,CIP,Air,Pre-PQ Process,7/23/2008,13-Nov-08,13-Nov-08,13-Nov-08,ARV,Pediatric,BRISTOL-MYERS SQUIBB,"Didanosine 25mg [Videx], chewable tablets, 60 Tabs",Didanosine,Videx,10mg+ml+/,Chewable/dispersible tablet,60,240,1680.00,7,0.12,"BMS Meymac, France",TRUE,52,"$1,516.05 ",3.29
"9,916",123-NG-T01,Pre-PQ Process,SCMS-28390,ASN-2367,Nigeria,PMO - US,Direct Drop,EXW,Air,Pre-PQ Process,8/15/2008,23-Oct-08,23-Oct-08,23-Oct-08,ACT,ACT,IDA FOUNDATION,"Artemether/Lumefantrine 20/120mg [Coartem], scored tablets, Blister 30 x 18 Tabs",Artemether/Lumefantrine,Coartem,20mg+ml+/,Tablet - FDC + blister,540,25,875.00,35,0.06,"Novartis Pharma AG, Switzerland",TRUE,86,"$1,528.06 ",1.4
"19,959",116-ZA-T30,FPQ-13973,SCMS-238555,ASN-29257,South Africa,PMO - US,Direct Drop,DDP,Truck,4/30/2014,11-04-14,05-Nov-14,05-Nov-14,05-Nov-14,ARV,Adult,PHARMACY DIRECT,"Lamivudine 150mg, tablets, 60 Tabs",Lamivudine,Generic,150mg,Tablet,60,203,1855.98,9.14,0.15,"Aurobindo Unit III, India",TRUE,Weight Captured Separately,Freight Included in Commodity Cost,1.91
"9,933",117-ET-T01,Pre-PQ Process,SCMS-28700,ASN-2720,Ethiopia,PMO - US,Direct Drop,EXW,Air,Pre-PQ Process,8/22/2008,30-Oct-08,30-Oct-08,30-Oct-08,HRDT,HIV test,"SHANGHAI KEHUA BIOENGINEERING CO.,LTD.  (KHB)","HIV 1/2, SKB Colloidal Gold, Diagnostic Kit, Antibody, 50 Tests","HIV 1/2, Colloidal Gold, Diagnostic Kit, Antibody",Colloidal Gold,,Test kit,1,"6,998",160954.00,23,23,"KHB Test Kit Facility, Shanghai China",TRUE,5056,"$44,360.44 ",315.47
"19,977",116-ZA-T30,FPQ-4359,SCMS-54980,ASN-5372,South Africa,PMO - US,Direct Drop,DDP,Truck,10-08-09,10/15/2009,21-Oct-09,21-Oct-09,21-Oct-09,ARV,Pediatric,S. BUYS WHOLESALER,"Lamivudine 10mg/ml [Epivir], oral solution, Bottle, 240 ml",Lamivudine,Epivir,10mg/ml,Oral solution,240,"1,000",6669.31,6.67,0.03,GSK Mississauga (Canada),TRUE,Weight Captured Separately,Freight Included in Commodity Cost,13.07
"20,044",116-ZA-T30,FPQ-13973,SCMS-238552,ASN-27608,South Africa,PMO - US,Direct Drop,DDP,Truck,4/30/2014,08-05-14,05-Aug-14,05-Aug-14,05-Aug-14,ARV,Adult,PHARMACY DIRECT,"Saquinavir 200mg [Invirase], capsules, 270 Caps",Saquinavir,Invirase,200mg,Capsule,270,30,2177.92,72.6,0.27,Roche Basel,TRUE,Weight Captured Separately,Freight Included in Commodity Cost,2.24
"20,291",116-ZA-T30,FPQ-5535,SCMS-71370,ASN-7373,South Africa,PMO - US,Direct Drop,DDP,Truck,4/19/2010,4/21/2010,31-May-10,31-May-10,31-May-10,ARV,Adult,S. BUYS WHOLESALER,"Emtricitabine/Tenofovir Disoproxil Fumarate 200/300mg [Truvada], tablets, 30 Tabs",Emtricitabine/Tenofovir Disoproxil Fumarate,Truvada,300/200mg,Tablet - FDC,30,540,25796.95,47.77,1.59,"Aspen-OSD, Port Elizabeth, SA",FALSE,Weight Captured Separately,Freight Included in Commodity Cost,55.62
"20,407",116-ZA-T30,FPQ-12522,SCMS-199289,ASN-28036,South Africa,PMO - US,Direct Drop,DDP,Truck,07-11-13,8/29/2014,29-Aug-14,29-Aug-14,29-Aug-14,ARV,Adult,S. BUYS WHOLESALER,"Tenofovir Disoproxil Fumarate 300mg, tablets, 30 Tabs",Tenofovir Disoproxil Fumarate,Generic,300mg,Tablet,30,627,13051.03,20.82,0.69,Hetero Unit III Hyderabad IN,TRUE,Weight Captured Separately,Freight Included in Commodity Cost,16.14
"20,417",116-ZA-T30,FPQ-14942,SCMS-259079,ASN-33851,South Africa,PMO - US,Direct Drop,DDP,Truck,09-11-14,10-09-14,24-Aug-15,24-Aug-15,24-Aug-15,ARV,Adult,PHARMACY DIRECT,"Efavirenz 600mg, tablets, 30 Tabs",Efavirenz,Generic,600mg,Tablet,30,42,507.93,12.09,0.4,"Aurobindo Unit III, India",TRUE,Weight Captured Separately,Freight Included in Commodity Cost,0.52
"20,623",116-ZA-T30,FPQ-14942,SCMS-259071,ASN-29597,South Africa,PMO - US,Direct Drop,DDP,Truck,09-11-14,11/28/2014,28-Nov-14,28-Nov-14,28-Nov-14,ARV,Adult,PHARMACY DIRECT,"Tenofovir Disoproxil Fumarate 300mg, tablets, 30 Tabs",Tenofovir Disoproxil Fumarate,Generic,300mg,Tablet,30,121,1671.82,13.82,0.46,Mylan (formerly Matrix) Nashik,FALSE,Weight Captured Separately,Freight Included in Commodity Cost,1.72
"20,631",111-MZ-T30,FPQ-14844,SCMS-260210,ASN-30569,Mozambique,PMO - US,Direct Drop,CIP,Air,8/27/2014,10/30/2014,16-Feb-15,16-Feb-15,12-Mar-15,ARV,Adult,JANSSEN SCIENCES IRELAND UC (FORMERLY JANSSEN R&D IRELAND),"Darunavir 600mg [Prezista], tablets, 60 Tabs",Darunavir,Prezista,600mg,Tablet,60,276,14904.00,54,0.9,"Janssen-Cilag, Latina, IT",TRUE,Weight Captured Separately,Freight Included in Commodity Cost,15.32
"10,085",117-ET-T01,Pre-PQ Process,SCMS-32410,ASN-3178,Ethiopia,PMO - US,Direct Drop,EXW,Air,Pre-PQ Process,10/22/2008,30-Jan-09,20-Jan-09,20-Jan-09,HRDT,HIV test,"CHEMBIO DIAGNOSTIC SYSTEMS, INC.","HIV 1/2, Stat-Pak HIV, Kit, 20 Tests","HIV 1/2, Stat-Pak HIV, Kit",Stat-Pak,,Test kit,20,"9,325",251775.00,27,1.35,Chembio Diagnostics Sys. Inc.,TRUE,3061,"$15,288.75 ",493.48
"10,086",117-ET-T01,Pre-PQ Process,SCMS-32410,ASN-3259,Ethiopia,PMO - US,Direct Drop,EXW,Air,Pre-PQ Process,10/22/2008,30-Jan-09,30-Jan-09,30-Jan-09,HRDT,HIV test,"CHEMBIO DIAGNOSTIC SYSTEMS, INC.","HIV 1/2, Stat-Pak HIV, Kit, 20 Tests","HIV 1/2, Stat-Pak HIV, Kit",Stat-Pak,,Test kit,20,"3,711",100197.00,27,1.35,Chembio Diagnostics Sys. Inc.,TRUE,1341,"$6,112.63 ",196.39
"20,684",116-ZA-T30,FPQ-14942,SCMS-259072,ASN-30377,South Africa,PMO - US,Direct Drop,DDP,Truck,09-11-14,1/26/2015,26-Jan-15,26-Jan-15,26-Jan-15,ARV,Adult,PHARMACY DIRECT,"Efavirenz 600mg, tablets, 30 Tabs",Efavirenz,Generic,600mg,Tablet,30,153,1724.15,11.27,0.38,"Aurobindo Unit III, India",FALSE,Weight Captured Separately,Freight Included in Commodity Cost,1.77
"10,102",133-NG-T01,Pre-PQ Process,SCMS-32920,ASN-2909,Nigeria,PMO - US,Direct Drop,EXW,Air,Pre-PQ Process,10/30/2008,02-Dec-08,02-Dec-08,02-Dec-08,HRDT,HIV test,"Orgenics, Ltd","HIV 1/2, Determine Complete HIV Kit, 100 Tests","HIV 1/2, Determine Complete HIV Kit",Determine,,Test kit,100,"3,622",289760.00,80,0.8,Inverness Japan,TRUE,1091,"$15,045.56 ",567.93
"20,723",116-ZA-T30,FPQ-14942,SCMS-259072,ASN-30377,South Africa,PMO - US,Direct Drop,DDP,Truck,09-11-14,1/26/2015,26-Jan-15,26-Jan-15,26-Jan-15,ARV,Adult,PHARMACY DIRECT,"Didanosine 400mg, delayed-release capsules, 30 Caps",Didanosine,Generic,400mg,Delayed-release capsules,30,7,99.53,14.22,0.47,"Aurobindo Unit III, India",FALSE,Weight Captured Separately,Freight Included in Commodity Cost,0.1
"20,774",116-ZA-T30,FPQ-14942,SCMS-259079,ASN-33852,South Africa,PMO - US,Direct Drop,DDP,Truck,09-11-14,10-09-14,24-Aug-15,24-Aug-15,24-Aug-15,ARV,Adult,PHARMACY DIRECT,"Lamivudine 150mg, tablets, 60 Tabs",Lamivudine,Generic,150mg,Tablet,60,119,839.15,7.05,0.12,"Aurobindo Unit III, India",FALSE,Weight Captured Separately,Freight Included in Commodity Cost,0.86
"20,908",116-ZA-T30,FPQ-12522,SCMS-199289,ASN-28036,South Africa,PMO - US,Direct Drop,DDP,Truck,07-11-13,8/29/2014,29-Aug-14,29-Aug-14,29-Aug-14,ARV,Pediatric,S. BUYS WHOLESALER,"Lamivudine 10mg/ml, oral solution w/syringe, Bottle, 240 ml",Lamivudine,Generic,10mg/ml,Oral solution,240,43,339.26,7.89,0.03,"Aurobindo Unit III, India",FALSE,Weight Captured Separately,Freight Included in Commodity Cost,0.42
"10,239",110-ZM-T01,Pre-PQ Process,SCMS-37780,ASN-3698,Zambia,PMO - US,Direct Drop,EXW,Air,Pre-PQ Process,1/27/2009,09-Apr-09,09-Apr-09,09-Apr-09,HRDT,HIV test,"Trinity Biotech, Plc","HIV 1/2, Uni-Gold HIV Kit, 20 Tests","HIV 1/2, Uni-Gold HIV Kit",Uni-Gold,,Test kit,20,"8,000",256000.00,32,1.6,"Trinity Biotech, Plc",TRUE,2657,"$25,513.66 ",501.76
"20,947",116-ZA-T30,FPQ-14942,SCMS-259073,ASN-30671,South Africa,PMO - US,Direct Drop,DDP,Truck,09-11-14,02-12-15,12-Feb-15,12-Feb-15,12-Feb-15,ARV,Adult,PHARMACY DIRECT,"Tenofovir Disoproxil Fumarate 300mg, tablets, 30 Tabs",Tenofovir Disoproxil Fumarate,Generic,300mg,Tablet,30,135,1865.00,13.81,0.46,Mylan (formerly Matrix) Nashik,FALSE,Weight Captured Separately,Freight Included in Commodity Cost,1.92
"10,246",108-VN-T01,Pre-PQ Process,SCMS-31731,ASN-3455,Vietnam,PMO - US,Direct Drop,EXW,Air,Pre-PQ Process,10/21/2008,10-Mar-09,10-Mar-09,10-Mar-09,ARV,Adult,Aurobindo Pharma Limited,"Lamivudine/Zidovudine 150/300mg, tablets, 60 Tabs",Lamivudine/Zidovudine,Generic,150/300mg,Tablet - FDC,60,"1,176",10125.36,8.61,0.14,"Aurobindo Unit III, India",TRUE,105,$865.60 ,19.85
"10,282",107-RW-T01,Pre-PQ Process,SCMS-38670,ASN-3678,Rwanda,PMO - US,Direct Drop,EXW,Air,Pre-PQ Process,2/18/2009,06-Apr-09,06-Apr-09,06-Apr-09,HRDT,HIV test,"Trinity Biotech, Plc","HIV 1/2, Uni-Gold HIV Kit, 20 Tests","HIV 1/2, Uni-Gold HIV Kit",Uni-Gold,,Test kit,20,963,30816.00,32,1.6,"Trinity Biotech, Plc",TRUE,320,"$3,100.66 ",60.4
"10,298",104-CI-T01,Pre-PQ Process,SCMS-39430,ASN-3761,Côte d'Ivoire,PMO - US,Direct Drop,EXW,Air,Pre-PQ Process,2/24/2009,14-May-09,14-May-09,14-May-09,HRDT,HIV test,"Orgenics, Ltd","HIV 1/2, Determine HIV Kit, without Lancets, 100 Tests","HIV 1/2, Determine HIV Kit, without Lancets",Determine,,Test kit,100,"1,500",105000.00,70,0.7,Inverness Japan,TRUE,341,"$9,749.73 ",205.8
"20,952",116-ZA-T30,FPQ-13973,SCMS-238556,ASN-31854,South Africa,PMO - US,Direct Drop,DDP,Truck,4/30/2014,4/28/2015,28-Apr-15,28-Apr-15,28-Apr-15,ARV,Adult,PHARMACY DIRECT,"Didanosine 400mg, delayed-release capsules, 30 Caps",Didanosine,Generic,400mg,Delayed-release capsules,30,4,78.70,19.68,0.66,"Aurobindo Unit III, India",TRUE,Weight Captured Separately,Freight Included in Commodity Cost,0.08
"20,975",116-ZA-T30,FPQ-12522,SCMS-199283,ASN-27975,South Africa,PMO - US,Direct Drop,DDP,Truck,07-11-13,8/27/2014,27-Aug-14,27-Aug-14,27-Aug-14,ARV,Adult,S. BUYS WHOLESALER,"Tenofovir Disoproxil Fumarate 300mg, tablets, 30 Tabs",Tenofovir Disoproxil Fumarate,Generic,300mg,Tablet,30,1,22.60,22.6,0.75,"Aurobindo Unit III, India",TRUE,Weight Captured Separately,Freight Included in Commodity Cost,0.03
"21,028",116-ZA-T30,FPQ-12522,SCMS-199289,ASN-28037,South Africa,PMO - US,Direct Drop,DDP,Truck,07-11-13,8/29/2014,29-Aug-14,29-Aug-14,29-Aug-14,ARV,Adult,S. BUYS WHOLESALER,"Didanosine 400mg, delayed-release capsules, 30 Caps",Didanosine,Generic,400mg,Delayed-release capsules,30,23,499.23,21.71,0.72,"Aurobindo Unit III, India",FALSE,Weight Captured Separately,Freight Included in Commodity Cost,0.62
"21,143",202-GT-T30,FPQ-6944,SCMS-98040,ASN-12152,Guatemala,PMO - US,Direct Drop,DDU,Air,1/17/2011,1/25/2011,12-Sep-11,12-Sep-11,12-Sep-11,ARV,Pediatric,IDIS LIMITED,"Didanosine 50mg [Videx], chewable tablets, 60 Tabs",Didanosine,Videx,50mg,Chewable/dispersible tablet,60,192,14519.04,75.62,1.26,"BMS Meymac, France",TRUE,Weight Captured Separately,Freight Included in Commodity Cost,23.96
"21,175",116-ZA-T30,FPQ-13214,SCMS-215410,ASN-23875,South Africa,PMO - US,Direct Drop,DDP,Truck,11/14/2013,12-02-13,13-Jan-14,13-Jan-14,13-Jan-14,ARV,Adult,S. BUYS WHOLESALER,"Tenofovir Disoproxil Fumarate 300mg, tablets, 30 Tabs",Tenofovir Disoproxil Fumarate,Generic,300mg,Tablet,30,"1,485",27749.02,18.69,0.62,Hetero Unit III Hyderabad IN,FALSE,Weight Captured Separately,Freight Included in Commodity Cost,28.53
"21,336",116-ZA-T30,FPQ-5535,SCMS-71370,ASN-7373,South Africa,PMO - US,Direct Drop,DDP,Truck,4/19/2010,4/21/2010,31-May-10,31-May-10,31-May-10,ARV,Adult,S. BUYS WHOLESALER,"Efavirenz 600mg, tablets, 30 Tabs",Efavirenz,Generic,600mg,Tablet,30,"1,500",29714.49,19.81,0.66,"Cipla, Goa, India",FALSE,Weight Captured Separately,Freight Included in Commodity Cost,64.06
"21,338",116-ZA-T30,FPQ-11828,SCMS-183950,ASN-19166,South Africa,South Africa Field Office,Direct Drop,DDP,Truck,3/18/2013,Date Not Captured,16-Apr-13,16-Apr-13,16-Apr-13,ARV,Adult,S. BUYS WHOLESALER,"Lamivudine/Zidovudine 150/300mg [Combivir], tablets, 60 Tabs",Lamivudine/Zidovudine,Combivir,150/300mg,Tablet - FDC,60,39,746.32,19.14,0.32,"GSK, U1, Poznan, Poland",FALSE,Weight Captured Separately,Freight Included in Commodity Cost,0.92
"21,399",116-ZA-T30,FPQ-14942,SCMS-259072,ASN-30377,South Africa,PMO - US,Direct Drop,DDP,Truck,09-11-14,1/26/2015,26-Jan-15,26-Jan-15,26-Jan-15,ARV,Adult,PHARMACY DIRECT,"Lamivudine 150mg, tablets, 60 Tabs",Lamivudine,Generic,150mg,Tablet,60,191,1261.81,6.61,0.11,"Aurobindo Unit III, India",FALSE,Weight Captured Separately,Freight Included in Commodity Cost,1.3
"21,478",116-ZA-T30,FPQ-13973,SCMS-238551,ASN-26882,South Africa,PMO - US,Direct Drop,DDP,Truck,4/30/2014,6/25/2014,25-Jun-14,25-Jun-14,25-Jun-14,ARV,Pediatric,PHARMACY DIRECT,"Abacavir 20mg/ml, oral solution, Bottle, 240 ml",Abacavir,Generic,20mg/ml,Oral solution,240,24,588.25,24.51,0.1,"Aurobindo Unit III, India",TRUE,Weight Captured Separately,Freight Included in Commodity Cost,0.6
"21,525",116-ZA-T30,FPQ-13973,SCMS-238553,ASN-28021,South Africa,PMO - US,Direct Drop,DDP,Truck,4/30/2014,8/28/2014,28-Aug-14,28-Aug-14,28-Aug-14,ARV,Pediatric,PHARMACY DIRECT,"Abacavir 20mg/ml, oral solution, Bottle, 240 ml",Abacavir,Generic,20mg/ml,Oral solution,240,60,1470.62,24.51,0.1,"Aurobindo Unit III, India",FALSE,Weight Captured Separately,Freight Included in Commodity Cost,1.51
"21,540",116-ZA-T30,FPQ-12522,SCMS-199289,ASN-28036,South Africa,PMO - US,Direct Drop,DDP,Truck,07-11-13,8/29/2014,29-Aug-14,29-Aug-14,29-Aug-14,ARV,Adult,S. BUYS WHOLESALER,"Zidovudine 300mg, tablets, 60 Tabs",Zidovudine,Generic,300mg,Tablet,60,17,460.89,27.11,0.45,"Aurobindo Unit III, India",FALSE,Weight Captured Separately,Freight Included in Commodity Cost,0.57
"21,573",101-CD-T30,FPQ-13548,SCMS-224850,ASN-25795,"Congo, DRC",PMO - US,Direct Drop,DDP,Truck,1/22/2014,1/30/2014,07-Apr-14,07-Apr-14,23-Apr-14,HRDT,HIV test - Ancillary,WAGENIA,"Chase Buffer, Determine, 100 Tests, 2.5ml x 1 Vial","Chase Buffer, Determine, 100 Tests, 2.5ml x 1 Vial",Determine,,Test kit - Ancillary,1,"2,500",18775.00,7.51,7.51,"Alere Medical Co., Ltd.",TRUE,Weight Captured Separately,Freight Included in Commodity Cost,19.3
"21,755",116-ZA-T30,FPQ-13973,SCMS-238555,ASN-29255,South Africa,PMO - US,Direct Drop,DDP,Truck,4/30/2014,11-04-14,05-Nov-14,05-Nov-14,05-Nov-14,ARV,Adult,PHARMACY DIRECT,"Etravirine 100mg [Intelence], tablets, 120 Tabs",Etravirine,Intelence,100mg,Tablet,120,12,424.25,35.35,0.29,"Janssen-Cilag, Latina, IT",FALSE,Weight Captured Separately,Freight Included in Commodity Cost,0.44
"21,839",116-ZA-T30,FPQ-12522,SCMS-199289,ASN-28034,South Africa,PMO - US,Direct Drop,DDP,Truck,07-11-13,8/29/2014,29-Aug-14,29-Aug-14,29-Aug-14,ARV,Adult,S. BUYS WHOLESALER,"Didanosine 400mg, delayed-release capsules, 30 Caps",Didanosine,Generic,400mg,Delayed-release capsules,30,20,434.11,21.71,0.72,"Aurobindo Unit III, India",FALSE,Weight Captured Separately,Freight Included in Commodity Cost,0.54
"21,942",116-ZA-T30,FPQ-14942,SCMS-259075,ASN-32138,South Africa,PMO - US,Direct Drop,DDP,Truck,09-11-14,05-11-15,12-May-15,12-May-15,12-May-15,ARV,Adult,PHARMACY DIRECT,"Nevirapine 200mg, tablets, 60 Tabs",Nevirapine,Generic,200mg,Tablet,60,3,38.47,12.82,0.21,"Aurobindo Unit III, India",FALSE,Weight Captured Separately,Freight Included in Commodity Cost,0.04
"11,100",110-ZM-T01,Pre-PQ Process,SO-310,DN-122,Zambia,PMO - US,From RDC,N/A - From RDC,,Pre-PQ Process,N/A - From RDC,04-May-07,04-May-07,04-May-07,ARV,Adult,SCMS from RDC,"Abacavir 300mg, tablets, 60 Tabs",Abacavir,Generic,300mg,Tablet,60,"1,000",35800.00,35.8,0.6,"Aurobindo Unit III, India",TRUE,4436,"$18,375.70 ",
"21,983",116-ZA-T30,FPQ-4770,SCMS-60170,ASN-5933,South Africa,PMO - US,Direct Drop,DDP,Truck,12/17/2009,12/23/2009,29-Dec-09,29-Dec-09,29-Dec-09,ARV,Adult,S. BUYS WHOLESALER,"Zidovudine 300mg [Retrovir], tablets, 60 Tabs",Zidovudine,Retrovir,300mg,Tablet,60,500,7451.43,14.9,0.25,GSK Ware (UK),FALSE,Weight Captured Separately,Freight Included in Commodity Cost,16.07
"21,988",116-ZA-T30,FPQ-14942,SCMS-259086,ASN-33674,South Africa,PMO - US,Direct Drop,DDP,Truck,09-11-14,08-11-15,11-Aug-15,11-Aug-15,11-Aug-15,ARV,Pediatric,PHARMACY DIRECT,"Lopinavir/Ritonavir 80/20mg/ml [Kaletra], oral solution, cool, Bottle 5 x 60 ml",Lopinavir/Ritonavir,Kaletra,80/20mg/ml,Oral solution,300,3,51.42,17.14,0.06,ABBVIE (Abbott) Logis. UK,TRUE,Weight Captured Separately,Freight Included in Commodity Cost,0.05
"22,060",116-ZA-T30,FPQ-3596,SCMS-50371,ASN-5866,South Africa,PMO - US,Direct Drop,DDP,Truck,05-07-09,9/22/2009,08-Dec-09,08-Dec-09,08-Dec-09,ARV,Pediatric,S. BUYS WHOLESALER,"Efavirenz 50mg, capsule, 30 Caps",Efavirenz,Generic,50mg,Capsule,30,"4,292",17235.27,4.02,0.13,"Aurobindo Unit III, India",TRUE,Weight Captured Separately,Freight Included in Commodity Cost,33.78
"22,176",116-ZA-T30,FPQ-13973,SCMS-238556,ASN-31854,South Africa,PMO - US,Direct Drop,DDP,Truck,4/30/2014,4/28/2015,28-Apr-15,28-Apr-15,28-Apr-15,ARV,Pediatric,PHARMACY DIRECT,"Efavirenz 50mg, capsule, 30 Caps",Efavirenz,Generic,50mg,Capsule,30,15,45.09,3.01,0.1,"Aurobindo Unit III, India",FALSE,Weight Captured Separately,Freight Included in Commodity Cost,0.05
"10,386",102-GY-T01,Pre-PQ Process,SCMS-42310,ASN-3896,Guyana,PMO - US,Direct Drop,EXW,Air,Pre-PQ Process,3/30/2009,18-May-09,18-May-09,18-May-09,HRDT,HIV test,"Trinity Biotech, Plc","HIV 1/2, Uni-Gold HIV Kit, 20 Tests","HIV 1/2, Uni-Gold HIV Kit",Uni-Gold,,Test kit,20,"2,026",64832.00,32,1.6,"Trinity Biotech, Plc",TRUE,675,"$8,727.54 ",127.07
"22,191",112-NG-T30,FPQ-3635,SCMS-48420,ASN-4850,Nigeria,PMO - US,Direct Drop,CIP,Air,05-08-09,08-05-09,23-Sep-09,23-Sep-09,23-Sep-09,HRDT,HIV test,BIO-RAD LABORATORIES PTY LTD. (SOUTH AFRICA),"HIV 2, New LAV Blot 2 HIV Kit, 18 Tests","HIV 2, New LAV Blot 2 HIV Kit",LAV,,Test kit,18,1,750.29,750.29,41.68,Bio-Rad Laboratories,TRUE,18,Freight Included in Commodity Cost,1.47
"22,222",116-ZA-T30,FPQ-14942,SCMS-259071,ASN-29597,South Africa,PMO - US,Direct Drop,DDP,Truck,09-11-14,11/28/2014,28-Nov-14,28-Nov-14,28-Nov-14,ARV,Adult,PHARMACY DIRECT,"Lamivudine/Zidovudine 150/300mg, tablets, 60 Tabs",Lamivudine/Zidovudine,Generic,150/300mg,Tablet - FDC,60,18,405.71,22.54,0.38,"Aurobindo Unit III, India",FALSE,Weight Captured Separately,Freight Included in Commodity Cost,0.42
"22,280",116-ZA-T30,FPQ-12522,SCMS-199283,ASN-27979,South Africa,PMO - US,Direct Drop,DDP,Truck,07-11-13,8/27/2014,27-Aug-14,27-Aug-14,27-Aug-14,ARV,Adult,S. BUYS WHOLESALER,"Lamivudine 150mg, tablets, 60 Tabs",Lamivudine,Generic,150mg,Tablet,60,183,1802.16,9.85,0.16,Hetero Unit III Hyderabad IN,FALSE,Weight Captured Separately,Freight Included in Commodity Cost,2.23
"10,395",106-HT-T01,Pre-PQ Process,SCMS-42710,ASN-4322,Haiti,PMO - US,Direct Drop,EXW,Air,Pre-PQ Process,04-02-09,06-Jul-09,06-Jul-09,06-Jul-09,HRDT,HIV test,Orasure Technologies Inc.,"HIV 1/2, OraQuick Advance HIV Rapid Antibody Kit, 100 Tests","HIV 1/2, OraQuick Advance HIV Rapid Antibody Kit",OraQuick,,Test kit,100,60,21000.00,350,3.5,"Pacific Biotech, Thailand",TRUE,144,"$4,185.29 ",41.16
"10,401",102-KE-T01,Pre-PQ Process,SCMS-42960,ASN-4500,Kenya,PMO - US,Direct Drop,EXW,Air,Pre-PQ Process,04-06-09,07-Aug-09,07-Aug-09,07-Aug-09,HRDT,HIV test,"Orgenics, Ltd","HIV 1/2, Determine Complete HIV Kit, 100 Tests","HIV 1/2, Determine Complete HIV Kit",Determine,,Test kit,100,"7,500",600000.00,80,0.8,Inverness Japan,TRUE,2215,"$17,662.98 ","1,176"
"10,406",133-NG-T01,Pre-PQ Process,SCMS-43321,ASN-4294,Nigeria,PMO - US,Direct Drop,EXW,Air,Pre-PQ Process,5/14/2009,24-Jun-09,24-Jun-09,24-Jun-09,HRDT,HIV test,"Orgenics, Ltd","HIV 1/2, Determine Complete HIV Kit, 100 Tests","HIV 1/2, Determine Complete HIV Kit",Determine,,Test kit,100,"6,393",511440.00,80,0.8,Inverness Japan,TRUE,1920,"$30,697.91 ","1,002.42"
"10,416",107-RW-T01,Pre-PQ Process,SCMS-43790,ASN-4460,Rwanda,PMO - US,Direct Drop,CIP,Air,Pre-PQ Process,4/15/2009,14-Sep-09,14-Sep-09,14-Sep-09,ARV,Adult,MYLAN LABORATORIES LTD (FORMERLY MATRIX LABORATORIES),"Lamivudine/Zidovudine 150/300mg, tablets, 60 Tabs",Lamivudine/Zidovudine,Generic,150/300mg,Tablet - FDC,60,"38,736",348624.00,9,0.15,Mylan (formerly Matrix) Nashik,TRUE,3080,"$33,235.44 ",683.3
"10,438",108-VN-T01,Pre-PQ Process,SCMS-45050,ASN-4446,Vietnam,PMO - US,Direct Drop,EXW,Air,Pre-PQ Process,4/29/2009,03-Aug-09,03-Aug-09,03-Aug-09,ARV,Adult,MYLAN LABORATORIES LTD (FORMERLY MATRIX LABORATORIES),"Efavirenz 600mg, tablets, 30 Tabs",Efavirenz,Generic,600mg,Tablet,30,"22,512",146328.00,6.5,0.22,Mylan (formerly Matrix) Nashik,TRUE,1775,"$5,761.87 ",286.8
"10,446",139-NA-T01,Pre-PQ Process,SCMS-45430,ASN-4660,Namibia,PMO - US,Direct Drop,EXW,Air,Pre-PQ Process,05-04-09,01-Sep-09,01-Sep-09,01-Sep-09,HRDT,HIV test,"Orgenics, Ltd","HIV 1/2, Clearview Complete Kit, 25 Tests","HIV 1/2, Clearview Complete Kit",Clearview,,Test kit,25,33,2475.00,75,3,Chembio Diagnostics Sys. Inc.,TRUE,25,$238.56 ,4.85
"10,464",119-NA-T01,Pre-PQ Process,SCMS-46050,ASN-4658,Namibia,PMO - US,Direct Drop,EXW,Air,Pre-PQ Process,5/18/2009,08-Sep-09,08-Sep-09,08-Sep-09,HRDT,HIV test,"Orgenics, Ltd","HIV 1/2, Clearview Complete Kit, 25 Tests","HIV 1/2, Clearview Complete Kit",Clearview,,Test kit,25,950,71250.00,75,3,Chembio Diagnostics Sys. Inc.,TRUE,760,"$5,213.02 ",139.65
"10,472",100-BW-T01,Pre-PQ Process,SCMS-46460,ASN-4185,Botswana,PMO - US,Direct Drop,EXW,Air,Pre-PQ Process,5/26/2009,10-Jul-09,10-Jul-09,10-Jul-09,HRDT,HIV test,"Trinity Biotech, Plc","HIV 1/2, Uni-Gold HIV Kit, 20 Tests","HIV 1/2, Uni-Gold HIV Kit",Uni-Gold,,Test kit,20,138,4416.00,32,1.6,"Trinity Biotech, Plc",TRUE,56,"$1,060.43 ",8.66
"22,281",116-ZA-T30,FPQ-14942,SCMS-259079,ASN-33852,South Africa,PMO - US,Direct Drop,DDP,Truck,09-11-14,10-09-14,24-Aug-15,24-Aug-15,24-Aug-15,ARV,Pediatric,PHARMACY DIRECT,"Lamivudine 10mg/ml, oral solution, Bottle, 240 ml",Lamivudine,Generic,10mg/ml,Oral solution,240,17,91.92,5.41,0.02,"Aurobindo Unit III, India",FALSE,Weight Captured Separately,Freight Included in Commodity Cost,0.09
"10,477",119-NA-T01,Pre-PQ Process,SCMS-46810,ASN-4412,Namibia,PMO - US,Direct Drop,EXW,Air,Pre-PQ Process,06-01-09,29-Jul-09,29-Jul-09,29-Jul-09,HRDT,HIV test,"Orgenics, Ltd","HIV 1/2, Determine Complete HIV Kit, 100 Tests","HIV 1/2, Determine Complete HIV Kit",Determine,,Test kit,100,150,10800.00,72,0.72,Inverness Japan,TRUE,47,"$2,681.23 ",21.17
"22,312",106-HT-T30,FPQ-12590,SCMS-210500,ASN-24629,Haiti,PMO - US,Direct Drop,CIP,Air,8/21/2013,10/23/2013,24-Feb-14,24-Feb-14,25-Feb-14,ARV,Adult,ETHNOR DEL ISTMO S.A.,"Darunavir 300mg [Prezista], tablets, 120 Tabs",Darunavir,Prezista,300mg,Tablet,120,22,1465.20,66.6,0.55,"Janssen Ortho LLC, Puerto Rico",TRUE,Weight Captured Separately,Freight Included in Commodity Cost,1.81
"22,323",116-ZA-T30,FPQ-13973,SCMS-238553,ASN-28021,South Africa,PMO - US,Direct Drop,DDP,Truck,4/30/2014,8/28/2014,28-Aug-14,28-Aug-14,28-Aug-14,ARV,Adult,PHARMACY DIRECT,"Tenofovir Disoproxil Fumarate 300mg, tablets, 30 Tabs",Tenofovir Disoproxil Fumarate,Generic,300mg,Tablet,30,112,2141.49,19.12,0.64,Mylan (formerly Matrix) Nashik,FALSE,Weight Captured Separately,Freight Included in Commodity Cost,2.2
"22,516",116-ZA-T30,FPQ-12522,SCMS-199283,ASN-27978,South Africa,PMO - US,Direct Drop,DDP,Truck,07-11-13,8/27/2014,27-Aug-14,27-Aug-14,27-Aug-14,ARV,Pediatric,S. BUYS WHOLESALER,"Lamivudine 10mg/ml, oral solution w/syringe, Bottle, 240 ml",Lamivudine,Generic,10mg/ml,Oral solution,240,13,103.95,8,0.03,"Aurobindo Unit III, India",FALSE,Weight Captured Separately,Freight Included in Commodity Cost,0.13
"22,752",116-ZA-T30,FPQ-12522,SCMS-199289,ASN-28037,South Africa,PMO - US,Direct Drop,DDP,Truck,07-11-13,8/29/2014,29-Aug-14,29-Aug-14,29-Aug-14,ARV,Adult,S. BUYS WHOLESALER,"Tenofovir Disoproxil Fumarate 300mg, tablets, 30 Tabs",Tenofovir Disoproxil Fumarate,Generic,300mg,Tablet,30,235,4891.53,20.82,0.69,Hetero Unit III Hyderabad IN,FALSE,Weight Captured Separately,Freight Included in Commodity Cost,6.05
"10,503",110-ZM-T01,Pre-PQ Process,SCMS-54620,ASN-5365,Zambia,PMO - US,Direct Drop,EXW,Air,Pre-PQ Process,10-05-09,11-Nov-09,11-Nov-09,11-Nov-09,HRDT,HIV test,"Orgenics, Ltd","HIV 1/2, Determine Complete HIV Kit, 100 Tests","HIV 1/2, Determine Complete HIV Kit",Determine,,Test kit,100,"2,500",180000.00,72,0.72,Inverness Japan,TRUE,740,"$7,513.71 ",388.08
"10,504",119-NA-T01,Pre-PQ Process,SCMS-47150,ASN-4310,Namibia,PMO - US,Direct Drop,EXW,Air,Pre-PQ Process,06-04-09,29-Jun-09,29-Jun-09,29-Jun-09,HRDT,HIV test,"Trinity Biotech, Plc","HIV 1/2, Uni-Gold HIV Kit, 20 Tests","HIV 1/2, Uni-Gold HIV Kit",Uni-Gold,,Test kit,20,120,3840.00,32,1.6,"Trinity Biotech, Plc",TRUE,41,"$1,862.27 ",7.53
"10,534",110-ZM-T01,Pre-PQ Process,SO-220,DN-4,Zambia,PMO - US,From RDC,N/A - From RDC,,Pre-PQ Process,N/A - From RDC,02-Feb-07,02-Feb-07,02-Feb-07,ARV,Adult,SCMS from RDC,"Nelfinavir (as mesilate) 250mg [Viracept], tablets, 270 Tabs",Nelfinavir (as mesilate),Viracept,250mg,Tablet,270,228,17948.16,78.72,0.29,Roche Madrid,TRUE,60,"$1,218.91 ",
"10,535",111-MZ-T01,Pre-PQ Process,SO-321,DN-13,Mozambique,PMO - US,From RDC,N/A - From RDC,Air,Pre-PQ Process,N/A - From RDC,08-Jan-07,08-Jan-07,08-Jan-07,ARV,Adult,SCMS from RDC,"Nelfinavir (as mesilate) 250mg [Viracept], tablets, 270 Tabs",Nelfinavir (as mesilate),Viracept,250mg,Tablet,270,764,60814.40,79.6,0.29,Roche Madrid,TRUE,1669,$859.14 ,
"22,869",116-ZA-T30,FPQ-14942,SCMS-259078,ASN-33473,South Africa,PMO - US,Direct Drop,DDP,Truck,09-11-14,10-09-14,24-Jul-15,24-Jul-15,24-Jul-15,ARV,Adult,PHARMACY DIRECT,"Etravirine 100mg [Intelence], tablets, 120 Tabs",Etravirine,Intelence,100mg,Tablet,120,27,742.84,27.51,0.23,"Janssen-Cilag, Latina, IT",FALSE,Weight Captured Separately,Freight Included in Commodity Cost,0.76
"10,537",111-MZ-T01,Pre-PQ Process,SO-322,DN-14,Mozambique,PMO - US,From RDC,N/A - From RDC,Air,Pre-PQ Process,N/A - From RDC,09-Jan-07,09-Jan-07,09-Jan-07,ARV,Adult,SCMS from RDC,"Efavirenz 600mg, tablets, 30 Tabs",Efavirenz,Generic,600mg,Tablet,30,"10,403",174250.25,16.75,0.56,"Aurobindo Unit III, India",TRUE,1717,"$1,893.82 ",
"10,539",112-NG-T01,Pre-PQ Process,SO-328,DN-22,Nigeria,PMO - US,From RDC,N/A - From RDC,,Pre-PQ Process,N/A - From RDC,22-Feb-07,22-Feb-07,22-Feb-07,ARV,Adult,SCMS from RDC,"Lamivudine/Zidovudine+Nevirapine 150/300+200mg, tablets, co-blister, 60+60 Tabs",Lamivudine/Zidovudine+Nevirapine,Generic,150/300+200mg,Tablet - FDC + co-blister,120,"5,151",105595.50,20.5,0.17,"Aspen-OSD, Port Elizabeth, SA",TRUE,667,"$2,921 ",
"10,540",100-CI-T01,Pre-PQ Process,SO-283,DN-16,Côte d'Ivoire,PMO - US,From RDC,N/A - From RDC,,Pre-PQ Process,N/A - From RDC,22-Feb-07,22-Feb-07,22-Feb-07,ARV,Adult,SCMS from RDC,"Lamivudine/Zidovudine 150/300mg, tablets, 60 Tabs",Lamivudine/Zidovudine,Generic,150/300mg,Tablet - FDC,60,"2,230",22857.50,10.25,0.17,"Aurobindo Unit III, India",TRUE,909,"$2,804 ",
"10,541",111-MZ-T01,Pre-PQ Process,SO-324,DN-17,Mozambique,PMO - US,From RDC,N/A - From RDC,Air,Pre-PQ Process,N/A - From RDC,09-Jan-07,09-Jan-07,09-Jan-07,ARV,Adult,SCMS from RDC,"Tenofovir Disoproxil Fumarate 300mg [Viread], tablets, 30 Tabs",Tenofovir Disoproxil Fumarate,Viread,300mg,Tablet,30,747,12699.00,17,0.57,Gilead(Nycomed) Oranienburg DE,TRUE,84,"$1,338.04 ",
"10,542",113-ZW-T01,Pre-PQ Process,SO-253,DN-5,Zimbabwe,PMO - US,From RDC,N/A - From RDC,,Pre-PQ Process,N/A - From RDC,06-Feb-07,06-Feb-07,06-Feb-07,ARV,Adult,SCMS from RDC,"Efavirenz 600mg, tablets, 30 Tabs",Efavirenz,Generic,600mg,Tablet,30,"1,050",17062.50,16.25,0.54,"Aurobindo Unit III, India",TRUE,90,"$1,428.67 ",
"10,544",112-NG-T01,Pre-PQ Process,SO-339,DN-27,Nigeria,PMO - US,From RDC,N/A - From RDC,,Pre-PQ Process,N/A - From RDC,22-Feb-07,22-Feb-07,22-Feb-07,ARV,Pediatric,SCMS from RDC,"Lamivudine 10mg/ml, oral solution, Bottle, 240 ml",Lamivudine,Generic,10mg/ml,Oral solution,240,"1,200",2640.00,2.2,0.01,"Aurobindo Unit III, India",TRUE,1178,"$4,535 ",
"22,964",116-ZA-T30,FPQ-12522,SCMS-199289,ASN-28036,South Africa,PMO - US,Direct Drop,DDP,Truck,07-11-13,8/29/2014,29-Aug-14,29-Aug-14,29-Aug-14,ARV,Adult,S. BUYS WHOLESALER,"Lamivudine/Zidovudine 150/300mg, tablets, 60 Tabs",Lamivudine/Zidovudine,Generic,150/300mg,Tablet - FDC,60,292,9562.36,32.75,0.55,Hetero Unit III Hyderabad IN,FALSE,Weight Captured Separately,Freight Included in Commodity Cost,11.83
"10,546",112-NG-T01,Pre-PQ Process,SO-341,DN-93,Nigeria,PMO - US,From RDC,N/A - From RDC,,Pre-PQ Process,N/A - From RDC,17-Apr-07,17-Apr-07,17-Apr-07,ARV,Pediatric,SCMS from RDC,"Nevirapine 10mg/ml, oral suspension, Bottle, 240 ml",Nevirapine,Generic,10mg/ml,Oral suspension,240,"1,216",4256.00,3.5,0.01,"Aurobindo Unit III, India",TRUE,840,"$3,736 ",
"10,547",110-ZM-T01,Pre-PQ Process,SO-210,DN-114,Zambia,PMO - US,From RDC,N/A - From RDC,,Pre-PQ Process,N/A - From RDC,16-May-07,16-May-07,16-May-07,ARV,Adult,SCMS from RDC,"Emtricitabine/Tenofovir Disoproxil Fumarate 200/300mg [Truvada], tablets, 30 Tabs",Emtricitabine/Tenofovir Disoproxil Fumarate,Truvada,300/200mg,Tablet - FDC,30,"14,851",389838.75,26.25,0.88,Gilead(Nycomed) Oranienburg DE,TRUE,899,"$5,245.98 ",
"10,548",112-NG-T01,Pre-PQ Process,SO-343,DN-118,Nigeria,PMO - US,From RDC,N/A - From RDC,,Pre-PQ Process,N/A - From RDC,08-May-07,08-May-07,08-May-07,ARV,Adult,SCMS from RDC,"Lamivudine/Zidovudine+Nevirapine 150/300+200mg, tablets, co-blister, 60+60 Tabs",Lamivudine/Zidovudine+Nevirapine,Generic,150/300+200mg,Tablet - FDC + co-blister,120,"5,661",116050.50,20.5,0.17,"Aspen-OSD, Port Elizabeth, SA",TRUE,725,"$4,104.50 ",
"10,549",111-MZ-T01,Pre-PQ Process,SO-293,DN-44,Mozambique,PMO - US,From RDC,N/A - From RDC,Air,Pre-PQ Process,N/A - From RDC,17-Apr-07,17-Apr-07,17-Apr-07,ARV,Adult,SCMS from RDC,"Saquinavir 200mg [Invirase], capsules, 270 Caps",Saquinavir,Invirase,200mg,Capsule,270,470,35856.30,76.29,0.28,Roche Basel,TRUE,Weight Captured Separately,"$7,364.30 ",
"10,550",100-CI-T01,Pre-PQ Process,SO-284,DN-46,Côte d'Ivoire,PMO - US,From RDC,N/A - From RDC,,Pre-PQ Process,N/A - From RDC,04-May-07,04-May-07,04-May-07,ARV,Adult,SCMS from RDC,"Lamivudine/Zidovudine 150/300mg, tablets, 60 Tabs",Lamivudine/Zidovudine,Generic,150/300mg,Tablet - FDC,60,"1,778",18224.50,10.25,0.17,"Aurobindo Unit III, India",TRUE,716,"$2,601 ",
"10,551",100-CI-T01,Pre-PQ Process,SO-436,DN-73,Côte d'Ivoire,PMO - US,From RDC,N/A - From RDC,,Pre-PQ Process,N/A - From RDC,30-Apr-07,30-Apr-07,30-Apr-07,ARV,Adult,SCMS from RDC,"Lamivudine/Nevirapine/Stavudine 150/200/30mg, tablets, 60 Tabs",Lamivudine/Nevirapine/Stavudine,Generic,150/200/30mg,Tablet - FDC,60,"9,000",67500.00,7.5,0.12,"Cipla, Goa, India",TRUE,974,"$3,166 ",
"10,553",110-ZM-T01,Pre-PQ Process,SO-537,DN-143,Zambia,PMO - US,From RDC,N/A - From RDC,,Pre-PQ Process,N/A - From RDC,21-May-07,21-May-07,21-May-07,HRDT,HIV test,SCMS from RDC,"HIV 1/2, Uni-Gold HIV Kit, 20 Tests","HIV 1/2, Uni-Gold HIV Kit",Uni-Gold,,Test kit,20,"5,212",166784.00,32,1.6,"Trinity Biotech, Plc",TRUE,1780,"$13,736.03 ",
"10,562",110-ZM-T01,Pre-PQ Process,SO-498,DN-182,Zambia,PMO - US,From RDC,N/A - From RDC,,Pre-PQ Process,N/A - From RDC,14-Jun-07,14-Jun-07,14-Jun-07,ARV,Adult,SCMS from RDC,"Abacavir 300mg, tablets, 60 Tabs",Abacavir,Generic,300mg,Tablet,60,"8,905",318799.00,35.8,0.6,"Aurobindo Unit III, India",TRUE,3139,"$13,094.69 ",
"10,563",110-ZM-T01,Pre-PQ Process,SO-624,DN-203,Zambia,PMO - US,From RDC,N/A - From RDC,,Pre-PQ Process,N/A - From RDC,27-Jul-07,27-Jul-07,27-Jul-07,ARV,Adult,SCMS from RDC,"Lopinavir/Ritonavir 200/50mg [Aluvia], tablets, 120 Tabs",Lopinavir/Ritonavir,Aluvia,200/50mg,Tablet,120,"5,019",206280.90,41.1,0.34,ABBVIE Ludwigshafen Germany,TRUE,1092,"$4,761.51 ",330.05
"10,564",111-MZ-T01,Pre-PQ Process,SO-576,DN-148,Mozambique,PMO - US,From RDC,N/A - From RDC,Air,Pre-PQ Process,N/A - From RDC,13-Jun-07,13-Jun-07,13-Jun-07,ARV,Adult,SCMS from RDC,"Indinavir 400mg [Crixivan], capsules, 180 Caps",Indinavir,Crixivan,400mg,Capsule,180,564,27816.48,49.32,0.27,MSD Elkton USA,TRUE,3946,"$8,892.48 ",
"23,096",116-ZA-T30,FPQ-14942,SCMS-259079,ASN-33855,South Africa,PMO - US,Direct Drop,DDP,Truck,09-11-14,10-09-14,24-Aug-15,24-Aug-15,24-Aug-15,ARV,Adult,PHARMACY DIRECT,"Raltegravir 400mg [Isentress], tablets, 60 Tabs",Raltegravir,Isentress,400mg,Tablet,60,1,65.75,65.75,1.1,"MSD, Haarlem, NL",TRUE,Weight Captured Separately,Freight Included in Commodity Cost,0.07
"10,566",112-NG-T01,Pre-PQ Process,SO-557,DN-172,Nigeria,PMO - US,From RDC,N/A - From RDC,,Pre-PQ Process,N/A - From RDC,26-Jun-07,26-Jun-07,26-Jun-07,ARV,Adult,SCMS from RDC,"Lamivudine 150mg, tablets, 60 Tabs",Lamivudine,Generic,150mg,Tablet,60,880,2912.80,3.31,0.06,"Ranbaxy, Paonta Shahib, India",TRUE,226,"$1,732 ",
"10,567",104-CI-T01,Pre-PQ Process,SO-556,DN-159,Côte d'Ivoire,PMO - US,From RDC,N/A - From RDC,,Pre-PQ Process,N/A - From RDC,04-Jun-07,04-Jun-07,04-Jun-07,ARV,Adult,SCMS from RDC,"Stavudine 15mg, capsules, 60 Caps",Stavudine,Generic,15mg,Capsule,60,875,1881.25,2.15,0.04,"Aurobindo Unit III, India",TRUE,58,$727 ,
"10,570",112-NG-T01,Pre-PQ Process,SO-663,DN-190,Nigeria,PMO - US,From RDC,N/A - From RDC,,Pre-PQ Process,N/A - From RDC,26-Jun-07,26-Jun-07,26-Jun-07,ARV,Adult,SCMS from RDC,"Stavudine 40mg, capsules, 60 Caps",Stavudine,Generic,40mg,Capsule,60,300,537.00,1.79,0.03,"Aurobindo Unit III, India",TRUE,54,"$1,283.24 ",0.86
"10,571",113-ZW-T01,Pre-PQ Process,SO-278,DN-141,Zimbabwe,PMO - US,From RDC,N/A - From RDC,,Pre-PQ Process,N/A - From RDC,20-May-07,20-May-07,20-May-07,ARV,Adult,SCMS from RDC,"Efavirenz 600mg, tablets, 30 Tabs",Efavirenz,Generic,600mg,Tablet,30,"6,000",97500.00,16.25,0.54,"Aurobindo Unit III, India",TRUE,553,"$1,956.93 ",
"10,572",104-CI-T01,Pre-PQ Process,SO-618,DN-164,Côte d'Ivoire,PMO - US,From RDC,N/A - From RDC,,Pre-PQ Process,N/A - From RDC,08-Jun-07,08-Jun-07,08-Jun-07,ARV,Adult,SCMS from RDC,"Zidovudine 300mg, tablets, 60 Tabs",Zidovudine,Generic,300mg,Tablet,60,"1,926",16409.52,8.52,0.14,"Ranbaxy, Paonta Shahib, India",TRUE,105,$977.55 ,
"10,573",104-CI-T01,Pre-PQ Process,SO-603,DN-196,Côte d'Ivoire,PMO - US,From RDC,N/A - From RDC,,Pre-PQ Process,N/A - From RDC,28-Jun-07,28-Jun-07,28-Jun-07,ARV,Adult,SCMS from RDC,"Lamivudine/Nevirapine/Stavudine 150/200/30mg, tablets, 60 Tabs",Lamivudine/Nevirapine/Stavudine,Generic,150/200/30mg,Tablet - FDC,60,"40,411",303082.50,7.5,0.12,"Cipla, Goa, India",TRUE,7185,"$17,587 ",484.93
"10,645",104-CI-T01,Pre-PQ Process,SO-1408,DN-478,Côte d'Ivoire,PMO - US,From RDC,N/A - From RDC,Air,Pre-PQ Process,N/A - From RDC,10-Dec-07,10-Dec-07,10-Dec-07,ARV,Adult,SCMS from RDC,"Nevirapine 200mg, tablets, 60 Tabs",Nevirapine,Generic,200mg,Tablet,60,"8,000",27200.00,3.4,0.06,"Strides, Bangalore, India.",TRUE,1013,"$3,646 ",43.52
"10,576",104-CI-T01,Pre-PQ Process,SO-781,DN-245,Côte d'Ivoire,PMO - US,From RDC,N/A - From RDC,,Pre-PQ Process,N/A - From RDC,31-Jul-07,31-Jul-07,31-Jul-07,HRDT,HIV test,SCMS from RDC,"HIV 1/2, Determine Complete HIV Kit, 100 Tests","HIV 1/2, Determine Complete HIV Kit",Determine,,Test kit,100,2,160.00,80,0.8,ABBVIE GmbH & Co.KG Wiesbaden,TRUE,1,"$9,789.07 ",0.26
"10,577",105-GY-T01,Pre-PQ Process,SO-694,DN-280,Guyana,PMO - US,From RDC,N/A - From RDC,Air,Pre-PQ Process,N/A - From RDC,09-Aug-07,09-Aug-07,09-Aug-07,ARV,Adult,SCMS from RDC,"Zidovudine 300mg, tablets, 60 Tabs",Zidovudine,Generic,300mg,Tablet,60,564,4596.60,8.15,0.14,"Aurobindo Unit III, India",TRUE,34,"$1,920 ",7.35
"10,578",100-ZW-T01,Pre-PQ Process,SO-702,DN-212,Zimbabwe,PMO - US,From RDC,N/A - From RDC,Truck,Pre-PQ Process,N/A - From RDC,04-Jul-07,04-Jul-07,04-Jul-07,ARV,Adult,SCMS from RDC,"Lamivudine/Nevirapine/Stavudine 150/200/30mg, tablets, 60 Tabs",Lamivudine/Nevirapine/Stavudine,Generic,150/200/30mg,Tablet - FDC,60,"8,694",64335.60,7.4,0.12,"Cipla, Goa, India",TRUE,819,"$3,135 ",102.94
"10,579",109-TZ-T01,Pre-PQ Process,SO-749,DN-257,Tanzania,PMO - US,From RDC,N/A - From RDC,Air,Pre-PQ Process,N/A - From RDC,14-Aug-07,14-Aug-07,14-Aug-07,HRDT,HIV test,SCMS from RDC,"HIV 1/2, Determine Complete HIV Kit, 100 Tests","HIV 1/2, Determine Complete HIV Kit",Determine,,Test kit,100,302,24160.00,80,0.8,ABBVIE GmbH & Co.KG Wiesbaden,TRUE,98,"$1,266.39 ",38.66
"10,580",104-CI-T01,Pre-PQ Process,SO-816,DN-265,Côte d'Ivoire,PMO - US,From RDC,N/A - From RDC,Air,Pre-PQ Process,N/A - From RDC,17-Aug-07,17-Aug-07,17-Aug-07,ARV,Adult,SCMS from RDC,"Lamivudine 150mg, tablets, 60 Tabs",Lamivudine,Generic,150mg,Tablet,60,"3,145",9560.80,3.04,0.05,"Aurobindo Unit III, India",TRUE,206,"$2,731.58 ",15.3
"10,585",104-CI-T01,Pre-PQ Process,SO-590,DN-220,Côte d'Ivoire,PMO - US,From RDC,N/A - From RDC,,Pre-PQ Process,N/A - From RDC,18-Jul-07,18-Jul-07,18-Jul-07,ARV,Pediatric,SCMS from RDC,"Efavirenz 50mg [Stocrin/Sustiva], capsule, 30 Caps",Efavirenz,Stocrin/Sustiva,50mg,Capsule,30,"5,000",17350.00,3.47,0.12,"MSD, Haarlem, NL",TRUE,263,"$1,699 ",27.76
"10,587",119-NA-T01,Pre-PQ Process,SO-884,DN-322,Namibia,PMO - US,From RDC,N/A - From RDC,,Pre-PQ Process,N/A - From RDC,07-Sep-07,07-Sep-07,07-Sep-07,HRDT,HIV test,SCMS from RDC,"HIV 1/2, Uni-Gold HIV Kit, 20 Tests","HIV 1/2, Uni-Gold HIV Kit",Uni-Gold,,Test kit,20,300,9600.00,32,1.6,"Trinity Biotech, Plc",TRUE,172,$688.84 ,15.36
"10,588",104-CI-T01,Pre-PQ Process,SO-963,DN-323,Côte d'Ivoire,PMO - US,From RDC,N/A - From RDC,,Pre-PQ Process,N/A - From RDC,14-Sep-07,14-Sep-07,14-Sep-07,ARV,Adult,SCMS from RDC,"Indinavir 400mg [Crixivan], capsules, 180 Caps",Indinavir,Crixivan,400mg,Capsule,180,"1,076",53800.00,50,0.28,MSD Elkton USA,TRUE,1286,"$7,629.94 ",86.08
"10,589",111-MZ-T01,Pre-PQ Process,SO-298,DN-304,Mozambique,PMO - US,From RDC,N/A - From RDC,Air,Pre-PQ Process,N/A - From RDC,21-Sep-07,21-Sep-07,21-Sep-07,ARV,Pediatric,SCMS from RDC,"Abacavir 20mg/ml, oral solution, Bottle, 240 ml",Abacavir,Generic,20mg/ml,Oral solution,240,338,7114.90,21.05,0.09,"Aurobindo Unit III, India",TRUE,9006,"$9,869.55 ",11.38
"10,590",100-ZW-T01,Pre-PQ Process,SO-897,DN-299,Zimbabwe,PMO - US,From RDC,N/A - From RDC,Truck,Pre-PQ Process,N/A - From RDC,17-Aug-07,17-Aug-07,17-Aug-07,ARV,Adult,SCMS from RDC,"Zidovudine 300mg, tablets, 60 Tabs",Zidovudine,Generic,300mg,Tablet,60,"1,200",9780.00,8.15,0.14,"Aurobindo Unit III, India",TRUE,70,"$1,949.84 ",15.65
"10,593",104-CI-T01,Pre-PQ Process,SO-959,DN-320,Côte d'Ivoire,PMO - US,From RDC,N/A - From RDC,,Pre-PQ Process,N/A - From RDC,30-Aug-07,30-Aug-07,30-Aug-07,ARV,Adult,SCMS from RDC,"Stavudine 30mg, capsules, 60 Caps",Stavudine,Generic,30mg,Capsule,60,"1,796",2729.92,1.52,0.03,"Strides, Bangalore, India.",TRUE,5880,"$14,656 ",4.37
"10,596",100-ZW-T01,Pre-PQ Process,SO-719,DN-338,Zimbabwe,PMO - US,From RDC,N/A - From RDC,Truck,Pre-PQ Process,N/A - From RDC,26-Sep-07,26-Sep-07,26-Sep-07,ARV,Adult,SCMS from RDC,"Lamivudine/Nevirapine/Stavudine 150/200/30mg, tablets, 60 Tabs",Lamivudine/Nevirapine/Stavudine,Generic,150/200/30mg,Tablet - FDC,60,"53,546",396240.40,7.4,0.12,"Cipla, Goa, India",TRUE,5467,"$18,941.31 ",633.98
"10,597",100-ZW-T01,Pre-PQ Process,SO-1074,DN-354,Zimbabwe,PMO - US,From RDC,N/A - From RDC,Truck,Pre-PQ Process,N/A - From RDC,18-Sep-07,18-Sep-07,18-Sep-07,ARV,Adult,SCMS from RDC,"Lamivudine/Stavudine 150/30mg, tablets, 30 Tabs",Lamivudine/Stavudine,Generic,150/30mg,Tablet - FDC,30,537,1074.00,2,0.07,"Cipla, Goa, India",TRUE,143,"$2,099 ",1.72
"10,600",114-UG-T01,Pre-PQ Process,SO-1080,DN-362,Uganda,PMO - US,From RDC,N/A - From RDC,Air,Pre-PQ Process,N/A - From RDC,05-Nov-07,05-Nov-07,05-Nov-07,ARV,Adult,SCMS from RDC,"Lamivudine/Nevirapine/Stavudine 150/200/30mg, tablets, 60 Tabs",Lamivudine/Nevirapine/Stavudine,Generic,150/200/30mg,Tablet - FDC,60,"1,953",14452.20,7.4,0.12,"Cipla, Goa, India",TRUE,283,"$1,673 ",23.12
"10,610",104-CI-T01,Pre-PQ Process,SO-997,DN-324,Côte d'Ivoire,PMO - US,From RDC,N/A - From RDC,,Pre-PQ Process,N/A - From RDC,31-Aug-07,31-Aug-07,31-Aug-07,ARV,Adult,SCMS from RDC,"Ritonavir 100mg [Norvir], capsules, cool, 4 x 84 Caps",Ritonavir,Norvir,100mg,Capsule,336,245,9398.20,38.36,0.11,ABBVIE (Abbott) France,TRUE,1468,"$4,602.40 ",15.04
"10,612",104-CI-T01,Pre-PQ Process,SO-843,DN-330,Côte d'Ivoire,PMO - US,From RDC,N/A - From RDC,,Pre-PQ Process,N/A - From RDC,04-Sep-07,04-Sep-07,04-Sep-07,ARV,Adult,SCMS from RDC,"Efavirenz 600mg, tablets, 30 Tabs",Efavirenz,Generic,600mg,Tablet,30,"24,265",394548.90,16.26,0.54,"Strides, Bangalore, India.",TRUE,2518,"$6,667 ",631.28
"10,613",117-ET-T01,Pre-PQ Process,SO-914,DN-332,Ethiopia,PMO - US,From RDC,N/A - From RDC,,Pre-PQ Process,N/A - From RDC,04-Sep-07,04-Sep-07,04-Sep-07,ARV,Pediatric,SCMS from RDC,"Zidovudine 10mg/ml, oral solution, Bottle, 240 ml",Zidovudine,Generic,10mg/ml,Oral solution,240,"13,850",29777.50,2.15,0.01,"Aurobindo Unit III, India",TRUE,35216,"$88,801 ",47.64
"10,614",104-CI-T01,Pre-PQ Process,SO-923,DN-336,Côte d'Ivoire,PMO - US,From RDC,N/A - From RDC,,Pre-PQ Process,N/A - From RDC,21-Sep-07,21-Sep-07,21-Sep-07,ARV,Adult,SCMS from RDC,"Lamivudine/Zidovudine 150/300mg, tablets, 60 Tabs",Lamivudine/Zidovudine,Generic,150/300mg,Tablet - FDC,60,"11,803",126056.04,10.68,0.18,"Aurobindo Unit III, India",TRUE,1148,"$2,762 ",201.69
"10,616",110-ZM-T01,Pre-PQ Process,SO-804,DN-328,Zambia,PMO - US,From RDC,N/A - From RDC,,Pre-PQ Process,N/A - From RDC,31-Aug-07,31-Aug-07,31-Aug-07,ARV,Adult,SCMS from RDC,"Lopinavir/Ritonavir 200/50mg [Aluvia], tablets, 120 Tabs",Lopinavir/Ritonavir,Aluvia,200/50mg,Tablet,120,"3,769",154905.90,41.1,0.34,ABBVIE Ludwigshafen Germany,TRUE,821,"$4,068.44 ",247.85
"10,647",100-ZW-T01,Pre-PQ Process,SO-708,DN-479,Zimbabwe,PMO - US,From RDC,N/A - From RDC,Air,Pre-PQ Process,N/A - From RDC,05-Feb-08,05-Feb-08,05-Feb-08,ARV,Adult,SCMS from RDC,"Efavirenz 600mg, tablets, 30 Tabs",Efavirenz,Generic,600mg,Tablet,30,"1,860",23101.20,12.42,0.41,"Cipla, Goa, India",TRUE,2425,"$13,356.65 ",36.96
"10,622",110-ZM-T01,Pre-PQ Process,SO-535,DN-380,Zambia,PMO - US,From RDC,N/A - From RDC,,Pre-PQ Process,N/A - From RDC,17-Oct-07,17-Oct-07,17-Oct-07,HRDT,HIV test,SCMS from RDC,"HIV 1/2, Determine Complete HIV Kit, 100 Tests","HIV 1/2, Determine Complete HIV Kit",Determine,,Test kit,100,"1,128",90240.00,80,0.8,ABBVIE GmbH & Co.KG Wiesbaden,TRUE,629,"$2,938.27 ",144.38
"10,623",112-NG-T01,Pre-PQ Process,SO-565,DN-373,Nigeria,PMO - US,From RDC,N/A - From RDC,Air,Pre-PQ Process,N/A - From RDC,20-Sep-07,20-Sep-07,20-Sep-07,ARV,Adult,SCMS from RDC,"Lamivudine/Zidovudine+Nevirapine 150/300+200mg, tablets, co-blister, 60+60 Tabs",Lamivudine/Zidovudine+Nevirapine,Generic,150/300+200mg,Tablet - FDC + co-blister,120,"9,980",204590.00,20.5,0.17,"Aspen-OSD, Port Elizabeth, SA",TRUE,2846,"$13,873 ",327.34
"23,120",116-ZA-T30,FPQ-14942,SCMS-259079,ASN-33852,South Africa,PMO - US,Direct Drop,DDP,Truck,09-11-14,10-09-14,24-Aug-15,24-Aug-15,24-Aug-15,ARV,Adult,PHARMACY DIRECT,"Tenofovir Disoproxil Fumarate 300mg, tablets, 30 Tabs",Tenofovir Disoproxil Fumarate,Generic,300mg,Tablet,30,36,534.69,14.85,0.5,Mylan (formerly Matrix) Nashik,FALSE,Weight Captured Separately,Freight Included in Commodity Cost,0.55
"23,223",116-ZA-T30,FPQ-12523,SCMS-199315,ASN-27210,South Africa,PMO - US,Direct Drop,DDP,Truck,07-12-13,07-11-14,11-Jul-14,11-Jul-14,11-Jul-14,ARV,Pediatric,S. BUYS WHOLESALER,"Atazanavir 150mg [Reyataz], capsules, 60 Caps",Atazanavir,Reyataz,150mg,Capsule,60,2,51.37,25.68,0.43,"BMS Evansville, US",TRUE,Weight Captured Separately,Freight Included in Commodity Cost,0.06
"23,267",116-ZA-T30,FPQ-12522,SCMS-199289,ASN-28037,South Africa,PMO - US,Direct Drop,DDP,Truck,07-11-13,8/29/2014,29-Aug-14,29-Aug-14,29-Aug-14,ARV,Pediatric,S. BUYS WHOLESALER,"Efavirenz 50mg, capsule, 30 Caps",Efavirenz,Generic,50mg,Capsule,30,92,305.10,3.32,0.11,"Aurobindo Unit III, India",FALSE,Weight Captured Separately,Freight Included in Commodity Cost,0.38
"10,628",104-CI-T01,Pre-PQ Process,SO-845,DN-376,Côte d'Ivoire,PMO - US,From RDC,N/A - From RDC,Air,Pre-PQ Process,N/A - From RDC,02-Oct-07,02-Oct-07,02-Oct-07,HRDT,HIV test,SCMS from RDC,"HIV 1/2, Determine Complete HIV Kit, 100 Tests","HIV 1/2, Determine Complete HIV Kit",Determine,,Test kit,100,"1,150",82800.00,72,0.72,Inverness Japan,TRUE,476,"$2,172 ",132.48
"10,630",110-ZM-T01,Pre-PQ Process,SO-1121,DN-418,Zambia,PMO - US,From RDC,N/A - From RDC,Air,Pre-PQ Process,N/A - From RDC,13-Nov-07,13-Nov-07,13-Nov-07,ARV,Adult,SCMS from RDC,"Emtricitabine/Tenofovir Disoproxil Fumarate 200/300mg [Truvada], tablets, 30 Tabs",Emtricitabine/Tenofovir Disoproxil Fumarate,Truvada,300/200mg,Tablet - FDC,30,"3,360",88200.00,26.25,0.88,Gilead(Nycomed) Oranienburg DE,TRUE,281,"$1,532.41 ",141.12
"10,631",112-NG-T01,Pre-PQ Process,SO-1225,DN-411,Nigeria,PMO - US,From RDC,N/A - From RDC,Air,Pre-PQ Process,N/A - From RDC,01-Nov-07,01-Nov-07,01-Nov-07,ARV,Adult,SCMS from RDC,"Stavudine 30mg, capsules, 60 Caps",Stavudine,Generic,30mg,Capsule,60,"1,500",2280.00,1.52,0.03,"Aurobindo Unit III, India",TRUE,178,"$1,621 ",3.65
"10,632",110-ZM-T01,Pre-PQ Process,SO-1122,DN-417,Zambia,PMO - US,From RDC,N/A - From RDC,Air,Pre-PQ Process,N/A - From RDC,02-Nov-07,02-Nov-07,02-Nov-07,ARV,Adult,SCMS from RDC,"Lamivudine/Zidovudine 150/300mg, tablets, 60 Tabs",Lamivudine/Zidovudine,Generic,150/300mg,Tablet - FDC,60,"40,245",382327.50,9.5,0.16,"Cipla, Goa, India",TRUE,3254,"$13,267.30 ",611.72
"10,633",111-MZ-T01,Pre-PQ Process,SO-1038,DN-426,Mozambique,PMO - US,From RDC,N/A - From RDC,Air,Pre-PQ Process,N/A - From RDC,29-Nov-07,29-Nov-07,29-Nov-07,ARV,Adult,SCMS from RDC,"Lamivudine/Zidovudine 150/300mg, tablets, 60 Tabs",Lamivudine/Zidovudine,Generic,150/300mg,Tablet - FDC,60,"10,044",95418.00,9.5,0.16,"Cipla, Goa, India",TRUE,7341,"$10,879.28 ",152.67
"10,634",112-NG-T01,Pre-PQ Process,SO-1109,DN-422,Nigeria,PMO - US,From RDC,N/A - From RDC,Air,Pre-PQ Process,N/A - From RDC,09-Nov-07,09-Nov-07,09-Nov-07,ARV,Adult,SCMS from RDC,"Lamivudine/Nevirapine/Zidovudine 150/200/300mg, tablets, 60 Tabs",Lamivudine/Nevirapine/Zidovudine,Generic,150/300/200mg,Tablet - FDC,60,"7,436",100386.00,13.5,0.22,"Aurobindo Unit III, India",TRUE,962,"$5,180 ",160.62
"10,636",110-ZM-T01,Pre-PQ Process,SO-1317,DN-605,Zambia,PMO - US,From RDC,N/A - From RDC,Truck,Pre-PQ Process,N/A - From RDC,21-Feb-08,21-Feb-08,21-Feb-08,ARV,Adult,SCMS from RDC,"Nevirapine 200mg, tablets, 60 Tabs",Nevirapine,Generic,200mg,Tablet,60,"72,333",245932.20,3.4,0.06,Hetero Unit III Hyderabad IN,TRUE,4957,"$15,220.18 ",393.49
"10,637",117-ET-T01,Pre-PQ Process,SO-1342,DN-459,Ethiopia,PMO - US,From RDC,N/A - From RDC,Air,Pre-PQ Process,N/A - From RDC,26-Nov-07,26-Nov-07,26-Nov-07,ARV,Pediatric,SCMS from RDC,"Stavudine 1mg/ml, powder for oral solution, 200 ml",Stavudine,Generic,1mg/ml,Oral solution,200,"7,294",10211.60,1.4,0.01,"Aurobindo Unit III, India",TRUE,753,"$8,004 ",16.34
"10,639",125-HT-T01,Pre-PQ Process,SO-1290,DN-444,Haiti,PMO - US,From RDC,N/A - From RDC,Air,Pre-PQ Process,N/A - From RDC,31-Dec-07,31-Dec-07,31-Dec-07,HRDT,HIV test,SCMS from RDC,"HIV 1/2, Determine HIV Kit, without Lancets, 100 Tests","HIV 1/2, Determine HIV Kit, without Lancets",Determine,,Test kit,100,10,720.00,72,0.72,Inverness Japan,TRUE,6,"$2,219.44 ",1.15
"10,640",106-HT-T01,Pre-PQ Process,SO-1288,DN-445,Haiti,PMO - US,From RDC,N/A - From RDC,Air,Pre-PQ Process,N/A - From RDC,22-Jan-08,22-Jan-08,22-Jan-08,ARV,Pediatric,SCMS from RDC,"Lamivudine 10mg/ml, oral solution, Bottle, 240 ml",Lamivudine,Generic,10mg/ml,Oral solution,240,"2,000",3940.00,1.97,0.01,"Aurobindo Unit III, India",TRUE,4213,"$38,515.80 ",6.3
"23,387",116-ZA-T30,FPQ-14942,SCMS-259078,ASN-33470,South Africa,PMO - US,Direct Drop,DDP,Truck,09-11-14,10-09-14,24-Jul-15,24-Jul-15,24-Jul-15,ARV,Adult,PHARMACY DIRECT,"Lamivudine 150mg, tablets, 60 Tabs",Lamivudine,Generic,150mg,Tablet,60,74,521.82,7.05,0.12,"Aurobindo Unit III, India",FALSE,Weight Captured Separately,Freight Included in Commodity Cost,0.54
"10,642",112-NG-T01,Pre-PQ Process,SO-567,DN-475,Nigeria,PMO - US,From RDC,N/A - From RDC,Air,Pre-PQ Process,N/A - From RDC,03-Dec-07,03-Dec-07,03-Dec-07,ARV,Adult,SCMS from RDC,"Lamivudine/Nevirapine/Zidovudine 150/200/300mg, tablets, 60 Tabs",Lamivudine/Nevirapine/Zidovudine,Generic,150/300/200mg,Tablet - FDC,60,"12,984",266172.00,20.5,0.34,"Aurobindo Unit III, India",TRUE,3286,"$18,208 ",425.88
"10,643",110-ZM-T01,Pre-PQ Process,SO-1309,DN-484,Zambia,PMO - US,From RDC,N/A - From RDC,,Pre-PQ Process,N/A - From RDC,07-Dec-07,07-Dec-07,07-Dec-07,ARV,Adult,SCMS from RDC,"Lamivudine/Nevirapine/Stavudine 150/200/30mg, tablets, 60 Tabs",Lamivudine/Nevirapine/Stavudine,Generic,150/200/30mg,Tablet - FDC,60,"14,052",103984.80,7.4,0.12,"Cipla, Goa, India",TRUE,1420,"$5,780.20 ",166.38
"10,644",110-ZM-T01,Pre-PQ Process,SO-1029,DN-486,Zambia,PMO - US,From RDC,N/A - From RDC,,Pre-PQ Process,N/A - From RDC,06-Dec-07,06-Dec-07,06-Dec-07,ARV,Pediatric,SCMS from RDC,"Efavirenz 50mg, capsule, 30 Caps",Efavirenz,Generic,50mg,Capsule,30,"3,690",10147.50,2.75,0.09,"Aurobindo Unit III, India",TRUE,226,"$1,370.28 ",16.24
"10,648",104-CI-T01,Pre-PQ Process,SO-1361,DN-503,Côte d'Ivoire,PMO - US,From RDC,N/A - From RDC,Air,Pre-PQ Process,N/A - From RDC,14-Dec-07,14-Dec-07,14-Dec-07,ARV,Adult,SCMS from RDC,"Abacavir/Lamivudine/Zidovudine 300/150/300mg [Trizivir], tablets, 60 Tabs",Abacavir/Lamivudine/Zidovudine,Trizivir,300/150/300mg,Tablet - FDC,60,"1,847",129290.00,70,1.17,GSK Ware (UK),TRUE,271,"$1,700 ",206.86
"10,650",102-BW-T01,Pre-PQ Process,SO-1662,DN-621,Botswana,PMO - US,From RDC,N/A - From RDC,Air,Pre-PQ Process,N/A - From RDC,12-Mar-08,12-Mar-08,12-Mar-08,HRDT,HIV test,SCMS from RDC,"HIV 1/2, Uni-Gold HIV Kit, 20 Tests","HIV 1/2, Uni-Gold HIV Kit",Uni-Gold,,Test kit,20,100,3200.00,32,1.6,"Trinity Biotech, Plc",TRUE,35,$861 ,5.12
"10,651",111-MZ-T01,Pre-PQ Process,SO-1039,DN-601,Mozambique,PMO - US,From RDC,N/A - From RDC,Air,Pre-PQ Process,N/A - From RDC,08-Apr-08,05-Apr-08,05-Apr-08,ARV,Adult,SCMS from RDC,"Stavudine 30mg, capsules, 60 Caps",Stavudine,Generic,30mg,Capsule,60,120,182.40,1.52,0.03,"Aurobindo Unit III, India",TRUE,5092,"$8,118.64 ",0.29
"10,652",100-ZW-T01,Pre-PQ Process,SO-710,DN-488,Zimbabwe,PMO - US,From RDC,N/A - From RDC,Air,Pre-PQ Process,N/A - From RDC,14-Jan-08,14-Jan-08,14-Jan-08,ARV,Adult,SCMS from RDC,"Efavirenz 600mg, tablets, 30 Tabs",Efavirenz,Generic,600mg,Tablet,30,"1,860",23101.20,12.42,0.41,"Cipla, Goa, India",TRUE,4091,"$12,130.90 ",36.96
"10,653",111-MZ-T01,Pre-PQ Process,SO-579,DN-600,Mozambique,PMO - US,From RDC,N/A - From RDC,Air,Pre-PQ Process,N/A - From RDC,18-Apr-08,18-Apr-08,18-Apr-08,ARV,Pediatric,SCMS from RDC,"Lamivudine 10mg/ml, oral solution, Bottle, 240 ml",Lamivudine,Generic,10mg/ml,Oral solution,240,"2,744",6695.36,2.44,0.01,"Aurobindo Unit III, India",TRUE,998,"$3,894.60 ",10.71
"10,654",111-MZ-T01,Pre-PQ Process,SO-1039,DN-628,Mozambique,PMO - US,From RDC,N/A - From RDC,Air,Pre-PQ Process,N/A - From RDC,08-Apr-08,05-Apr-08,05-Apr-08,ARV,Adult,SCMS from RDC,"Lamivudine/Stavudine 150/30mg, tablets, 30 Tabs",Lamivudine/Stavudine,Generic,150/30mg,Tablet - FDC,30,"52,240",104480.00,2,0.07,"Cipla, Goa, India",TRUE,4230,"$8,771.34 ",167.17
"10,656",110-ZM-T01,Pre-PQ Process,SO-783,DN-481,Zambia,PMO - US,From RDC,N/A - From RDC,,Pre-PQ Process,N/A - From RDC,15-Jan-08,15-Jan-08,15-Jan-08,HRDT,HIV test,SCMS from RDC,"HIV 1/2, Determine HIV Kit, without Lancets, 100 Tests","HIV 1/2, Determine HIV Kit, without Lancets",Determine,,Test kit,100,"2,100",151179.00,71.99,0.72,Inverness Japan,TRUE,498,"$2,292.60 ",241.89
"10,658",112-NG-T01,Pre-PQ Process,SO-1570,DN-535,Nigeria,PMO - US,From RDC,N/A - From RDC,Air,Pre-PQ Process,N/A - From RDC,09-Jan-08,09-Jan-08,09-Jan-08,ARV,Adult,SCMS from RDC,"Lamivudine/Zidovudine 150/300mg, tablets, 60 Tabs",Lamivudine/Zidovudine,Generic,150/300mg,Tablet - FDC,60,367,3486.50,9.5,0.16,"Aurobindo Unit III, India",TRUE,447,"$2,230 ",5.58
"10,660",107-RW-T01,Pre-PQ Process,SO-1222,DN-571,Rwanda,PMO - US,From RDC,N/A - From RDC,Air,Pre-PQ Process,N/A - From RDC,28-Jan-08,28-Jan-08,28-Jan-08,HRDT,HIV test - Ancillary,SCMS from RDC,"HIV, Lancet, Safety, for HIV Test kits, 100 Pcs","HIV, Lancet, Safety, for HIV Test kits, 100 Pcs",Generic,,Test kit - Ancillary,100,"2,093",20.93,0.01,0,Inverness Japan,TRUE,609,"$12,977.28 ",0.03
"10,662",109-TZ-T01,Pre-PQ Process,SO-1647,DN-556,Tanzania,PMO - US,From RDC,N/A - From RDC,Air,Pre-PQ Process,N/A - From RDC,06-Feb-08,06-Feb-08,06-Feb-08,ARV,Adult,SCMS from RDC,"Lamivudine/Zidovudine 150/300mg, tablets, 60 Tabs",Lamivudine/Zidovudine,Generic,150/300mg,Tablet - FDC,60,"9,476",90022.00,9.5,0.16,"Aurobindo Unit III, India",TRUE,1008,"$4,207.40 ",144.04
"10,663",105-GY-T01,Pre-PQ Process,SO-1239,DN-557,Guyana,PMO - US,From RDC,N/A - From RDC,Air,Pre-PQ Process,N/A - From RDC,24-Jan-08,24-Jan-08,24-Jan-08,ARV,Adult,SCMS from RDC,"Efavirenz 600mg, tablets, 30 Tabs",Efavirenz,Generic,600mg,Tablet,30,"5,670",70421.40,12.42,0.41,"Strides, Bangalore, India.",TRUE,441,"$6,141.25 ",112.67
"10,664",104-CI-T01,Pre-PQ Process,SO-1278,DN-561,Côte d'Ivoire,PMO - US,From RDC,N/A - From RDC,Air,Pre-PQ Process,N/A - From RDC,17-Jan-08,17-Jan-08,17-Jan-08,HRDT,HIV test,SCMS from RDC,"HIV 2, New LAV Blot 2 HIV Kit, 18 Tests","HIV 2, New LAV Blot 2 HIV Kit",LAV,,Test kit,18,9,2773.53,308.17,17.12,Bio-Rad Laboratories,TRUE,13,"$1,148 ",4.44
"10,665",104-CI-T01,Pre-PQ Process,SO-1144,DN-539,Côte d'Ivoire,PMO - US,From RDC,N/A - From RDC,Air,Pre-PQ Process,N/A - From RDC,28-Dec-07,28-Dec-07,28-Dec-07,ARV,Pediatric,SCMS from RDC,"Nevirapine 10mg/ml, oral suspension, Bottle, 240 ml",Nevirapine,Generic,10mg/ml,Oral suspension,240,475,912.00,1.92,0.01,"Aurobindo Unit III, India",TRUE,170,"$1,301 ",1.46
"10,666",110-ZM-T01,Pre-PQ Process,SO-1034,DN-554,Zambia,PMO - US,From RDC,N/A - From RDC,,Pre-PQ Process,N/A - From RDC,12-Feb-08,12-Feb-08,12-Feb-08,ARV,Adult,SCMS from RDC,"Efavirenz 600mg, tablets, 30 Tabs",Efavirenz,Generic,600mg,Tablet,30,"44,135",548156.70,12.42,0.41,Mylan (formerly Matrix) Nashik,TRUE,3462,"$12,569.92 ",877.05
"10,667",104-CI-T01,Pre-PQ Process,SO-1679,DN-581,Côte d'Ivoire,PMO - US,From RDC,N/A - From RDC,Air,Pre-PQ Process,N/A - From RDC,05-Feb-08,05-Feb-08,05-Feb-08,ARV,Pediatric,SCMS from RDC,"Stavudine 1mg/ml, powder for oral solution, 200 ml",Stavudine,Generic,1mg/ml,Oral solution,200,"5,900",8260.00,1.4,0.01,"Aurobindo Unit III, India",TRUE,2093,"$5,962.31 ",13.22
"10,669",114-UG-T01,Pre-PQ Process,SO-1715,DN-588,Uganda,PMO - US,From RDC,N/A - From RDC,,Pre-PQ Process,N/A - From RDC,06-Mar-08,06-Mar-08,06-Mar-08,ARV,Adult,SCMS from RDC,"Emtricitabine/Tenofovir Disoproxil Fumarate 200/300mg [Truvada], tablets, 30 Tabs",Emtricitabine/Tenofovir Disoproxil Fumarate,Truvada,300/200mg,Tablet - FDC,30,656,17220.00,26.25,0.88,"Aspen-OSD, Port Elizabeth, SA",TRUE,58,$794.22 ,27.55
"10,670",114-UG-T01,Pre-PQ Process,SO-1082,DN-589,Uganda,PMO - US,From RDC,N/A - From RDC,,Pre-PQ Process,N/A - From RDC,28-Feb-08,28-Feb-08,28-Feb-08,ARV,Adult,SCMS from RDC,"Lamivudine/Nevirapine/Stavudine 150/200/30mg, tablets, 60 Tabs",Lamivudine/Nevirapine/Stavudine,Generic,150/200/30mg,Tablet - FDC,60,93,688.20,7.4,0.12,"Cipla, Goa, India",TRUE,311,"$1,430.22 ",1.1
"10,671",111-MZ-T01,Pre-PQ Process,SO-1063,DN-597,Mozambique,PMO - US,From RDC,N/A - From RDC,Air,Pre-PQ Process,N/A - From RDC,29-Feb-08,29-Feb-08,29-Feb-08,HRDT,HIV test,SCMS from RDC,"HIV 1/2, Determine HIV Kit, without Lancets, 100 Tests","HIV 1/2, Determine HIV Kit, without Lancets",Determine,,Test kit,100,"4,300",309557.00,71.99,0.72,Inverness Japan,TRUE,1017,$519.71 ,495.29
"10,672",111-MZ-T01,Pre-PQ Process,SO-1613,DN-599,Mozambique,PMO - US,From RDC,N/A - From RDC,Air,Pre-PQ Process,N/A - From RDC,10-Mar-08,10-Mar-08,10-Mar-08,ARV,Adult,SCMS from RDC,"Lamivudine 150mg, tablets, 60 Tabs",Lamivudine,Generic,150mg,Tablet,60,"2,106",6402.24,3.04,0.05,"Ranbaxy, Paonta Shahib, India",TRUE,113,$919.20 ,10.24
"10,673",110-ZM-T01,Pre-PQ Process,SO-2730,DN-821,Zambia,PMO - US,From RDC,N/A - From RDC,Truck,Pre-PQ Process,N/A - From RDC,29-Jul-08,29-Jul-08,29-Jul-08,ARV,Adult,SCMS from RDC,"Lamivudine/Nevirapine/Stavudine 150/200/30mg, tablets, 60 Tabs",Lamivudine/Nevirapine/Stavudine,Generic,150/200/30mg,Tablet - FDC,60,"50,000",360000.00,7.2,0.12,"Strides, Bangalore, India.",TRUE,3679,"$5,014.65 ",576
"10,674",109-TZ-T01,Pre-PQ Process,SO-2560,DN-826,Tanzania,PMO - US,From RDC,N/A - From RDC,Air,Pre-PQ Process,N/A - From RDC,29-Jul-08,29-Jul-08,29-Jul-08,ARV,Adult,SCMS from RDC,"Nevirapine 200mg, tablets, 60 Tabs",Nevirapine,Generic,200mg,Tablet,60,"1,300",4420.00,3.4,0.06,"Ranbaxy, Paonta Shahib, India",TRUE,16709,"$15,210 ",7.07
"23,509",116-ZA-T30,FPQ-3560,SCMS-49641,ASN-5157,South Africa,PMO - US,Direct Drop,DDP,Truck,05-07-09,7/21/2009,12-Aug-09,12-Aug-09,12-Aug-09,ARV,Adult,S. BUYS WHOLESALER,"Lopinavir/Ritonavir 200/50mg [Aluvia], tablets, 120 Tabs",Lopinavir/Ritonavir,Aluvia,200/50mg,Tablet,120,"8,000",375880.98,46.99,0.39,ABBVIE Ludwigshafen Germany,TRUE,Weight Captured Separately,Freight Included in Commodity Cost,736.73
"10,676",131-NG-T01,Pre-PQ Process,SO-2577,DN-738,Nigeria,PMO - US,From RDC,N/A - From RDC,Air,Pre-PQ Process,N/A - From RDC,20-May-08,20-May-08,20-May-08,ARV,Adult,SCMS from RDC,"Lamivudine/Nevirapine/Zidovudine 150/200/300mg, tablets, 60 Tabs",Lamivudine/Nevirapine/Zidovudine,Generic,150/300/200mg,Tablet - FDC,60,"3,226",42841.28,13.28,0.22,"Aurobindo Unit III, India",TRUE,359,"$2,750.89 ",68.55
"10,677",119-NA-T01,Pre-PQ Process,SO-1765,DN-759,Namibia,PMO - US,From RDC,N/A - From RDC,Air,Pre-PQ Process,N/A - From RDC,19-Jun-08,19-Jun-08,19-Jun-08,ARV,Adult,SCMS from RDC,"Efavirenz 600mg, tablets, 30 Tabs",Efavirenz,Generic,600mg,Tablet,30,"24,320",292083.20,12.01,0.4,"Aurobindo Unit III, India",TRUE,2094,"$4,528.50 ",467.33
"10,678",110-ZM-T01,Pre-PQ Process,SO-2485,DN-828,Zambia,PMO - US,From RDC,N/A - From RDC,Truck,Pre-PQ Process,N/A - From RDC,29-Jul-08,29-Jul-08,29-Jul-08,ARV,Adult,SCMS from RDC,"Lamivudine/Zidovudine 150/300mg, tablets, 60 Tabs",Lamivudine/Zidovudine,Generic,150/300mg,Tablet - FDC,60,"14,124",133471.80,9.45,0.16,"Cipla, Goa, India",TRUE,2115,"$2,882.85 ",213.55
"10,679",102-KE-T01,Pre-PQ Process,SO-1740,DN-829,Kenya,PMO - US,From RDC,N/A - From RDC,Truck,Pre-PQ Process,N/A - From RDC,31-Mar-08,31-Mar-08,31-Mar-08,HRDT,HIV test,SCMS from RDC,"HIV, Bioline HIV 1/2 3.0 Kit, [DON] 25 Tests","HIV, Bioline HIV 1/2 3.0 Kit",Bioline,,Test kit,25,3,0.03,0.01,0,"Standard Diagnostics, Korea",TRUE,3,$99 ,0
"10,680",102-KE-T01,Pre-PQ Process,SO-1720,DN-830,Kenya,PMO - US,From RDC,N/A - From RDC,Truck,Pre-PQ Process,N/A - From RDC,30-May-08,30-May-08,30-May-08,HRDT,HIV test,SCMS from RDC,"HIV, Bioline HIV 1/2 3.0 Kit, [DON] 25 Tests","HIV, Bioline HIV 1/2 3.0 Kit",Bioline,,Test kit,25,997,9.97,0.01,0,"Standard Diagnostics, Korea",TRUE,399,$417.42 ,0.02
"10,681",100-ZW-T01,Pre-PQ Process,SO-1608,DN-771,Zimbabwe,PMO - US,From RDC,N/A - From RDC,Truck,Pre-PQ Process,N/A - From RDC,09-Jun-08,09-Jun-08,09-Jun-08,ARV,Adult,SCMS from RDC,"Lamivudine/Stavudine 150/30mg, tablets, 30 Tabs",Lamivudine/Stavudine,Generic,150/30mg,Tablet - FDC,30,"1,600",3200.00,2,0.07,"Cipla, Goa, India",TRUE,96,"$2,145.17 ",5.12
"10,682",104-CI-T01,Pre-PQ Process,SO-1680,DN-673,Côte d'Ivoire,PMO - US,From RDC,N/A - From RDC,Air,Pre-PQ Process,N/A - From RDC,27-Mar-08,27-Mar-08,27-Mar-08,ARV,Adult,SCMS from RDC,"Abacavir 300mg, tablets, 60 Tabs",Abacavir,Generic,300mg,Tablet,60,374,10296.22,27.53,0.46,"Aurobindo Unit III, India",TRUE,1118,"$2,810.58 ",16.47
"10,683",106-HT-T01,Pre-PQ Process,SO-2056,DN-743,Haiti,PMO - US,From RDC,N/A - From RDC,Air,Pre-PQ Process,N/A - From RDC,27-May-08,27-May-08,27-May-08,ARV,Pediatric,SCMS from RDC,"Nevirapine 10mg/ml, oral suspension, Bottle, 240 ml",Nevirapine,Generic,10mg/ml,Oral suspension,240,"5,056",9707.52,1.92,0.01,"Aurobindo Unit III, India",TRUE,2166,"$22,956 ",15.53
"10,684",106-HT-T01,Pre-PQ Process,SO-2053,DN-744,Haiti,PMO - US,From RDC,N/A - From RDC,Air,Pre-PQ Process,N/A - From RDC,02-Jun-08,02-Jun-08,02-Jun-08,ARV,Adult,SCMS from RDC,"Stavudine 30mg, capsules, 60 Caps",Stavudine,Generic,30mg,Capsule,60,"4,725",7182.00,1.52,0.03,"Aurobindo Unit III, India",TRUE,1154,"$12,508.65 ",11.49
"10,685",117-ET-T01,Pre-PQ Process,SO-1949,DN-668,Ethiopia,PMO - US,From RDC,N/A - From RDC,,Pre-PQ Process,N/A - From RDC,25-Mar-08,25-Mar-08,25-Mar-08,ARV,Adult,SCMS from RDC,"Stavudine 30mg, capsules, 60 Caps",Stavudine,Generic,30mg,Capsule,60,"51,293",77965.36,1.52,0.03,"Aurobindo Unit III, India",TRUE,3371,"$11,862.20 ",124.74
"10,686",123-NG-T01,Pre-PQ Process,SO-2552,DN-834,Nigeria,PMO - US,From RDC,N/A - From RDC,Air,Pre-PQ Process,N/A - From RDC,16-Jul-08,16-Jul-08,16-Jul-08,ARV,Adult,SCMS from RDC,"Efavirenz 600mg, tablets, 30 Tabs",Efavirenz,Generic,600mg,Tablet,30,"11,527",138439.27,12.01,0.4,"Aurobindo Unit III, India",TRUE,1994,"$10,231.84 ",221.5
"10,687",102-KE-T01,Pre-PQ Process,SO-1389,DN-646,Kenya,PMO - US,From RDC,N/A - From RDC,Truck,Pre-PQ Process,N/A - From RDC,27-Feb-08,27-Feb-08,27-Feb-08,HRDT,HIV test,SCMS from RDC,"HIV 1/2, Bioline 3.0 Kit, Lancets, Capillary pipets, Alcohol swabs included, 25 Tests","HIV 1/2, Bioline 3.0 Kit, Lancets, Capillary pipets, Alcohol swabs included",Bioline,,Test kit,25,270,5400.00,20,0.8,"Standard Diagnostics, Korea",TRUE,97,$98.08 ,8.64
"10,688",106-HT-T01,Pre-PQ Process,SO-2059,DN-733,Haiti,PMO - US,From RDC,N/A - From RDC,Air,Pre-PQ Process,N/A - From RDC,26-May-08,26-May-08,26-May-08,ARV,Adult,SCMS from RDC,"Nevirapine 200mg, tablets, 60 Tabs",Nevirapine,Generic,200mg,Tablet,60,"11,760",39984.00,3.4,0.06,"Aurobindo Unit III, India",TRUE,3820,"$35,933.80 ",63.97
"10,689",104-CI-T01,Pre-PQ Process,SO-2044,DN-734,Côte d'Ivoire,PMO - US,From RDC,N/A - From RDC,Air,Pre-PQ Process,N/A - From RDC,02-Jun-08,02-Jun-08,02-Jun-08,ARV,Pediatric,SCMS from RDC,"Abacavir 20mg/ml, oral solution, Bottle, 240 ml",Abacavir,Generic,20mg/ml,Oral solution,240,"1,664",27456.00,16.5,0.07,"Aurobindo Unit III, India",TRUE,905,"$10,451.25 ",43.93
"10,690",110-ZM-T01,Pre-PQ Process,SO-2546,DN-769,Zambia,PMO - US,From RDC,N/A - From RDC,Truck,Pre-PQ Process,N/A - From RDC,17-Jun-08,17-Jun-08,17-Jun-08,ARV,Adult,SCMS from RDC,"Lamivudine/Stavudine 150/30mg, tablets, 30 Tabs",Lamivudine/Stavudine,Generic,150/30mg,Tablet - FDC,30,"42,768",85536.00,2,0.07,"Cipla, Goa, India",TRUE,2493,"$4,887.18 ",136.86
"10,691",125-HT-T01,Pre-PQ Process,SO-1291,DN-686,Haiti,PMO - US,From RDC,N/A - From RDC,Air,Pre-PQ Process,N/A - From RDC,03-Apr-08,03-Apr-08,03-Apr-08,HRDT,HIV test,SCMS from RDC,"HIV 1/2, Determine HIV Kit, without Lancets, 100 Tests","HIV 1/2, Determine HIV Kit, without Lancets",Determine,,Test kit,100,10,720.00,72,0.72,Inverness Japan,TRUE,12,$785.88 ,1.15
"23,557",116-ZA-T30,FPQ-3560,SCMS-49610,ASN-5004,South Africa,PMO - US,Direct Drop,DDP,Truck,05-07-09,7/21/2009,11-Aug-09,12-Aug-09,12-Aug-09,ARV,Adult,S. BUYS WHOLESALER,"Tenofovir Disoproxil Fumarate 300mg [Viread], tablets, 30 Tabs",Tenofovir Disoproxil Fumarate,Viread,300mg,Tablet,30,"2,837",73030.70,25.74,0.86,"Aspen-OSD, Port Elizabeth, SA",TRUE,Weight Captured Separately,Freight Included in Commodity Cost,143.14
"10,693",114-UG-T01,Pre-PQ Process,SO-1301,DN-480,Uganda,PMO - US,From RDC,N/A - From RDC,Air,Pre-PQ Process,N/A - From RDC,19-Mar-08,19-Mar-08,19-Mar-08,ARV,Adult,SCMS from RDC,"Efavirenz 600mg, tablets, 30 Tabs",Efavirenz,Generic,600mg,Tablet,30,"2,060",25585.20,12.42,0.41,"Aurobindo Unit III, India",TRUE,196,"$1,381.70 ",40.94
"10,694",119-NA-T01,Pre-PQ Process,SO-1131,DN-616,Namibia,PMO - US,From RDC,N/A - From RDC,Air,Pre-PQ Process,N/A - From RDC,05-Mar-08,05-Mar-08,05-Mar-08,HRDT,HIV test,SCMS from RDC,"HIV 1/2, Uni-Gold HIV Kit, 20 Tests","HIV 1/2, Uni-Gold HIV Kit",Uni-Gold,,Test kit,20,737,23584.00,32,1.6,"Trinity Biotech, Plc",TRUE,231,"$5,491.08 ",37.73
"10,695",104-CI-T01,Pre-PQ Process,SO-791,DN-641,Côte d'Ivoire,PMO - US,From RDC,N/A - From RDC,,Pre-PQ Process,N/A - From RDC,03-Mar-08,03-Mar-08,03-Mar-08,HRDT,HIV test - Ancillary,SCMS from RDC,"HIV, Lancet, Safety, for HIV Test kits, 100 Pcs","HIV, Lancet, Safety, for HIV Test kits, 100 Pcs",Generic,,Test kit - Ancillary,100,"1,505",15.05,0.01,0,Inverness Japan,TRUE,440,"$1,759.40 ",0.02
"10,696",109-TZ-T01,Pre-PQ Process,SO-2704,DN-799,Tanzania,PMO - US,From RDC,N/A - From RDC,Air,Pre-PQ Process,N/A - From RDC,09-Jul-08,09-Jul-08,09-Jul-08,ARV,Adult,SCMS from RDC,"Abacavir 300mg, tablets, 60 Tabs",Abacavir,Generic,300mg,Tablet,60,"5,730",157746.90,27.53,0.46,"Aurobindo Unit III, India",TRUE,569,$886.35 ,252.4
"10,697",100-ZW-T01,Pre-PQ Process,SO-713,DN-687,Zimbabwe,PMO - US,From RDC,N/A - From RDC,Air,Pre-PQ Process,N/A - From RDC,30-Mar-08,30-Mar-08,30-Mar-08,ARV,Adult,SCMS from RDC,"Lamivudine/Stavudine 150/30mg, tablets, 30 Tabs",Lamivudine/Stavudine,Generic,150/30mg,Tablet - FDC,30,"1,600",3200.00,2,0.07,"Cipla, Goa, India",TRUE,4252,"$15,696.70 ",5.12
"10,698",104-CI-T01,Pre-PQ Process,SO-1663,DN-643,Côte d'Ivoire,PMO - US,From RDC,N/A - From RDC,Air,Pre-PQ Process,N/A - From RDC,06-Mar-08,06-Mar-08,06-Mar-08,ARV,Adult,SCMS from RDC,"Lamivudine/Nevirapine/Stavudine 150/200/30mg, tablets, 60 Tabs",Lamivudine/Nevirapine/Stavudine,Generic,150/200/30mg,Tablet - FDC,60,"12,833",94964.20,7.4,0.12,"Cipla, Goa, India",TRUE,1316,"$3,056.96 ",151.94
"10,700",104-CI-T01,Pre-PQ Process,SO-1685,DN-613,Côte d'Ivoire,PMO - US,From RDC,N/A - From RDC,Air,Pre-PQ Process,N/A - From RDC,19-Feb-08,19-Feb-08,19-Feb-08,ARV,Adult,SCMS from RDC,"Lamivudine/Zidovudine 150/300mg, tablets, 60 Tabs",Lamivudine/Zidovudine,Generic,150/300mg,Tablet - FDC,60,"20,284",192698.00,9.5,0.16,"Aurobindo Unit III, India",TRUE,1897,"$3,826.17 ",308.32
"10,702",110-ZM-T01,Pre-PQ Process,SO-1887,DN-700,Zambia,PMO - US,From RDC,N/A - From RDC,,Pre-PQ Process,N/A - From RDC,08-May-08,08-May-08,08-May-08,ARV,Adult,SCMS from RDC,"Emtricitabine/Tenofovir Disoproxil Fumarate 200/300mg [Truvada], tablets, 30 Tabs",Emtricitabine/Tenofovir Disoproxil Fumarate,Truvada,300/200mg,Tablet - FDC,30,"43,154",1132792.50,26.25,0.88,"Aspen-OSD, Port Elizabeth, SA",TRUE,3788,"$1,910.61 ","1,812.47"
"10,703",119-NA-T01,Pre-PQ Process,SO-2349,DN-710,Namibia,PMO - US,From RDC,N/A - From RDC,Air,Pre-PQ Process,N/A - From RDC,10-Apr-08,10-Apr-08,10-Apr-08,ARV,Adult,SCMS from RDC,"Efavirenz 600mg, tablets, 30 Tabs",Efavirenz,Generic,600mg,Tablet,30,"2,100",25221.00,12.01,0.4,"Aurobindo Unit III, India",TRUE,181,$690.39 ,40.35
"10,704",106-HT-T01,Pre-PQ Process,SO-2600,DN-775,Haiti,PMO - US,From RDC,N/A - From RDC,Air,Pre-PQ Process,N/A - From RDC,27-Jun-08,27-Jun-08,27-Jun-08,ARV,Adult,SCMS from RDC,"Zidovudine 300mg, tablets, 60 Tabs",Zidovudine,Generic,300mg,Tablet,60,"3,150",25672.50,8.15,0.14,"Aurobindo Unit III, India",TRUE,181,"$2,944.21 ",41.08
"10,705",106-HT-T01,Pre-PQ Process,SO-2057,DN-691,Haiti,PMO - US,From RDC,N/A - From RDC,Air,Pre-PQ Process,N/A - From RDC,02-Apr-08,02-Apr-08,02-Apr-08,ARV,Adult,SCMS from RDC,"Lamivudine 150mg, tablets, 60 Tabs",Lamivudine,Generic,150mg,Tablet,60,"10,283",29923.53,2.91,0.05,"Aurobindo Unit III, India",TRUE,519,"$5,974.70 ",47.88
"10,706",106-HT-T01,Pre-PQ Process,SO-2055,DN-690,Haiti,PMO - US,From RDC,N/A - From RDC,Air,Pre-PQ Process,N/A - From RDC,14-Apr-08,14-Apr-08,14-Apr-08,ARV,Adult,SCMS from RDC,"Lopinavir/Ritonavir 200/50mg [Aluvia], tablets, 120 Tabs",Lopinavir/Ritonavir,Aluvia,200/50mg,Tablet,120,389,15987.90,41.1,0.34,ABBVIE Ludwigshafen Germany,TRUE,4639,"$47,525.69 ",25.58
"10,707",110-ZM-T01,Pre-PQ Process,SO-1890,DN-719,Zambia,PMO - US,From RDC,N/A - From RDC,,Pre-PQ Process,N/A - From RDC,09-May-08,09-May-08,09-May-08,ARV,Adult,SCMS from RDC,"Lamivudine/Zidovudine 150/300mg, tablets, 60 Tabs",Lamivudine/Zidovudine,Generic,150/300mg,Tablet - FDC,60,"40,320",381024.00,9.45,0.16,"Aurobindo Unit III, India",TRUE,3750,"$1,891.44 ",609.64
"10,708",109-TZ-T01,Pre-PQ Process,SO-2720,DN-765,Tanzania,PMO - US,From RDC,N/A - From RDC,Air,Pre-PQ Process,N/A - From RDC,01-Jul-08,01-Jul-08,01-Jul-08,ARV,Adult,SCMS from RDC,"Lamivudine 150mg, tablets, 60 Tabs",Lamivudine,Generic,150mg,Tablet,60,"23,230",67599.30,2.91,0.05,"Aurobindo Unit III, India",TRUE,1156,"$6,308.60 ",108.16
"10,709",104-CI-T01,Pre-PQ Process,SO-16180,DN-1001,Côte d'Ivoire,PMO - US,From RDC,N/A - From RDC,Air,Pre-PQ Process,N/A - From RDC,03-Dec-08,03-Dec-08,03-Dec-08,ARV,Pediatric,SCMS from RDC,"Zidovudine 10mg/ml, oral solution, Bottle, 240 ml",Zidovudine,Generic,10mg/ml,Oral solution,240,"1,200",2520.00,2.1,0.01,"Aurobindo Unit III, India",TRUE,448,"$2,605.77 ",4.94
"10,710",123-NG-T01,Pre-PQ Process,SO-19071,DN-1045,Nigeria,PMO - US,From RDC,N/A - From RDC,Truck,Pre-PQ Process,N/A - From RDC,19-Jan-09,19-Jan-09,19-Jan-09,ARV,Adult,SCMS from RDC,"Stavudine 30mg, capsules, 60 Caps",Stavudine,Generic,30mg,Capsule,60,858,1329.90,1.55,0.03,"Aurobindo Unit III, India",TRUE,58,"$7,363.73 ",2.61
"10,711",114-UG-T01,Pre-PQ Process,SO-17760,DN-1143,Uganda,PMO - US,From RDC,N/A - From RDC,Air,Pre-PQ Process,N/A - From RDC,02-Apr-09,02-Apr-09,02-Apr-09,ARV,Adult,SCMS from RDC,"Lamivudine/Zidovudine 150/300mg, tablets, 60 Tabs",Lamivudine/Zidovudine,Generic,150/300mg,Tablet - FDC,60,"3,505",32771.75,9.35,0.16,"Aurobindo Unit III, India",TRUE,6556,"$5,401.95 ",64.23
"10,712",111-MZ-T01,Pre-PQ Process,SO-15081,DN-1035,Mozambique,PMO - US,From RDC,N/A - From RDC,Air,Pre-PQ Process,N/A - From RDC,21-Feb-09,21-Feb-09,21-Feb-09,ARV,Adult,SCMS from RDC,"Lamivudine/Nevirapine/Stavudine 150/200/30mg, tablets, 60 Tabs",Lamivudine/Nevirapine/Stavudine,Generic,150/200/30mg,Tablet - FDC,60,"125,000",900000.00,7.2,0.12,"Strides, Bangalore, India.",TRUE,9228,"$3,671.92 ","1,764"
"10,714",111-MZ-T01,Pre-PQ Process,SO-15082,DN-1036,Mozambique,PMO - US,From RDC,N/A - From RDC,Air,Pre-PQ Process,N/A - From RDC,26-Feb-09,21-Feb-09,21-Feb-09,ARV,Adult,SCMS from RDC,"Lamivudine/Nevirapine/Stavudine 150/200/30mg, tablets, 60 Tabs",Lamivudine/Nevirapine/Stavudine,Generic,150/200/30mg,Tablet - FDC,60,"32,067",230882.40,7.2,0.12,"Strides, Bangalore, India.",TRUE,2382,"$3,671.92 ",452.53
"10,715",110-ZM-T01,Pre-PQ Process,SO-2491,DN-951,Zambia,PMO - US,From RDC,N/A - From RDC,Truck,Pre-PQ Process,N/A - From RDC,21-Oct-08,21-Oct-08,21-Oct-08,ARV,Adult,SCMS from RDC,"Nevirapine 200mg, tablets, 60 Tabs",Nevirapine,Generic,200mg,Tablet,60,"29,011",98637.40,3.4,0.06,"Aurobindo Unit III, India",TRUE,2717,"$4,060.55 ",193.33
"10,716",114-UG-T01,Pre-PQ Process,SO-17910,DN-1068,Uganda,PMO - US,From RDC,N/A - From RDC,Air,Pre-PQ Process,N/A - From RDC,19-Feb-09,19-Feb-09,19-Feb-09,ARV,Adult,SCMS from RDC,"Efavirenz 600mg, tablets, 30 Tabs",Efavirenz,Generic,600mg,Tablet,30,"1,747",19217.00,11,0.37,"Aurobindo Unit III, India",TRUE,152,"$1,340.96 ",37.67
"10,717",107-RW-T01,Pre-PQ Process,SO-24630,DN-1118,Rwanda,PMO - US,From RDC,N/A - From RDC,Air,Pre-PQ Process,N/A - From RDC,16-Mar-09,16-Mar-09,16-Mar-09,ARV,Adult,SCMS from RDC,"Nevirapine 200mg, tablets, 60 Tabs",Nevirapine,Generic,200mg,Tablet,60,"7,425",23760.00,3.2,0.05,Hetero Unit III Hyderabad IN,TRUE,404,"$5,637.82 ",46.57
"10,718",113-ZW-T01,Pre-PQ Process,SO-1052,DN-838,Zimbabwe,PMO - US,From RDC,N/A - From RDC,Truck,Pre-PQ Process,N/A - From RDC,26-Jul-08,26-Jul-08,26-Jul-08,HRDT,HIV test,SCMS from RDC,"HIV 1/2, Bioline 3.0 Kit, Lancets, Capillary pipets, Alcohol swabs included, 25 Tests","HIV 1/2, Bioline 3.0 Kit, Lancets, Capillary pipets, Alcohol swabs included",Bioline,,Test kit,25,307,6140.00,20,0.8,"Standard Diagnostics, Korea",TRUE,1368,"$5,663 ",9.82
"10,719",111-MZ-T01,Pre-PQ Process,SO-11071,DN-932,Mozambique,PMO - US,From RDC,N/A - From RDC,Truck,Pre-PQ Process,N/A - From RDC,14-Nov-08,14-Nov-08,14-Nov-08,ARV,Adult,SCMS from RDC,"Lamivudine/Nevirapine/Stavudine 150/200/30mg, tablets, 60 Tabs",Lamivudine/Nevirapine/Stavudine,Generic,150/200/30mg,Tablet - FDC,60,"125,010",900072.00,7.2,0.12,"Strides, Bangalore, India.",TRUE,3918,"$1,012.43 ","1,440.12"
"10,720",126-NG-T01,Pre-PQ Process,SO-10810,DN-886,Nigeria,PMO - US,From RDC,N/A - From RDC,Air,Pre-PQ Process,N/A - From RDC,31-Aug-08,31-Aug-08,31-Aug-08,ARV,Adult,SCMS from RDC,"Lamivudine/Zidovudine 150/300mg, tablets, 60 Tabs",Lamivudine/Zidovudine,Generic,150/300mg,Tablet - FDC,60,"45,000",420750.00,9.35,0.16,Mylan (formerly Matrix) Nashik,TRUE,3657,"$23,070.58 ",673.2
"10,721",131-NG-T01,Pre-PQ Process,SO-10821,DN-919,Nigeria,PMO - US,From RDC,N/A - From RDC,Air,Pre-PQ Process,N/A - From RDC,28-Sep-08,28-Sep-08,28-Sep-08,ARV,Adult,SCMS from RDC,"Efavirenz/Emtricitabine/Tenofovir Disoproxil Fumarate 600/200/300mg [Atripla], tablets, 30 Tabs",Efavirenz/Emtricitabine/Tenofovir Disoproxil Fumarate,Atripla,600/200/300mg,Tablet - FDC,30,"1,000",50400.00,50.4,1.68,"MSD, Haarlem, NL",TRUE,108,"$13,353.34 ",80.64
"10,722",131-NG-T01,Pre-PQ Process,SO-10820,DN-897,Nigeria,PMO - US,From RDC,N/A - From RDC,Air,Pre-PQ Process,N/A - From RDC,10-Sep-08,10-Sep-08,10-Sep-08,ARV,Adult,SCMS from RDC,"Emtricitabine/Tenofovir Disoproxil Fumarate 200/300mg [Truvada], tablets, 30 Tabs",Emtricitabine/Tenofovir Disoproxil Fumarate,Truvada,300/200mg,Tablet - FDC,30,"6,000",157500.00,26.25,0.88,"Aspen-OSD, Port Elizabeth, SA",TRUE,1566,"$10,624.04 ",252
"10,723",106-HT-T01,Pre-PQ Process,SO-12160,DN-930,Haiti,PMO - US,From RDC,N/A - From RDC,Air,Pre-PQ Process,N/A - From RDC,06-Oct-08,06-Oct-08,06-Oct-08,ARV,Pediatric,SCMS from RDC,"Zidovudine 10mg/ml, oral solution, Bottle, 240 ml",Zidovudine,Generic,10mg/ml,Oral solution,240,"9,187",19292.70,2.1,0.01,"Aurobindo Unit III, India",TRUE,3435,"$40,301.65 ",30.87
"10,724",117-ET-T01,Pre-PQ Process,SO-19400,DN-1027,Ethiopia,PMO - US,From RDC,N/A - From RDC,Air,Pre-PQ Process,N/A - From RDC,12-Dec-08,12-Dec-08,12-Dec-08,ARV,Adult,SCMS from RDC,"Lamivudine/Zidovudine 150/300mg, tablets, 60 Tabs",Lamivudine/Zidovudine,Generic,150/300mg,Tablet - FDC,60,"31,000",271560.00,8.76,0.15,"Aurobindo Unit III, India",TRUE,1787,"$10,073.76 ",532.26
"10,726",110-ZM-T01,Pre-PQ Process,SO-2492,DN-966,Zambia,PMO - US,From RDC,N/A - From RDC,Truck,Pre-PQ Process,N/A - From RDC,07-Nov-08,07-Nov-08,07-Nov-08,ARV,Adult,SCMS from RDC,"Nevirapine 200mg, tablets, 60 Tabs",Nevirapine,Generic,200mg,Tablet,60,"50,000",170000.00,3.4,0.06,Hetero Unit III Hyderabad IN,TRUE,2764,"$2,938.92 ",333.2
"10,727",130-NG-T01,Pre-PQ Process,SO-10580,DN-909,Nigeria,PMO - US,From RDC,N/A - From RDC,Air,Pre-PQ Process,N/A - From RDC,22-Sep-08,22-Sep-08,22-Sep-08,ARV,Adult,SCMS from RDC,"Nevirapine 200mg, tablets, 60 Tabs",Nevirapine,Generic,200mg,Tablet,60,"2,066",7024.40,3.4,0.06,"Aurobindo Unit III, India",TRUE,451,"$3,487.94 ",11.24
"23,596",116-ZA-T30,FPQ-13035,SCMS-215370,ASN-24415,South Africa,PMO - US,Direct Drop,DDP,Truck,10-08-13,12-02-13,06-Feb-14,06-Feb-14,06-Feb-14,ARV,Adult,S. BUYS WHOLESALER,"Nevirapine 200mg, tablets, 60 Tabs",Nevirapine,Generic,200mg,Tablet,60,226,4088.15,18.09,0.3,"Cipla, Goa, India",TRUE,Weight Captured Separately,Freight Included in Commodity Cost,5.06
"10,731",114-UG-T01,Pre-PQ Process,SO-17420,DN-971,Uganda,PMO - US,From RDC,N/A - From RDC,Air,Pre-PQ Process,N/A - From RDC,04-Nov-08,04-Nov-08,04-Nov-08,ARV,Adult,SCMS from RDC,"Lamivudine/Nevirapine/Stavudine 150/200/30mg, tablets, 60 Tabs",Lamivudine/Nevirapine/Stavudine,Generic,150/200/30mg,Tablet - FDC,60,"2,742",20290.80,7.4,0.12,"Strides, Bangalore, India.",TRUE,204,"$3,477 ",39.77
"10,732",111-MZ-T01,Pre-PQ Process,SO-15080,DN-1034,Mozambique,PMO - US,From RDC,N/A - From RDC,Air,Pre-PQ Process,N/A - From RDC,21-Feb-09,21-Feb-09,21-Feb-09,ARV,Adult,SCMS from RDC,"Lamivudine/Nevirapine/Zidovudine 150/200/300mg, tablets, 60 Tabs",Lamivudine/Nevirapine/Zidovudine,Generic,150/300/200mg,Tablet - FDC,60,"13,100",154580.00,11.8,0.2,"Aurobindo Unit III, India",TRUE,6036,"$3,671.92 ",302.98
"10,733",111-MZ-T01,Pre-PQ Process,SO-2424,DN-850,Mozambique,PMO - US,From RDC,N/A - From RDC,Air,Pre-PQ Process,N/A - From RDC,05-Sep-08,05-Sep-08,05-Sep-08,ARV,Adult,SCMS from RDC,"Lamivudine 150mg, tablets, 60 Tabs",Lamivudine,Generic,150mg,Tablet,60,528,1536.48,2.91,0.05,"Aurobindo Unit III, India",TRUE,4211,"$3,227.48 ",2.46
"10,734",109-TZ-T01,Pre-PQ Process,SO-11821,DN-890,Tanzania,PMO - US,From RDC,N/A - From RDC,Air,Pre-PQ Process,N/A - From RDC,15-Sep-08,15-Sep-08,15-Sep-08,ARV,Adult,SCMS from RDC,"Efavirenz 600mg, tablets, 30 Tabs",Efavirenz,Generic,600mg,Tablet,30,"5,000",60050.00,12.01,0.4,Mylan (formerly Matrix) Nashik,TRUE,379,"$1,188.97 ",96.08
"10,735",111-MZ-T01,Pre-PQ Process,SO-15083,DN-1055,Mozambique,PMO - US,From RDC,N/A - From RDC,Air,Pre-PQ Process,N/A - From RDC,18-Mar-09,18-Mar-09,18-Mar-09,ARV,Adult,SCMS from RDC,"Lamivudine/Nevirapine/Stavudine 150/200/30mg, tablets, 60 Tabs",Lamivudine/Nevirapine/Stavudine,Generic,150/200/30mg,Tablet - FDC,60,"115,130",828936.00,7.2,0.12,"Strides, Bangalore, India.",TRUE,8693,"$6,757.33 ","1,624.71"
"10,736",112-NG-T01,Pre-PQ Process,SO-22530,DN-1081,Nigeria,PMO - US,From RDC,N/A - From RDC,Air,Pre-PQ Process,N/A - From RDC,16-Feb-09,16-Feb-09,16-Feb-09,ARV,Adult,SCMS from RDC,"Lamivudine/Zidovudine 150/300mg, tablets, 60 Tabs",Lamivudine/Zidovudine,Generic,150/300mg,Tablet - FDC,60,"1,116",10434.60,9.35,0.16,"Aurobindo Unit III, India",TRUE,102,"$3,680.33 ",20.45
"10,737",117-ET-T01,Pre-PQ Process,SO-22020,DN-1052,Ethiopia,PMO - US,From RDC,N/A - From RDC,Air,Pre-PQ Process,N/A - From RDC,03-Mar-09,03-Mar-09,03-Mar-09,ARV,Adult,SCMS from RDC,"Efavirenz 600mg, tablets, 30 Tabs",Efavirenz,Generic,600mg,Tablet,30,"28,926",307194.12,10.62,0.35,Mylan (formerly Matrix) Nashik,TRUE,4593,"$16,901.37 ",602.1
"10,741",109-TZ-T01,Pre-PQ Process,SO-2562,DN-849,Tanzania,PMO - US,From RDC,N/A - From RDC,Truck,Pre-PQ Process,N/A - From RDC,22-Aug-08,22-Aug-08,22-Aug-08,ARV,Adult,SCMS from RDC,"Lamivudine/Zidovudine 150/300mg, tablets, 60 Tabs",Lamivudine/Zidovudine,Generic,150/300mg,Tablet - FDC,60,"46,163",436240.35,9.45,0.16,"Aurobindo Unit III, India",TRUE,4237,"$3,482.59 ",697.98
"10,743",111-MZ-T01,Pre-PQ Process,SO-13990,DN-904,Mozambique,PMO - US,From RDC,N/A - From RDC,Truck,Pre-PQ Process,N/A - From RDC,10-Oct-08,10-Oct-08,10-Oct-08,ARV,Adult,SCMS from RDC,"Nevirapine 200mg, tablets, 60 Tabs",Nevirapine,Generic,200mg,Tablet,60,"12,040",38528.00,3.2,0.05,Hetero Unit III Hyderabad IN,TRUE,677,"$1,522.92 ",61.64
"10,744",112-NG-T01,Pre-PQ Process,SO-12790,DN-916,Nigeria,PMO - US,From RDC,N/A - From RDC,Air,Pre-PQ Process,N/A - From RDC,19-Sep-08,19-Sep-08,19-Sep-08,ARV,Adult,SCMS from RDC,"Emtricitabine/Tenofovir Disoproxil Fumarate 200/300mg [Truvada], tablets, 30 Tabs",Emtricitabine/Tenofovir Disoproxil Fumarate,Truvada,300/200mg,Tablet - FDC,30,4,105.00,26.25,0.88,"Aspen-OSD, Port Elizabeth, SA",TRUE,1,$462.50 ,0.17
"10,745",112-NG-T01,Pre-PQ Process,SO-2728,DN-917,Nigeria,PMO - US,From RDC,N/A - From RDC,Air,Pre-PQ Process,N/A - From RDC,24-Sep-08,24-Sep-08,24-Sep-08,ARV,Adult,SCMS from RDC,"Lamivudine 150mg, tablets, 60 Tabs",Lamivudine,Generic,150mg,Tablet,60,"1,017",2949.30,2.9,0.05,"Aurobindo Unit III, India",TRUE,892,"$13,353.34 ",4.72
"10,746",112-NG-T01,Pre-PQ Process,SO-22550,DN-1066,Nigeria,PMO - US,From RDC,N/A - From RDC,Air,Pre-PQ Process,N/A - From RDC,09-Feb-09,09-Feb-09,09-Feb-09,ARV,Adult,SCMS from RDC,"Lamivudine/Nevirapine/Stavudine 150/200/30mg, tablets, 60 Tabs",Lamivudine/Nevirapine/Stavudine,Generic,150/200/30mg,Tablet - FDC,60,"5,217",38605.80,7.4,0.12,"Cipla, Goa, India",TRUE,563,"$3,852.55 ",75.67
"10,747",151-NG-T01,Pre-PQ Process,SO-21786,DN-1155,Nigeria,PMO - US,From RDC,N/A - From RDC,Air,Pre-PQ Process,N/A - From RDC,29-Apr-09,29-Apr-09,29-Apr-09,ARV,Adult,SCMS from RDC,"Emtricitabine/Tenofovir Disoproxil Fumarate 200/300mg [Truvada], tablets, 30 Tabs",Emtricitabine/Tenofovir Disoproxil Fumarate,Truvada,300/200mg,Tablet - FDC,30,"17,067",448008.75,26.25,0.88,"Aspen-OSD, Port Elizabeth, SA",TRUE,1481,"$14,974.40 ",878.1
"10,748",114-UG-T01,Pre-PQ Process,SO-17870,DN-986,Uganda,PMO - US,From RDC,N/A - From RDC,Air,Pre-PQ Process,N/A - From RDC,09-Jan-09,09-Jan-09,09-Jan-09,ARV,Adult,SCMS from RDC,"Lamivudine/Nevirapine/Zidovudine 150/200/300mg, tablets, 60 Tabs",Lamivudine/Nevirapine/Zidovudine,Generic,150/300/200mg,Tablet - FDC,60,"6,296",74292.80,11.8,0.2,"Aurobindo Unit III, India",TRUE,822,"$7,321.04 ",145.61
"10,749",130-NG-T01,Pre-PQ Process,SO-10610,DN-959,Nigeria,PMO - US,From RDC,N/A - From RDC,Air,Pre-PQ Process,N/A - From RDC,30-Oct-08,30-Oct-08,30-Oct-08,ARV,Adult,SCMS from RDC,"Efavirenz 600mg, tablets, 30 Tabs",Efavirenz,Generic,600mg,Tablet,30,"2,003",23475.16,11.72,0.39,"Aurobindo Unit III, India",TRUE,181,"$18,617.93 ",46.01
"10,750",123-NG-T01,Pre-PQ Process,SO-11232,DN-958,Nigeria,PMO - US,From RDC,N/A - From RDC,Air,Pre-PQ Process,N/A - From RDC,31-Oct-08,31-Oct-08,31-Oct-08,ARV,Adult,SCMS from RDC,"Lopinavir/Ritonavir 200/50mg [Aluvia], tablets, 120 Tabs",Lopinavir/Ritonavir,Aluvia,200/50mg,Tablet,120,"2,034",83597.40,41.1,0.34,ABBVIE Ludwigshafen Germany,TRUE,937,"$10,990.36 ",163.85
"10,751",110-ZM-T01,Pre-PQ Process,SO-2483,DN-954,Zambia,PMO - US,From RDC,N/A - From RDC,Truck,Pre-PQ Process,N/A - From RDC,21-Oct-08,21-Oct-08,21-Oct-08,ARV,Adult,SCMS from RDC,"Efavirenz 600mg, tablets, 30 Tabs",Efavirenz,Generic,600mg,Tablet,30,"50,000",600500.00,12.01,0.4,Mylan (formerly Matrix) Nashik,TRUE,3775,"$4,060.54 ","1,176.98"
"10,753",151-NG-T01,Pre-PQ Process,SO-21807,DN-1141,Nigeria,PMO - US,From RDC,N/A - From RDC,Air Charter,Pre-PQ Process,N/A - From RDC,19-Mar-09,19-Mar-09,19-Mar-09,ARV,Adult,SCMS from RDC,"Lamivudine/Nevirapine/Zidovudine 150/200/300mg, tablets, 60 Tabs",Lamivudine/Nevirapine/Zidovudine,Generic,150/300/200mg,Tablet - FDC,60,"4,501",51311.40,11.4,0.19,"Aurobindo Unit III, India",TRUE,506,"$22,985.72 ",100.57
"10,754",109-TZ-T01,Pre-PQ Process,SO-11820,DN-868,Tanzania,PMO - US,From RDC,N/A - From RDC,Air,Pre-PQ Process,N/A - From RDC,22-Aug-08,22-Aug-08,22-Aug-08,ARV,Adult,SCMS from RDC,"Efavirenz 600mg, tablets, 30 Tabs",Efavirenz,Generic,600mg,Tablet,30,"145,000",1741450.00,12.01,0.4,Mylan (formerly Matrix) Nashik,TRUE,11186,"$9,330 ","2,786.32"
"10,755",111-MZ-T01,Pre-PQ Process,SO-15090,DN-933,Mozambique,PMO - US,From RDC,N/A - From RDC,Air,Pre-PQ Process,N/A - From RDC,14-Nov-08,14-Nov-08,14-Nov-08,ARV,Adult,SCMS from RDC,"Lamivudine/Zidovudine 150/300mg, tablets, 60 Tabs",Lamivudine/Zidovudine,Generic,150/300mg,Tablet - FDC,60,"3,672",34333.20,9.35,0.16,"Aurobindo Unit III, India",TRUE,3427,"$3,874.22 ",54.93
"10,756",111-MZ-T01,Pre-PQ Process,SO-27880,DN-1174,Mozambique,PMO - US,From RDC,N/A - From RDC,Air,Pre-PQ Process,N/A - From RDC,14-May-09,14-May-09,14-May-09,ARV,Adult,SCMS from RDC,"Lamivudine 150mg, tablets, 60 Tabs",Lamivudine,Generic,150mg,Tablet,60,486,1409.40,2.9,0.05,Hetero Unit III Hyderabad IN,TRUE,23,$968.55 ,2.76
"23,666",116-ZA-T30,FPQ-13214,SCMS-215410,ASN-23875,South Africa,PMO - US,Direct Drop,DDP,Truck,11/14/2013,12-02-13,13-Jan-14,13-Jan-14,13-Jan-14,ARV,Pediatric,S. BUYS WHOLESALER,"Lamivudine 10mg/ml, oral solution w/syringe, Bottle, 240 ml",Lamivudine,Generic,10mg/ml,Oral solution,240,54,382.47,7.08,0.03,"Aurobindo Unit III, India",FALSE,Weight Captured Separately,Freight Included in Commodity Cost,0.39
"10,761",151-NG-T01,Pre-PQ Process,SO-21787,DN-1194,Nigeria,PMO - US,From RDC,N/A - From RDC,Air,Pre-PQ Process,N/A - From RDC,30-Apr-09,30-Apr-09,30-Apr-09,ARV,Adult,SCMS from RDC,"Emtricitabine/Tenofovir Disoproxil Fumarate 200/300mg [Truvada], tablets, 30 Tabs",Emtricitabine/Tenofovir Disoproxil Fumarate,Truvada,300/200mg,Tablet - FDC,30,"3,392",89040.00,26.25,0.88,"Aspen-OSD, Port Elizabeth, SA",TRUE,298,"$2,922.53 ",174.52
"10,763",151-NG-T01,Pre-PQ Process,SO-22527,DN-1209,Nigeria,PMO - US,From RDC,N/A - From RDC,Air Charter,Pre-PQ Process,N/A - From RDC,08-May-09,08-May-09,08-May-09,ARV,Adult,SCMS from RDC,"Lamivudine/Nevirapine/Zidovudine 150/200/300mg, tablets, 60 Tabs",Lamivudine/Nevirapine/Zidovudine,Generic,150/300/200mg,Tablet - FDC,60,"30,415",346731.00,11.4,0.19,"Aurobindo Unit III, India",TRUE,3415,"$15,128.37 ",679.59
"10,764",111-MZ-T01,Pre-PQ Process,SO-28550,DN-1215,Mozambique,PMO - US,From RDC,N/A - From RDC,Air,Pre-PQ Process,N/A - From RDC,28-Jun-09,28-Jun-09,28-Jun-09,ARV,Adult,SCMS from RDC,"Lamivudine/Nevirapine/Stavudine 150/200/30mg, tablets, 60 Tabs",Lamivudine/Nevirapine/Stavudine,Generic,150/200/30mg,Tablet - FDC,60,"47,392",341222.40,7.2,0.12,"Cipla, Goa, India",TRUE,7113,"$3,599.76 ",668.8
"10,765",151-NG-T01,Pre-PQ Process,SO-30020,DN-1216,Nigeria,PMO - US,From RDC,N/A - From RDC,Air Charter,Pre-PQ Process,N/A - From RDC,08-May-09,08-May-09,08-May-09,ARV,Adult,SCMS from RDC,"Emtricitabine/Tenofovir Disoproxil Fumarate 200/300mg [Truvada], tablets, 30 Tabs",Emtricitabine/Tenofovir Disoproxil Fumarate,Truvada,300/200mg,Tablet - FDC,30,"2,561",67226.25,26.25,0.88,"Aspen-OSD, Port Elizabeth, SA",TRUE,235,"$15,128.37 ",131.76
"10,766",114-UG-T01,Pre-PQ Process,SO-30100,DN-1232,Uganda,PMO - US,From RDC,N/A - From RDC,Air,Pre-PQ Process,N/A - From RDC,01-Jun-09,01-Jun-09,01-Jun-09,ARV,Adult,SCMS from RDC,"Lamivudine/Zidovudine 150/300mg, tablets, 60 Tabs",Lamivudine/Zidovudine,Generic,150/300mg,Tablet - FDC,60,"3,574",31308.24,8.76,0.15,Mylan (formerly Matrix) Nashik,TRUE,14,"$1,375.36 ",61.36
"10,767",100-SZ-T01,Pre-PQ Process,SO-30800,DN-1237,Swaziland,PMO - US,From RDC,N/A - From RDC,Air,Pre-PQ Process,N/A - From RDC,20-May-09,20-May-09,20-May-09,ARV,Adult,SCMS from RDC,"Efavirenz 600mg, tablets, 30 Tabs",Efavirenz,Generic,600mg,Tablet,30,"2,345",16063.25,6.85,0.23,Mylan (formerly Matrix) Nashik,TRUE,239,"$2,393.34 ",31.48
"23,727",116-ZA-T30,FPQ-14942,SCMS-295800,ASN-33865,South Africa,PMO - US,Direct Drop,DDP,Truck,09-11-14,8/24/2015,24-Aug-15,24-Aug-15,24-Aug-15,ARV,Adult,PHARMACY DIRECT,"Didanosine 250mg, delayed-release capsules, 30 Caps",Didanosine,Generic,250mg,Delayed-release capsules,30,6,71.03,11.84,0.39,"Aurobindo Unit III, India",TRUE,Weight Captured Separately,Freight Included in Commodity Cost,0.07
"23,791",116-ZA-T30,FPQ-13973,SCMS-238554,ASN-28626,South Africa,PMO - US,Direct Drop,DDP,Truck,4/30/2014,10-03-14,03-Oct-14,03-Oct-14,03-Oct-14,ARV,Adult,PHARMACY DIRECT,"Raltegravir 400mg [Isentress], tablets, 60 Tabs",Raltegravir,Isentress,400mg,Tablet,60,6,507.86,84.64,1.41,"MSD, Haarlem, NL",TRUE,Weight Captured Separately,Freight Included in Commodity Cost,0.52
"10,771",104-CI-T01,Pre-PQ Process,SO-21881,DN-1242,Côte d'Ivoire,PMO - US,From RDC,N/A - From RDC,Air,Pre-PQ Process,N/A - From RDC,17-Jun-09,17-Jun-09,17-Jun-09,ARV,Adult,SCMS from RDC,"Nevirapine 200mg, tablets, 60 Tabs",Nevirapine,Generic,200mg,Tablet,60,"5,601",16803.00,3,0.05,"Aurobindo Unit III, India",TRUE,545,"$2,280.64 ",32.93
"10,774",110-ZM-T01,Pre-PQ Process,SO-30300,DN-1250,Zambia,PMO - US,From RDC,N/A - From RDC,Truck,Pre-PQ Process,N/A - From RDC,15-Jun-09,15-Jun-09,15-Jun-09,ARV,Adult,SCMS from RDC,"Zidovudine 300mg, tablets, 60 Tabs",Zidovudine,Generic,300mg,Tablet,60,500,3855.00,7.71,0.13,"Aurobindo Unit III, India",TRUE,10681,"$17,384.76 ",7.56
"10,776",106-HT-T01,Pre-PQ Process,SO-24850,DN-1280,Haiti,PMO - US,From RDC,N/A - From RDC,Air,Pre-PQ Process,N/A - From RDC,18-Jun-09,18-Jun-09,18-Jun-09,ARV,Pediatric,SCMS from RDC,"Nevirapine 10mg/ml, oral suspension, Bottle, 240 ml",Nevirapine,Generic,10mg/ml,Oral suspension,240,"2,208",4239.36,1.92,0.01,"Aurobindo Unit III, India",TRUE,827,"$7,789.88 ",8.31
"10,777",110-ZM-T01,Pre-PQ Process,SO-24960,DN-1284,Zambia,PMO - US,From RDC,N/A - From RDC,Air,Pre-PQ Process,N/A - From RDC,12-Jun-09,12-Jun-09,12-Jun-09,ARV,Adult,SCMS from RDC,"Zidovudine 300mg, tablets, 60 Tabs",Zidovudine,Generic,300mg,Tablet,60,"6,000",46260.00,7.71,0.13,"Aurobindo Unit III, India",TRUE,341,"$2,219.27 ",90.67
"10,779",123-NG-T01,Pre-PQ Process,SO-24481,DN-1296,Nigeria,PMO - US,From RDC,N/A - From RDC,Air Charter,Pre-PQ Process,N/A - From RDC,16-Jun-09,16-Jun-09,16-Jun-09,ARV,Adult,SCMS from RDC,"Efavirenz 600mg, tablets, 30 Tabs",Efavirenz,Generic,600mg,Tablet,30,"30,000",291600.00,9.72,0.32,"Aurobindo Unit III, India",TRUE,3364,"$7,329.83 ",571.54
"10,780",110-ZM-T01,Pre-PQ Process,SO-31940,DN-1301,Zambia,PMO - US,From RDC,N/A - From RDC,Air,Pre-PQ Process,N/A - From RDC,24-Jun-09,24-Jun-09,24-Jun-09,ARV,Pediatric,SCMS from RDC,"Efavirenz 200mg, capsule, 90 Caps",Efavirenz,Generic,200mg,Capsule,90,"1,093",16679.18,15.26,0.17,"Aurobindo Unit III, India",TRUE,133,"$1,759.21 ",32.69
"10,781",104-CI-T01,Pre-PQ Process,SO-27540,DN-1315,Côte d'Ivoire,PMO - US,From RDC,N/A - From RDC,Air,Date Not Captured,N/A - From RDC,14-Jul-09,14-Jul-09,14-Jul-09,ARV,Adult,SCMS from RDC,"Lamivudine/Zidovudine 150/300mg, tablets, 60 Tabs",Lamivudine/Zidovudine,Generic,150/300mg,Tablet - FDC,60,"10,962",96027.12,8.76,0.15,"Aurobindo Unit III, India",TRUE,2634,"$6,111.21 ",188.21
"10,783",111-MZ-T01,Pre-PQ Process,SO-32180,DN-1334,Mozambique,PMO - US,From RDC,N/A - From RDC,Air,Date Not Captured,N/A - From RDC,17-Aug-09,17-Aug-09,17-Aug-09,ARV,Adult,SCMS from RDC,"Stavudine 30mg, capsules, 60 Caps",Stavudine,Generic,30mg,Capsule,60,470,700.30,1.49,0.02,"Aurobindo Unit III, India",TRUE,31,"$1,047.04 ",1.37
"10,784",104-CI-T01,Pre-PQ Process,SO-27542,DN-1356,Côte d'Ivoire,PMO - US,From RDC,N/A - From RDC,Air,Date Not Captured,N/A - From RDC,11-Aug-09,11-Aug-09,11-Aug-09,ARV,Adult,SCMS from RDC,"Abacavir 300mg, tablets, 60 Tabs",Abacavir,Generic,300mg,Tablet,60,"6,930",176368.50,25.45,0.42,Mylan (formerly Matrix) Nashik,TRUE,687,"$1,854.88 ",345.68
"10,785",111-MZ-T01,Pre-PQ Process,SO-32540,DN-1358,Mozambique,PMO - US,From RDC,N/A - From RDC,Truck,Date Not Captured,N/A - From RDC,27-Aug-09,27-Aug-09,27-Aug-09,ARV,Adult,SCMS from RDC,"Lamivudine/Nevirapine/Stavudine 150/200/30mg, tablets, 60 Tabs",Lamivudine/Nevirapine/Stavudine,Generic,150/200/30mg,Tablet - FDC,60,"125,000",890000.00,7.12,0.12,"Strides, Bangalore, India.",TRUE,9290,"$2,400.26 ","1,744.40"
"10,786",110-ZM-T01,Pre-PQ Process,SO-31950,DN-1361,Zambia,PMO - US,From RDC,N/A - From RDC,Truck,Date Not Captured,N/A - From RDC,04-Sep-09,04-Sep-09,04-Sep-09,ARV,Adult,SCMS from RDC,"Zidovudine 300mg, tablets, 60 Tabs",Zidovudine,Generic,300mg,Tablet,60,"9,700",74787.00,7.71,0.13,"Aurobindo Unit III, India",TRUE,551,"$2,448.71 ",146.58
"10,787",109-TZ-T01,Pre-PQ Process,SO-31280,DN-1368,Tanzania,PMO - US,From RDC,N/A - From RDC,Truck,Date Not Captured,N/A - From RDC,20-Aug-09,20-Aug-09,20-Aug-09,ARV,Adult,SCMS from RDC,"Abacavir 300mg, tablets, 60 Tabs",Abacavir,Generic,300mg,Tablet,60,"4,794",122007.30,25.45,0.42,Mylan (formerly Matrix) Nashik,TRUE,475,"$3,588.34 ",239.13
"10,788",110-ZM-T01,Pre-PQ Process,SO-32550,DN-1382,Zambia,PMO - US,From RDC,N/A - From RDC,Truck,Date Not Captured,N/A - From RDC,17-Aug-09,17-Aug-09,17-Aug-09,ARV,Adult,SCMS from RDC,"Lamivudine/Zidovudine 150/300mg, tablets, 60 Tabs",Lamivudine/Zidovudine,Generic,150/300mg,Tablet - FDC,60,"108,000",946080.00,8.76,0.15,"Aurobindo Unit III, India",TRUE,10865,"$13,518.56 ","1,854.32"
"10,791",104-CI-T01,Pre-PQ Process,SO-32840,DN-1388,Côte d'Ivoire,PMO - US,From RDC,N/A - From RDC,Air,Date Not Captured,N/A - From RDC,28-Sep-09,28-Sep-09,28-Sep-09,ARV,Adult,SCMS from RDC,"Zidovudine 300mg, tablets, 60 Tabs",Zidovudine,Generic,300mg,Tablet,60,"7,000",52710.00,7.53,0.13,Hetero Unit III Hyderabad IN,TRUE,396,"$6,087.84 ",103.31
"10,792",104-CI-T01,Pre-PQ Process,SO-31730,DN-1400,Côte d'Ivoire,PMO - US,From RDC,N/A - From RDC,Air,Date Not Captured,N/A - From RDC,09-Sep-09,09-Sep-09,09-Sep-09,ARV,Adult,SCMS from RDC,"Lamivudine/Zidovudine 150/300mg, tablets, 60 Tabs",Lamivudine/Zidovudine,Generic,150/300mg,Tablet - FDC,60,"8,824",77298.24,8.76,0.15,Mylan (formerly Matrix) Nashik,TRUE,706,"$3,144.57 ",151.5
"10,793",104-CI-T01,Pre-PQ Process,SO-32210,DN-1401,Côte d'Ivoire,PMO - US,From RDC,N/A - From RDC,Air,Date Not Captured,N/A - From RDC,08-Sep-09,08-Sep-09,08-Sep-09,ARV,Adult,SCMS from RDC,"Stavudine 15mg, capsules, 60 Caps",Stavudine,Generic,15mg,Capsule,60,"1,216",1824.00,1.5,0.02,"Aurobindo Unit III, India",TRUE,3426,"$9,797.41 ",3.58
"10,794",110-ZM-T01,Pre-PQ Process,SO-33020,DN-1416,Zambia,PMO - US,From RDC,N/A - From RDC,Truck,Date Not Captured,N/A - From RDC,22-Sep-09,22-Sep-09,22-Sep-09,ARV,Adult,SCMS from RDC,"Nevirapine 200mg, tablets, 60 Tabs",Nevirapine,Generic,200mg,Tablet,60,"98,000",294000.00,3,0.05,"Aurobindo Unit III, India",TRUE,9522,"$13,518.56 ",576.24
"10,795",106-HT-T01,Pre-PQ Process,SO-33030,DN-1458,Haiti,PMO - US,From RDC,N/A - From RDC,Air,Date Not Captured,N/A - From RDC,13-Oct-09,13-Oct-09,13-Oct-09,ARV,Pediatric,SCMS from RDC,"Zidovudine 10mg/ml, oral solution, Bottle, 240 ml",Zidovudine,Generic,10mg/ml,Oral solution,240,"4,315",9061.50,2.1,0.01,"Aurobindo Unit III, India",TRUE,2520,"$25,874.10 ",17.76
"23,842",116-ZA-T30,FPQ-12522,SCMS-199289,ASN-28034,South Africa,PMO - US,Direct Drop,DDP,Truck,07-11-13,8/29/2014,29-Aug-14,29-Aug-14,29-Aug-14,ARV,Adult,S. BUYS WHOLESALER,"Lopinavir/Ritonavir 200/50mg [Aluvia], tablets, 120 Tabs",Lopinavir/Ritonavir,Aluvia,200/50mg,Tablet,120,101,2601.73,25.76,0.21,ABBVIE Ludwigshafen Germany,FALSE,Weight Captured Separately,Freight Included in Commodity Cost,3.22
"10,797",114-UG-T01,Pre-PQ Process,SO-33570,DN-1464,Uganda,PMO - US,From RDC,N/A - From RDC,Air,Date Not Captured,N/A - From RDC,08-Oct-09,08-Oct-09,08-Oct-09,ARV,Adult,SCMS from RDC,"Lamivudine/Nevirapine/Stavudine 150/200/30mg, tablets, 60 Tabs",Lamivudine/Nevirapine/Stavudine,Generic,150/200/30mg,Tablet - FDC,60,240,1680.00,7,0.12,"Cipla, Goa, India",TRUE,23,"$1,173.10 ",3.29
"10,798",109-TZ-T01,Pre-PQ Process,SO-31283,DN-1470,Tanzania,PMO - US,From RDC,N/A - From RDC,Truck,Date Not Captured,N/A - From RDC,26-Oct-09,26-Oct-09,26-Oct-09,ARV,Adult,SCMS from RDC,"Abacavir 300mg, tablets, 60 Tabs",Abacavir,Generic,300mg,Tablet,60,"6,915",175986.75,25.45,0.42,"Aurobindo Unit III, India",TRUE,1067,"$2,217.50 ",344.93
"10,799",114-UG-T01,Pre-PQ Process,SO-33400,DN-1480,Uganda,PMO - US,From RDC,N/A - From RDC,Truck,Date Not Captured,N/A - From RDC,12-Oct-09,12-Oct-09,12-Oct-09,ARV,Adult,SCMS from RDC,"Lamivudine/Nevirapine/Zidovudine 150/200/300mg, tablets, 60 Tabs",Lamivudine/Nevirapine/Zidovudine,Generic,150/300/200mg,Tablet - FDC,60,"14,066",159649.10,11.35,0.19,"Aurobindo Unit III, India",TRUE,1593,"$9,547.70 ",312.91
"10,800",104-CI-T01,Pre-PQ Process,SO-34070,DN-1492,Côte d'Ivoire,PMO - US,From RDC,N/A - From RDC,Air,Date Not Captured,N/A - From RDC,27-Oct-09,27-Oct-09,27-Oct-09,ARV,Pediatric,SCMS from RDC,"Lamivudine 10mg/ml, oral solution, Bottle, 240 ml",Lamivudine,Generic,10mg/ml,Oral solution,240,"3,535",6716.50,1.9,0.01,"Aurobindo Unit III, India",TRUE,1224,"$2,298.61 ",14.48
"10,801",104-CI-T01,Pre-PQ Process,SO-34140,DN-1494,Côte d'Ivoire,PMO - US,From RDC,N/A - From RDC,Air,Date Not Captured,N/A - From RDC,27-Oct-09,27-Oct-09,27-Oct-09,ARV,Adult,SCMS from RDC,"Stavudine 30mg, capsules, 60 Caps",Stavudine,Generic,30mg,Capsule,60,"2,430",3547.80,1.46,0.02,"Aurobindo Unit III, India",TRUE,156,"$2,298.60 ",7.65
"23,967",116-ZA-T30,FPQ-13973,SCMS-238555,ASN-29257,South Africa,PMO - US,Direct Drop,DDP,Truck,4/30/2014,11-04-14,05-Nov-14,05-Nov-14,05-Nov-14,ARV,Adult,PHARMACY DIRECT,"Abacavir 300mg, tablets, 60 Tabs",Abacavir,Generic,300mg,Tablet,60,84,5795.22,68.99,1.15,"Aurobindo Unit III, India",FALSE,Weight Captured Separately,Freight Included in Commodity Cost,5.96
"10,804",111-MZ-T01,Pre-PQ Process,SO-323,DN-15,Mozambique,PMO - US,From RDC,N/A - From RDC,Air,Pre-PQ Process,N/A - From RDC,01-Feb-07,01-Feb-07,01-Feb-07,ARV,Adult,SCMS from RDC,"Saquinavir 200mg [Invirase], capsules, 270 Caps",Saquinavir,Invirase,200mg,Capsule,270,117,9117.81,77.93,0.29,Roche Basel,TRUE,155,$939.08 ,
"10,810",107-RW-T01,Pre-PQ Process,SO-290,DN-9,Rwanda,PMO - US,From RDC,N/A - From RDC,Air,Pre-PQ Process,N/A - From RDC,05-Feb-07,05-Feb-07,05-Feb-07,ARV,Adult,SCMS from RDC,"Nelfinavir (as mesilate) 250mg [Viracept], tablets, 270 Tabs",Nelfinavir (as mesilate),Viracept,250mg,Tablet,270,400,38920.00,97.3,0.36,Roche Madrid,TRUE,108,"$23,000.34 ",
"10,811",100-CI-T01,Pre-PQ Process,SO-350,DN-28,Côte d'Ivoire,PMO - US,From RDC,N/A - From RDC,,Pre-PQ Process,N/A - From RDC,08-Mar-07,08-Mar-07,08-Mar-07,ARV,Adult,SCMS from RDC,"Ritonavir 100mg [Norvir], capsules, cool, 4 x 84 Caps",Ritonavir,Norvir,100mg,Capsule,336,360,13809.60,38.36,0.11,ABBVIE (Abbott) France,TRUE,630,"$3,660.40 ",
"10,813",110-ZM-T01,Pre-PQ Process,SO-232,DN-89,Zambia,PMO - US,From RDC,N/A - From RDC,,Pre-PQ Process,N/A - From RDC,04-May-07,04-May-07,04-May-07,HRDT,HIV test,SCMS from RDC,"HIV 1/2, Uni-Gold HIV Kit, 20 Tests","HIV 1/2, Uni-Gold HIV Kit",Uni-Gold,,Test kit,20,"1,500",48000.00,32,1.6,"Trinity Biotech, Plc",TRUE,580,"$4,965.24 ",
"10,814",111-MZ-T01,Pre-PQ Process,SO-497,DN-121,Mozambique,PMO - US,From RDC,N/A - From RDC,Air,Pre-PQ Process,N/A - From RDC,18-May-07,18-May-07,18-May-07,ARV,Pediatric,SCMS from RDC,"Abacavir 20mg/ml, oral solution, Bottle, 240 ml",Abacavir,Generic,20mg/ml,Oral solution,240,474,10191.00,21.5,0.09,"Aurobindo Unit III, India",TRUE,221,$710.68 ,
"10,816",111-MZ-T01,Pre-PQ Process,SO-533,DN-123,Mozambique,PMO - US,From RDC,N/A - From RDC,Air,Pre-PQ Process,N/A - From RDC,18-May-07,18-May-07,18-May-07,ARV,Pediatric,SCMS from RDC,"Efavirenz 200mg [Stocrin/Sustiva], capsule, 90 Caps",Efavirenz,Stocrin/Sustiva,200mg,Capsule,90,409,13251.60,32.4,0.36,"MSD Manati, Puerto Rico, (USA)",TRUE,45,$348.09 ,
"10,817",111-MZ-T01,Pre-PQ Process,SO-383,DN-124,Mozambique,PMO - US,From RDC,N/A - From RDC,Air,Pre-PQ Process,N/A - From RDC,18-May-07,18-May-07,18-May-07,ARV,Adult,SCMS from RDC,"Lopinavir/Ritonavir 200/50mg [Aluvia], tablets, 120 Tabs",Lopinavir/Ritonavir,Aluvia,200/50mg,Tablet,120,250,10275.00,41.1,0.34,ABBVIE Ludwigshafen Germany,TRUE,105,$348.09 ,
"10,818",110-ZM-T01,Pre-PQ Process,SO-311,DN-129,Zambia,PMO - US,From RDC,N/A - From RDC,,Pre-PQ Process,N/A - From RDC,15-May-07,15-May-07,15-May-07,ARV,Adult,SCMS from RDC,"Lamivudine/Zidovudine 150/300mg, tablets, 60 Tabs",Lamivudine/Zidovudine,Generic,150/300mg,Tablet - FDC,60,"85,158",909487.44,10.68,0.18,"Aurobindo Unit III, India",TRUE,8169,"$33,572.78 ",
"10,819",109-TZ-T01,Pre-PQ Process,SO-420,DN-133,Tanzania,PMO - US,From RDC,N/A - From RDC,Air,Pre-PQ Process,N/A - From RDC,31-May-07,31-May-07,31-May-07,HRDT,HIV test,SCMS from RDC,"HIV 1/2, Bioline 3.0 Kit, Lancets, Capillary pipets, Alcohol swabs included, 25 Tests","HIV 1/2, Bioline 3.0 Kit, Lancets, Capillary pipets, Alcohol swabs included",Bioline,,Test kit,25,"8,009",160180.00,20,0.8,"Standard Diagnostics, Korea",TRUE,Weight Captured Separately,"$12,740.42 ",
"24,116",116-ZA-T30,FPQ-12522,SCMS-199283,ASN-27976,South Africa,PMO - US,Direct Drop,DDP,Truck,07-11-13,8/27/2014,27-Aug-14,27-Aug-14,27-Aug-14,ARV,Pediatric,S. BUYS WHOLESALER,"Efavirenz 200mg, capsule, 90 Caps",Efavirenz,Generic,200mg,Capsule,90,25,659.22,26.37,0.29,"Aurobindo Unit III, India",TRUE,Weight Captured Separately,Freight Included in Commodity Cost,0.82
"24,151",106-HT-T30,FPQ-15884,SCMS-288090,ASN-33666,Haiti,PMO - US,Direct Drop,CIP,Air,03-04-15,5/18/2015,07-Sep-15,07-Sep-15,08-Sep-15,ARV,Adult,"MSD LATIN AMERICA SERVICES, S. DE R.L. DE C.V.","Raltegravir 400mg [Isentress], tablets, 60 Tabs",Raltegravir,Isentress,400mg,Tablet,60,400,22200.00,55.5,0.92,"MSD, Haarlem, NL",TRUE,Weight Captured Separately,Freight Included in Commodity Cost,26.13
"10,823",107-RW-T01,Pre-PQ Process,SO-481,DN-100,Rwanda,PMO - US,From RDC,N/A - From RDC,Air,Pre-PQ Process,N/A - From RDC,14-May-07,14-May-07,14-May-07,ARV,Pediatric,SCMS from RDC,"Abacavir 20mg/ml, oral solution, Bottle, 240 ml",Abacavir,Generic,20mg/ml,Oral solution,240,90,1935.00,21.5,0.09,"Aurobindo Unit III, India",TRUE,120,"$11,609.31 ",
"10,824",100-CI-T01,Pre-PQ Process,SO-430,DN-75,Côte d'Ivoire,PMO - US,From RDC,N/A - From RDC,,Pre-PQ Process,N/A - From RDC,30-Apr-07,30-Apr-07,30-Apr-07,ARV,Adult,SCMS from RDC,"Lamivudine/Zidovudine 150/300mg, tablets, 60 Tabs",Lamivudine/Zidovudine,Generic,150/300mg,Tablet - FDC,60,"6,945",71186.25,10.25,0.17,"Aurobindo Unit III, India",TRUE,650,"$2,457 ",
"10,825",113-ZW-T01,Pre-PQ Process,SO-279,DN-187,Zimbabwe,PMO - US,From RDC,N/A - From RDC,,Pre-PQ Process,N/A - From RDC,12-Jun-07,12-Jun-07,12-Jun-07,ARV,Adult,SCMS from RDC,"Lamivudine 150mg, tablets, 60 Tabs",Lamivudine,Generic,150mg,Tablet,60,"2,329",7615.83,3.27,0.05,"Ranbaxy, Paonta Shahib, India",TRUE,153,"$1,013.24 ",12.19
"10,830",109-TZ-T01,Pre-PQ Process,SO-606,DN-168,Tanzania,PMO - US,From RDC,N/A - From RDC,Air,Pre-PQ Process,N/A - From RDC,06-Jul-07,06-Jul-07,06-Jul-07,ARV,Adult,SCMS from RDC,"Abacavir 300mg, tablets, 60 Tabs",Abacavir,Generic,300mg,Tablet,60,"6,781",242759.80,35.8,0.6,"Aurobindo Unit III, India",TRUE,675,"$2,440 ",
"10,831",104-CI-T01,Pre-PQ Process,SO-635,DN-170,Côte d'Ivoire,PMO - US,From RDC,N/A - From RDC,,Pre-PQ Process,N/A - From RDC,08-Jun-07,08-Jun-07,08-Jun-07,HRDT,HIV test,SCMS from RDC,"HIV 1/2, Determine Complete HIV Kit, 100 Tests","HIV 1/2, Determine Complete HIV Kit",Determine,,Test kit,100,50,4000.00,80,0.8,ABBVIE GmbH & Co.KG Wiesbaden,TRUE,15,"$1,363 ",
"24,285",116-ZA-T30,FPQ-13973,SCMS-238554,ASN-28627,South Africa,PMO - US,Direct Drop,DDP,Truck,4/30/2014,10-03-14,03-Oct-14,03-Oct-14,03-Oct-14,ARV,Adult,PHARMACY DIRECT,"Didanosine 250mg, delayed-release capsules, 30 Caps",Didanosine,Generic,250mg,Delayed-release capsules,30,1,15.25,15.25,0.51,"Aurobindo Unit III, India",FALSE,Weight Captured Separately,Freight Included in Commodity Cost,0.02
"24,300",116-ZA-T30,FPQ-12522,SCMS-199283,ASN-27976,South Africa,PMO - US,Direct Drop,DDP,Truck,07-11-13,8/27/2014,27-Aug-14,27-Aug-14,27-Aug-14,ARV,Pediatric,S. BUYS WHOLESALER,"Lamivudine 10mg/ml, oral solution w/syringe, Bottle, 240 ml",Lamivudine,Generic,10mg/ml,Oral solution,240,13,103.95,8,0.03,"Aurobindo Unit III, India",FALSE,Weight Captured Separately,Freight Included in Commodity Cost,0.13
"10,834",104-CI-T01,Pre-PQ Process,SO-560,DN-146,Côte d'Ivoire,PMO - US,From RDC,N/A - From RDC,,Pre-PQ Process,N/A - From RDC,16-May-07,16-May-07,16-May-07,ARV,Adult,SCMS from RDC,"Abacavir 300mg, tablets, 60 Tabs",Abacavir,Generic,300mg,Tablet,60,268,9594.40,35.8,0.6,"Aurobindo Unit III, India",TRUE,151,"$1,516 ",
"10,837",109-TZ-T01,Pre-PQ Process,SO-428,DN-161,Tanzania,PMO - US,From RDC,N/A - From RDC,Air,Pre-PQ Process,N/A - From RDC,06-Jul-07,06-Jul-07,06-Jul-07,ARV,Adult,SCMS from RDC,"Lamivudine/Nevirapine/Stavudine 150/200/30mg, tablets, 60 Tabs",Lamivudine/Nevirapine/Stavudine,Generic,150/200/30mg,Tablet - FDC,60,"3,386",25395.00,7.5,0.12,"Cipla, Goa, India",TRUE,31,"$1,589 ",
"24,440",116-ZA-T30,FPQ-12522,SCMS-199287,ASN-27748,South Africa,PMO - US,Direct Drop,DDP,Truck,07-11-13,8/13/2014,13-Aug-14,13-Aug-14,13-Aug-14,ARV,Pediatric,S. BUYS WHOLESALER,"Lopinavir/Ritonavir 80/20mg/ml [Kaletra], oral solution, cool, Bottle 5 x 60 ml",Lopinavir/Ritonavir,Kaletra,80/20mg/ml,Oral solution,300,2,46.90,23.45,0.08,ABBVIE (Abbott) Logis. UK,TRUE,Weight Captured Separately,Freight Included in Commodity Cost,0.06
"10,840",109-TZ-T01,Pre-PQ Process,SO-850,DN-281,Tanzania,PMO - US,From RDC,N/A - From RDC,,Pre-PQ Process,N/A - From RDC,22-Aug-07,22-Aug-07,22-Aug-07,ARV,Adult,SCMS from RDC,"Lamivudine/Nevirapine/Stavudine 150/200/30mg, tablets, 60 Tabs",Lamivudine/Nevirapine/Stavudine,Generic,150/200/30mg,Tablet - FDC,60,"3,386",25395.00,7.5,0.12,"Cipla, Goa, India",TRUE,345,"$2,554.39 ",40.63
"10,841",120-AO-T01,Pre-PQ Process,SO-780,DN-256,Angola,PMO - US,From RDC,N/A - From RDC,Truck,Pre-PQ Process,N/A - From RDC,15-Oct-07,15-Oct-07,15-Oct-07,HRDT,HIV test,SCMS from RDC,"HIV 1/2, Determine Complete HIV Kit, 100 Tests","HIV 1/2, Determine Complete HIV Kit",Determine,,Test kit,100,150,12000.00,80,0.8,ABBVIE GmbH & Co.KG Wiesbaden,TRUE,49,"$1,012.59 ",19.2
"10,842",107-RW-T01,Pre-PQ Process,SO-826,DN-261,Rwanda,PMO - US,From RDC,N/A - From RDC,Air,Pre-PQ Process,N/A - From RDC,22-Aug-07,22-Aug-07,22-Aug-07,HRDT,HIV test,SCMS from RDC,"HIV 1/2, Uni-Gold HIV Kit, 20 Tests","HIV 1/2, Uni-Gold HIV Kit",Uni-Gold,,Test kit,20,155,4960.00,32,1.6,"Trinity Biotech, Plc",TRUE,55,"$1,126.84 ",7.94
"10,843",110-ZM-T01,Pre-PQ Process,SO-314,DN-270,Zambia,PMO - US,From RDC,N/A - From RDC,,Pre-PQ Process,N/A - From RDC,07-Aug-07,07-Aug-07,07-Aug-07,ARV,Adult,SCMS from RDC,"Nevirapine 200mg, tablets, 60 Tabs",Nevirapine,Generic,200mg,Tablet,60,"52,865",188728.05,3.57,0.06,"Aurobindo Unit III, India",TRUE,9182,"$37,695.46 ",301.96
"10,844",107-RW-T01,Pre-PQ Process,SO-644,DN-217,Rwanda,PMO - US,From RDC,N/A - From RDC,Air,Pre-PQ Process,N/A - From RDC,30-Jul-07,30-Jul-07,30-Jul-07,HRDT,HIV test,SCMS from RDC,"HIV 1/2, Uni-Gold HIV Kit, 20 Tests","HIV 1/2, Uni-Gold HIV Kit",Uni-Gold,,Test kit,20,250,8000.00,32,1.6,"Trinity Biotech, Plc",TRUE,78,"$1,324.61 ",12.8
"10,845",102-NG-T01,Pre-PQ Process,SO-667,DN-236,Nigeria,PMO - US,From RDC,N/A - From RDC,,Pre-PQ Process,N/A - From RDC,05-Jul-07,05-Jul-07,05-Jul-07,HRDT,HIV test,SCMS from RDC,"HIV 1/2, Stat-Pak HIV, Kit, 20 Tests","HIV 1/2, Stat-Pak HIV, Kit",Stat-Pak,,Test kit,20,500,13500.00,27,1.35,Chembio Diagnostics Sys. Inc.,TRUE,115,"$1,352 ",21.6
"10,846",105-GY-T01,Pre-PQ Process,SO-693,DN-232,Guyana,PMO - US,From RDC,N/A - From RDC,Air,Pre-PQ Process,N/A - From RDC,18-Jul-07,18-Jul-07,18-Jul-07,ARV,Adult,SCMS from RDC,"Zidovudine 300mg, tablets, 60 Tabs",Zidovudine,Generic,300mg,Tablet,60,209,1703.35,8.15,0.14,"Ranbaxy, Paonta Shahib, India",TRUE,12,$764.62 ,2.73
"10,847",104-CI-T01,Pre-PQ Process,SO-522,DN-240,Côte d'Ivoire,PMO - US,From RDC,N/A - From RDC,,Pre-PQ Process,N/A - From RDC,16-Jul-07,16-Jul-07,16-Jul-07,ARV,Adult,SCMS from RDC,"Abacavir 300mg, tablets, 60 Tabs",Abacavir,Generic,300mg,Tablet,60,"1,051",37625.80,35.8,0.6,"Aurobindo Unit III, India",TRUE,373,"$1,850 ",60.2
"10,851",111-MZ-T01,Pre-PQ Process,SO-382,DN-259,Mozambique,PMO - US,From RDC,N/A - From RDC,Air,Pre-PQ Process,N/A - From RDC,21-Sep-07,21-Sep-07,21-Sep-07,ARV,Pediatric,SCMS from RDC,"Stavudine 1mg/ml, powder for oral solution, 200 ml",Stavudine,Generic,1mg/ml,Oral solution,200,165,239.25,1.45,0.01,"Aurobindo Unit III, India",TRUE,15,$350.78 ,0.38
"10,852",112-NG-T01,Pre-PQ Process,SO-642,DN-213,Nigeria,PMO - US,From RDC,N/A - From RDC,Air,Pre-PQ Process,N/A - From RDC,06-Jul-07,06-Jul-07,06-Jul-07,ARV,Adult,SCMS from RDC,"Stavudine 20mg, capsules, 60 Caps",Stavudine,Generic,20mg,Capsule,60,253,442.75,1.75,0.03,"Aurobindo Unit III, India",TRUE,15,$460 ,0.71
"10,855",104-CI-T01,Pre-PQ Process,SO-616,DN-288,Côte d'Ivoire,PMO - US,From RDC,N/A - From RDC,,Pre-PQ Process,N/A - From RDC,13-Aug-07,13-Aug-07,13-Aug-07,ARV,Adult,SCMS from RDC,"Zidovudine 300mg, tablets, 60 Tabs",Zidovudine,Generic,300mg,Tablet,60,"18,290",155830.80,8.52,0.14,"Aurobindo Unit III, India",TRUE,1114,"$3,473 ",249.33
"24,461",116-ZA-T30,FPQ-12522,SCMS-199289,ASN-28036,South Africa,PMO - US,Direct Drop,DDP,Truck,07-11-13,8/29/2014,29-Aug-14,29-Aug-14,29-Aug-14,ARV,Pediatric,S. BUYS WHOLESALER,"Efavirenz 50mg, capsule, 30 Caps",Efavirenz,Generic,50mg,Capsule,30,119,394.64,3.32,0.11,"Aurobindo Unit III, India",FALSE,Weight Captured Separately,Freight Included in Commodity Cost,0.49
"10,859",109-TZ-T01,Pre-PQ Process,SO-455,DN-290,Tanzania,PMO - US,From RDC,N/A - From RDC,,Pre-PQ Process,N/A - From RDC,10-Sep-07,10-Sep-07,10-Sep-07,ARV,Adult,SCMS from RDC,"Abacavir 300mg, tablets, 60 Tabs",Abacavir,Generic,300mg,Tablet,60,"3,896",139476.80,35.8,0.6,"Aurobindo Unit III, India",TRUE,3369,"$9,689 ",223.16
"10,860",109-TZ-T01,Pre-PQ Process,SO-646,DN-294,Tanzania,PMO - US,From RDC,N/A - From RDC,,Pre-PQ Process,N/A - From RDC,18-Oct-07,18-Oct-07,18-Oct-07,HRDT,HIV test,SCMS from RDC,"HIV 1/2, Bioline 3.0 Kit, Lancets, Capillary pipets, Alcohol swabs included, 25 Tests","HIV 1/2, Bioline 3.0 Kit, Lancets, Capillary pipets, Alcohol swabs included",Bioline,,Test kit,25,"8,000",160000.00,20,0.8,"Standard Diagnostics, Korea",TRUE,2366,"$13,952.38 ",256
"24,488",116-ZA-T30,FPQ-14942,SCMS-259074,ASN-31069,South Africa,PMO - US,Direct Drop,DDP,Truck,09-11-14,03-09-15,09-Mar-15,09-Mar-15,09-Mar-15,ARV,Adult,PHARMACY DIRECT,"Darunavir 300mg [Prezista], tablets, 120 Tabs",Darunavir,Prezista,300mg,Tablet,120,47,2215.03,47.13,0.39,"Janssen-Cilag, Latina, IT",TRUE,Weight Captured Separately,Freight Included in Commodity Cost,2.28
"24,581",116-ZA-T30,FPQ-14942,SCMS-259075,ASN-32138,South Africa,PMO - US,Direct Drop,DDP,Truck,09-11-14,05-11-15,12-May-15,12-May-15,12-May-15,ARV,Adult,PHARMACY DIRECT,"Etravirine 100mg [Intelence], tablets, 120 Tabs",Etravirine,Intelence,100mg,Tablet,120,3,76.78,25.59,0.21,"Janssen-Cilag, Latina, IT",FALSE,Weight Captured Separately,Freight Included in Commodity Cost,0.08
"10,863",114-UG-T01,Pre-PQ Process,SO-895,DN-298,Uganda,PMO - US,From RDC,N/A - From RDC,Air,Pre-PQ Process,N/A - From RDC,27-Aug-07,27-Aug-07,27-Aug-07,ARV,Adult,SCMS from RDC,"Nevirapine 200mg, tablets, 60 Tabs",Nevirapine,Generic,200mg,Tablet,60,"1,859",6320.60,3.4,0.06,"Aurobindo Unit III, India",TRUE,214,$891 ,10.11
"24,754",116-ZA-T30,FPQ-12522,SCMS-199283,ASN-27979,South Africa,PMO - US,Direct Drop,DDP,Truck,07-11-13,8/27/2014,27-Aug-14,27-Aug-14,27-Aug-14,ARV,Adult,S. BUYS WHOLESALER,"Lamivudine/Zidovudine 150/300mg, tablets, 60 Tabs",Lamivudine/Zidovudine,Generic,150/300mg,Tablet - FDC,60,31,1022.62,32.99,0.55,Hetero Unit III Hyderabad IN,FALSE,Weight Captured Separately,Freight Included in Commodity Cost,1.26
"24,766",116-ZA-T30,FPQ-5535,SCMS-71370,ASN-7373,South Africa,PMO - US,Direct Drop,DDP,Truck,4/19/2010,4/21/2010,31-May-10,31-May-10,31-May-10,ARV,Adult,S. BUYS WHOLESALER,"Tenofovir Disoproxil Fumarate 300mg [Viread], tablets, 30 Tabs",Tenofovir Disoproxil Fumarate,Viread,300mg,Tablet,30,"1,200",34631.24,28.86,0.96,"Aspen-OSD, Port Elizabeth, SA",FALSE,Weight Captured Separately,Freight Included in Commodity Cost,74.66
"10,867",104-CI-T01,Pre-PQ Process,SO-792,DN-356,Côte d'Ivoire,PMO - US,From RDC,N/A - From RDC,,Pre-PQ Process,N/A - From RDC,19-Sep-07,19-Sep-07,19-Sep-07,HRDT,HIV test,SCMS from RDC,"#108853** HIV, Genie II HIV-1/HIV-2 Kit, 40 Tests","HIV, Genie II HIV-1/HIV-2 Kit",Genie,,Test kit,40,230,17480.00,76,1.9,Bio-Rad Laboratories,TRUE,917,"$6,056.76 ",27.97
"24,862",116-ZA-T30,FPQ-13035,SCMS-215370,ASN-24415,South Africa,PMO - US,Direct Drop,DDP,Truck,10-08-13,12-02-13,06-Feb-14,06-Feb-14,06-Feb-14,ARV,Pediatric,S. BUYS WHOLESALER,"Lopinavir/Ritonavir 100/25mg [Aluvia], tablets, 60 Tabs",Lopinavir/Ritonavir,Generic,100/25mg,Tablet,60,17,98.29,5.78,0.1,ABBVIE Ludwigshafen Germany,FALSE,Weight Captured Separately,Freight Included in Commodity Cost,0.12
"24,970",116-ZA-T30,FPQ-12522,SCMS-199289,ASN-28034,South Africa,PMO - US,Direct Drop,DDP,Truck,07-11-13,8/29/2014,29-Aug-14,29-Aug-14,29-Aug-14,ARV,Adult,S. BUYS WHOLESALER,"Efavirenz 600mg, tablets, 30 Tabs",Efavirenz,Generic,600mg,Tablet,30,915,15162.72,16.57,0.55,Hetero Unit III Hyderabad IN,FALSE,Weight Captured Separately,Freight Included in Commodity Cost,18.76
"25,019",116-ZA-T30,FPQ-13973,SCMS-238553,ASN-28021,South Africa,PMO - US,Direct Drop,DDP,Truck,4/30/2014,8/28/2014,28-Aug-14,28-Aug-14,28-Aug-14,ARV,Adult,PHARMACY DIRECT,"Lamivudine 150mg, tablets, 60 Tabs",Lamivudine,Generic,150mg,Tablet,60,220,2011.46,9.14,0.15,"Aurobindo Unit III, India",FALSE,Weight Captured Separately,Freight Included in Commodity Cost,2.07
"25,127",116-ZA-T30,FPQ-4359,SCMS-54980,ASN-5373,South Africa,PMO - US,Direct Drop,DDP,Truck,10-08-09,10/15/2009,19-Oct-09,19-Oct-09,19-Oct-09,ARV,Pediatric,S. BUYS WHOLESALER,"Didanosine 100mg [Videx],chewable tablets, 60 Tabs",Didanosine,Videx,100mg,Chewable/dispersible tablet,60,10,162.90,16.29,0.27,"BMS Meymac, France",FALSE,Weight Captured Separately,Freight Included in Commodity Cost,0.32
"25,141",116-ZA-T30,FPQ-14942,SCMS-295800,ASN-33865,South Africa,PMO - US,Direct Drop,DDP,Truck,09-11-14,8/24/2015,24-Aug-15,24-Aug-15,24-Aug-15,ARV,Pediatric,PHARMACY DIRECT,"Abacavir 20mg/ml, oral solution, Bottle, 240 ml",Abacavir,Generic,20mg/ml,Oral solution,240,17,322.98,19,0.08,"Aurobindo Unit III, India",FALSE,Weight Captured Separately,Freight Included in Commodity Cost,0.33
"10,881",110-ZM-T01,Pre-PQ Process,SO-752,DN-351,Zambia,PMO - US,From RDC,N/A - From RDC,,Pre-PQ Process,N/A - From RDC,12-Sep-07,12-Sep-07,12-Sep-07,ARV,Pediatric,SCMS from RDC,"Efavirenz 200mg, capsule, 90 Caps",Efavirenz,Generic,200mg,Capsule,90,"1,064",17024.00,16,0.18,"Aurobindo Unit III, India",TRUE,128,$944.21 ,27.24
"10,882",104-CI-T01,Pre-PQ Process,SO-998,DN-326,Côte d'Ivoire,PMO - US,From RDC,N/A - From RDC,,Pre-PQ Process,N/A - From RDC,05-Sep-07,05-Sep-07,05-Sep-07,HRDT,HIV test,SCMS from RDC,"#108853** HIV, Genie II HIV-1/HIV-2 Kit, 40 Tests","HIV, Genie II HIV-1/HIV-2 Kit",Genie,,Test kit,40,450,34200.00,76,1.9,Bio-Rad Laboratories,TRUE,497,"$2,650.36 ",54.72
"10,883",104-CI-T01,Pre-PQ Process,SO-972,DN-327,Côte d'Ivoire,PMO - US,From RDC,N/A - From RDC,,Pre-PQ Process,N/A - From RDC,10-Sep-07,10-Sep-07,10-Sep-07,ARV,Adult,SCMS from RDC,"Saquinavir 200mg [Invirase], capsules, 270 Caps",Saquinavir,Invirase,200mg,Capsule,270,252,19817.28,78.64,0.29,Roche Basel,TRUE,1736,"$14,182.54 ",31.71
"10,884",104-CI-T01,Pre-PQ Process,SO-956,DN-350,Côte d'Ivoire,PMO - US,From RDC,N/A - From RDC,,Pre-PQ Process,N/A - From RDC,17-Sep-07,17-Sep-07,17-Sep-07,ARV,Adult,SCMS from RDC,"Lopinavir/Ritonavir 200/50mg [Aluvia], tablets, 120 Tabs",Lopinavir/Ritonavir,Aluvia,200/50mg,Tablet,120,"3,200",131520.00,41.1,0.34,ABBVIE Ludwigshafen Germany,TRUE,749,"$2,717 ",210.43
"10,885",104-CI-T01,Pre-PQ Process,SO-999,DN-349,Côte d'Ivoire,PMO - US,From RDC,N/A - From RDC,,Pre-PQ Process,N/A - From RDC,12-Sep-07,12-Sep-07,12-Sep-07,ARV,Adult,SCMS from RDC,"Saquinavir 200mg [Invirase], capsules, 270 Caps",Saquinavir,Invirase,200mg,Capsule,270,16,1258.24,78.64,0.29,Roche Basel,TRUE,295,"$1,737 ",2.01
"25,189",116-ZA-T30,FPQ-13973,SCMS-238556,ASN-31854,South Africa,PMO - US,Direct Drop,DDP,Truck,4/30/2014,4/28/2015,28-Apr-15,28-Apr-15,28-Apr-15,ARV,Adult,PHARMACY DIRECT,"Didanosine 250mg, delayed-release capsules, 30 Caps",Didanosine,Generic,250mg,Delayed-release capsules,30,4,60.98,15.24,0.51,"Aurobindo Unit III, India",FALSE,Weight Captured Separately,Freight Included in Commodity Cost,0.06
"10,887",110-ZM-T01,Pre-PQ Process,SO-753,DN-395,Zambia,PMO - US,From RDC,N/A - From RDC,,Pre-PQ Process,N/A - From RDC,02-Nov-07,02-Nov-07,02-Nov-07,ARV,Pediatric,SCMS from RDC,"Abacavir 20mg/ml, oral solution, Bottle, 240 ml",Abacavir,Generic,20mg/ml,Oral solution,240,"1,341",22126.50,16.5,0.07,"Aurobindo Unit III, India",TRUE,395,"$3,478 ",35.4
"10,889",114-UG-T01,Pre-PQ Process,SO-1123,DN-381,Uganda,PMO - US,From RDC,N/A - From RDC,Air,Pre-PQ Process,N/A - From RDC,05-Nov-07,05-Nov-07,05-Nov-07,ARV,Adult,SCMS from RDC,"Efavirenz 600mg, tablets, 30 Tabs",Efavirenz,Generic,600mg,Tablet,30,"1,717",21325.14,12.42,0.41,"Aurobindo Unit III, India",TRUE,151,"$1,157.58 ",34.12
"10,890",104-CI-T01,Pre-PQ Process,SO-964,DN-379,Côte d'Ivoire,PMO - US,From RDC,N/A - From RDC,Air,Pre-PQ Process,N/A - From RDC,15-Oct-07,15-Oct-07,15-Oct-07,ARV,Adult,SCMS from RDC,"Saquinavir 200mg [Invirase], capsules, 270 Caps",Saquinavir,Invirase,200mg,Capsule,270,"1,577",124015.28,78.64,0.29,Roche Basel,TRUE,3023,"$13,721.28 ",198.42
"25,319",116-ZA-T30,FPQ-5381,SCMS-69591,ASN-7345,South Africa,PMO - US,Direct Drop,DDP,Truck,3/23/2010,3/25/2010,04-Jun-10,04-Jun-10,04-Jun-10,ARV,Adult,S. BUYS WHOLESALER,"Stavudine 20mg [Zerit], capsules, 60 Caps",Stavudine,Zerit,20mg,Capsule,60,150,910.31,6.07,0.1,"BMS Meymac, France",TRUE,Weight Captured Separately,Freight Included in Commodity Cost,1.96
"10,892",111-MZ-T01,Pre-PQ Process,SO-821,DN-399,Mozambique,PMO - US,From RDC,N/A - From RDC,Air,Pre-PQ Process,N/A - From RDC,22-Nov-07,22-Nov-07,22-Nov-07,ARV,Adult,SCMS from RDC,"Abacavir/Lamivudine/Zidovudine 300/150/300mg [Trizivir], tablets, 60 Tabs",Abacavir/Lamivudine/Zidovudine,Trizivir,300/150/300mg,Tablet - FDC,60,821,57470.00,70,1.17,GSK Ware (UK),TRUE,186,$549.44 ,91.95
"25,328",116-ZA-T30,FPQ-4770,SCMS-60170,ASN-5934,South Africa,PMO - US,Direct Drop,DDP,Truck,12/17/2009,12/23/2009,28-Dec-09,28-Dec-09,28-Dec-09,ARV,Adult,S. BUYS WHOLESALER,"Lopinavir/Ritonavir 200/50mg [Aluvia], tablets, 120 Tabs",Lopinavir/Ritonavir,Aluvia,200/50mg,Tablet,120,150,6083.68,40.56,0.34,ABBVIE Ludwigshafen Germany,TRUE,Weight Captured Separately,Freight Included in Commodity Cost,13.12
"25,476",116-ZA-T30,FPQ-14942,SCMS-259073,ASN-30671,South Africa,PMO - US,Direct Drop,DDP,Truck,09-11-14,02-12-15,12-Feb-15,12-Feb-15,12-Feb-15,ARV,Adult,PHARMACY DIRECT,"Emtricitabine/Tenofovir Disoproxil Fumarate 200/300mg, tablets, 30 Tabs",Emtricitabine/Tenofovir Disoproxil Fumarate,Generic,200/300mg,Tablet - FDC,30,11,240.13,21.83,0.73,"Aurobindo Unit III, India",FALSE,Weight Captured Separately,Freight Included in Commodity Cost,0.25
"25,539",116-ZA-T30,FPQ-15950,SCMS-277981,ASN-32394,South Africa,PMO - US,Direct Drop,DDP,Truck,2/20/2015,5/29/2015,26-May-15,26-May-15,26-May-15,ARV,Pediatric,PHARMACY DIRECT,"Ritonavir 80mg/ml [Norvir], oral solution, cool, Bottle, 90 ml",Ritonavir,Norvir,80mg/ml,Oral solution,90,2,9.24,4.62,0.05,ABBVIE (Abbott) France,TRUE,Weight Captured Separately,Freight Included in Commodity Cost,0.01
"25,566",116-ZA-T30,FPQ-14942,SCMS-259071,ASN-29597,South Africa,PMO - US,Direct Drop,DDP,Truck,09-11-14,11/28/2014,28-Nov-14,28-Nov-14,28-Nov-14,ARV,Adult,PHARMACY DIRECT,"Efavirenz 600mg, tablets, 30 Tabs",Efavirenz,Generic,600mg,Tablet,30,132,1487.53,11.27,0.38,"Aurobindo Unit III, India",FALSE,Weight Captured Separately,Freight Included in Commodity Cost,1.53
"10,900",110-ZM-T01,Pre-PQ Process,SO-207,DN-383,Zambia,PMO - US,From RDC,N/A - From RDC,,Pre-PQ Process,N/A - From RDC,17-Oct-07,17-Oct-07,17-Oct-07,ARV,Pediatric,SCMS from RDC,"Zidovudine 100mg [Retrovir], capsules, 100 Caps",Zidovudine,Retrovir,100mg,Capsule,100,"2,623",27279.20,10.4,0.1,GSK Crawley,TRUE,159,"$1,007.34 ",43.65
"10,901",110-ZM-T01,Pre-PQ Process,SO-976,DN-384,Zambia,PMO - US,From RDC,N/A - From RDC,,Pre-PQ Process,N/A - From RDC,29-Oct-07,29-Oct-07,29-Oct-07,ARV,Pediatric,SCMS from RDC,"Lamivudine 10mg/ml, oral solution, Bottle, 240 ml",Lamivudine,Generic,10mg/ml,Oral solution,240,"5,496",10827.12,1.97,0.01,"Aurobindo Unit III, India",TRUE,6230,"$25,739.49 ",17.32
"10,903",112-NG-T01,Pre-PQ Process,SO-1221,DN-409,Nigeria,PMO - US,From RDC,N/A - From RDC,Air,Pre-PQ Process,N/A - From RDC,16-Nov-07,16-Nov-07,16-Nov-07,ARV,Pediatric,SCMS from RDC,"Efavirenz 50mg, capsule, 30 Caps",Efavirenz,Generic,50mg,Capsule,30,100,224.00,2.24,0.07,"Aurobindo Unit III, India",TRUE,118,"$1,616.04 ",0.36
"25,676",116-ZA-T30,FPQ-14942,SCMS-259077,ASN-33477,South Africa,PMO - US,Direct Drop,DDP,Truck,09-11-14,10-09-14,24-Jul-15,24-Jul-15,24-Jul-15,ARV,Adult,PHARMACY DIRECT,"Didanosine 250mg, delayed-release capsules, 30 Caps",Didanosine,Generic,250mg,Delayed-release capsules,30,5,55.08,11.02,0.37,"Aurobindo Unit III, India",TRUE,Weight Captured Separately,Freight Included in Commodity Cost,0.06
"10,905",100-ZW-T01,Pre-PQ Process,SO-1207,DN-424,Zimbabwe,PMO - US,From RDC,N/A - From RDC,Air,Pre-PQ Process,N/A - From RDC,16-Nov-07,16-Nov-07,16-Nov-07,ARV,Adult,SCMS from RDC,"Lamivudine/Stavudine 150/30mg, tablets, 30 Tabs",Lamivudine/Stavudine,Generic,150/30mg,Tablet - FDC,30,1,2.00,2,0.07,"Cipla, Goa, India",TRUE,63,$598.08 ,0
"10,906",114-UG-T01,Pre-PQ Process,SO-1085,DN-430,Uganda,PMO - US,From RDC,N/A - From RDC,Air,Pre-PQ Process,N/A - From RDC,10-Dec-07,10-Dec-07,10-Dec-07,ARV,Adult,SCMS from RDC,"Lamivudine/Nevirapine/Zidovudine 150/200/300mg, tablets, 60 Tabs",Lamivudine/Nevirapine/Zidovudine,Generic,150/300/200mg,Tablet - FDC,60,"1,650",22275.00,13.5,0.22,"Aurobindo Unit III, India",TRUE,197,"$1,637 ",35.64
"10,907",110-ZM-T01,Pre-PQ Process,SO-1028,DN-461,Zambia,PMO - US,From RDC,N/A - From RDC,,Pre-PQ Process,N/A - From RDC,25-Jan-08,25-Jan-08,25-Jan-08,ARV,Adult,SCMS from RDC,"Efavirenz 600mg, tablets, 30 Tabs",Efavirenz,Generic,600mg,Tablet,30,"44,135",548156.70,12.42,0.41,"Aurobindo Unit III, India",TRUE,3801,"$13,715.55 ",877.05
"10,908",114-UG-T01,Pre-PQ Process,SO-1300,DN-435,Uganda,PMO - US,From RDC,N/A - From RDC,Air,Pre-PQ Process,N/A - From RDC,10-Dec-07,10-Dec-07,10-Dec-07,ARV,Adult,SCMS from RDC,"Emtricitabine/Tenofovir Disoproxil Fumarate 200/300mg [Truvada], tablets, 30 Tabs",Emtricitabine/Tenofovir Disoproxil Fumarate,Truvada,300/200mg,Tablet - FDC,30,42,1102.50,26.25,0.88,Gilead(Nycomed) Oranienburg DE,TRUE,464,"$3,393 ",1.76
"10,910",104-CI-T01,Pre-PQ Process,SO-1446,DN-504,Côte d'Ivoire,PMO - US,From RDC,N/A - From RDC,Air,Pre-PQ Process,N/A - From RDC,24-Jan-08,24-Jan-08,24-Jan-08,ARV,Pediatric,SCMS from RDC,"Abacavir 20mg/ml, [DON] oral solution, Bottle, 240 ml",Abacavir,Generic,20mg/ml,Oral solution,240,"3,119",0.00,0,0,"Aurobindo Unit III, India",TRUE,1088,"$2,951.94 ",0
"10,915",110-ZM-T01,Pre-PQ Process,SO-1329,DN-465,Zambia,PMO - US,From RDC,N/A - From RDC,,Pre-PQ Process,N/A - From RDC,30-Nov-07,30-Nov-07,30-Nov-07,ARV,Pediatric,SCMS from RDC,"Efavirenz 200mg, capsule, 90 Caps",Efavirenz,Generic,200mg,Capsule,90,"2,066",33056.00,16,0.18,"Aurobindo Unit III, India",TRUE,236,"$1,448.20 ",52.89
"10,917",117-ET-T01,Pre-PQ Process,SO-1527,DN-522,Ethiopia,PMO - US,From RDC,N/A - From RDC,Air,Pre-PQ Process,N/A - From RDC,20-Feb-08,20-Feb-08,20-Feb-08,ARV,Adult,SCMS from RDC,"Stavudine 20mg, capsules, 60 Caps",Stavudine,Generic,20mg,Capsule,60,219,383.25,1.75,0.03,"Aurobindo Unit III, India",TRUE,16,$472.50 ,0.61
"10,918",117-ET-T01,Pre-PQ Process,SO-1514,DN-518,Ethiopia,PMO - US,From RDC,N/A - From RDC,Air,Pre-PQ Process,N/A - From RDC,20-Dec-07,20-Dec-07,20-Dec-07,ARV,Adult,SCMS from RDC,"Tenofovir Disoproxil Fumarate 300mg [Viread], tablets, 30 Tabs",Tenofovir Disoproxil Fumarate,Viread,300mg,Tablet,30,"1,184",20128.00,17,0.57,Gilead(Nycomed) Oranienburg DE,TRUE,49,$639.75 ,32.2
"10,919",104-CI-T01,Pre-PQ Process,SO-971,DN-421,Côte d'Ivoire,PMO - US,From RDC,N/A - From RDC,Air,Pre-PQ Process,N/A - From RDC,17-Jan-08,17-Jan-08,17-Jan-08,ARV,Adult,SCMS from RDC,"Lopinavir/Ritonavir 200/50mg [Aluvia], tablets, 120 Tabs",Lopinavir/Ritonavir,Aluvia,200/50mg,Tablet,120,479,19686.90,41.1,0.34,ABBVIE Ludwigshafen Germany,TRUE,421,"$5,947.88 ",31.5
"10,923",117-ET-T01,Pre-PQ Process,SO-1533,DN-528,Ethiopia,PMO - US,From RDC,N/A - From RDC,Air,Pre-PQ Process,N/A - From RDC,20-Dec-07,20-Dec-07,20-Dec-07,ARV,Pediatric,SCMS from RDC,"Zidovudine 10mg/ml, oral solution, Bottle, 240 ml",Zidovudine,Generic,10mg/ml,Oral solution,240,"1,926",4140.90,2.15,0.01,"Aurobindo Unit III, India",TRUE,807,"$2,511.67 ",6.63
"26,015",116-ZA-T30,FPQ-3596,SCMS-50370,ASN-5458,South Africa,PMO - US,Direct Drop,DDP,Truck,05-07-09,9/22/2009,27-Oct-09,27-Oct-09,27-Oct-09,ARV,Pediatric,S. BUYS WHOLESALER,"Efavirenz 50mg, capsule, 30 Caps",Efavirenz,Generic,50mg,Capsule,30,708,2696.29,3.81,0.13,"Aurobindo Unit III, India",TRUE,Weight Captured Separately,Freight Included in Commodity Cost,5.28
"10,925",100-ZW-T01,Pre-PQ Process,SO-712,DN-623,Zimbabwe,PMO - US,From RDC,N/A - From RDC,Air,Pre-PQ Process,N/A - From RDC,05-Mar-08,05-Mar-08,05-Mar-08,ARV,Adult,SCMS from RDC,"Lamivudine/Nevirapine/Stavudine 150/200/30mg, tablets, 60 Tabs",Lamivudine/Nevirapine/Stavudine,Generic,150/200/30mg,Tablet - FDC,60,"37,240",275576.00,7.4,0.12,"Cipla, Goa, India",TRUE,4080,"$13,317.20 ",440.92
"10,926",106-HT-T01,Pre-PQ Process,SO-1285,DN-627,Haiti,PMO - US,From RDC,N/A - From RDC,Air,Pre-PQ Process,N/A - From RDC,08-Mar-08,08-Mar-08,08-Mar-08,ARV,Pediatric,SCMS from RDC,"Didanosine 200mg, chewable/dispersible tablets, 60 Tabs",Didanosine,Generic,200mg,Chewable/dispersible tablet,60,100,1550.00,15.5,0.26,"Aurobindo Unit III, India",TRUE,195,"$2,587.90 ",2.48
"26,117",116-ZA-T30,FPQ-14942,SCMS-295800,ASN-33865,South Africa,PMO - US,Direct Drop,DDP,Truck,09-11-14,8/24/2015,24-Aug-15,24-Aug-15,24-Aug-15,ARV,Adult,PHARMACY DIRECT,"Lamivudine/Zidovudine 150/300mg, tablets, 60 Tabs",Lamivudine/Zidovudine,Generic,150/300mg,Tablet - FDC,60,24,551.92,23,0.38,"Aurobindo Unit III, India",FALSE,Weight Captured Separately,Freight Included in Commodity Cost,0.57
"26,121",116-ZA-T30,FPQ-3560,SCMS-49641,ASN-5136,South Africa,PMO - US,Direct Drop,DDP,Truck,05-07-09,7/21/2009,05-Aug-09,05-Aug-09,05-Aug-09,ARV,Adult,S. BUYS WHOLESALER,"Efavirenz 600mg, tablets, 30 Tabs",Efavirenz,Generic,600mg,Tablet,30,"6,715",127912.01,19.05,0.64,"Cipla, Goa, India",FALSE,Weight Captured Separately,Freight Included in Commodity Cost,250.71
"10,929",117-ET-T01,Pre-PQ Process,SO-1525,DN-530,Ethiopia,PMO - US,From RDC,N/A - From RDC,Air,Pre-PQ Process,N/A - From RDC,17-Dec-07,17-Dec-07,17-Dec-07,ARV,Pediatric,SCMS from RDC,"Efavirenz 200mg [Stocrin/Sustiva], capsule, 90 Caps",Efavirenz,Stocrin/Sustiva,200mg,Capsule,90,"1,692",27072.00,16,0.18,"MSD Manati, Puerto Rico, (USA)",TRUE,182,"$1,722 ",43.32
"10,930",110-ZM-T01,Pre-PQ Process,SO-993,DN-507,Zambia,PMO - US,From RDC,N/A - From RDC,,Pre-PQ Process,N/A - From RDC,08-Jan-08,08-Jan-08,08-Jan-08,ARV,Adult,SCMS from RDC,"Efavirenz 600mg, tablets, 30 Tabs",Efavirenz,Generic,600mg,Tablet,30,"50,061",976189.50,19.5,0.65,Mylan (formerly Matrix) Nashik,TRUE,3946,"$14,199.30 ","1,561.90"
"10,931",117-ET-T01,Pre-PQ Process,SO-1513,DN-516,Ethiopia,PMO - US,From RDC,N/A - From RDC,Air,Pre-PQ Process,N/A - From RDC,10-Jan-08,10-Jan-08,10-Jan-08,ARV,Adult,SCMS from RDC,"Tenofovir Disoproxil Fumarate 300mg [Viread], tablets, 30 Tabs",Tenofovir Disoproxil Fumarate,Viread,300mg,Tablet,30,591,10047.00,17,0.57,Gilead(Nycomed) Oranienburg DE,TRUE,37,$504 ,16.08
"10,933",107-RW-T01,Pre-PQ Process,SO-1515,DN-570,Rwanda,PMO - US,From RDC,N/A - From RDC,Air,Pre-PQ Process,N/A - From RDC,28-Jan-08,28-Jan-08,28-Jan-08,ARV,Adult,SCMS from RDC,"Lamivudine 150mg, tablets, 60 Tabs",Lamivudine,Generic,150mg,Tablet,60,"3,150",9576.00,3.04,0.05,"Ranbaxy, Paonta Shahib, India",TRUE,165,"$2,559.28 ",15.32
"26,208",116-ZA-T30,FPQ-11828,SCMS-183950,ASN-19166,South Africa,South Africa Field Office,Direct Drop,DDP,Truck,3/18/2013,Date Not Captured,16-Apr-13,16-Apr-13,16-Apr-13,ARV,Adult,S. BUYS WHOLESALER,"Efavirenz 600mg, tablets, 30 Tabs",Efavirenz,Generic,600mg,Tablet,30,"22,333",359064.74,16.08,0.54,"Cipla, Goa, India",FALSE,Weight Captured Separately,Freight Included in Commodity Cost,444.16
"10,936",117-ET-T01,Pre-PQ Process,SO-1532,DN-574,Ethiopia,PMO - US,From RDC,N/A - From RDC,Air,Pre-PQ Process,N/A - From RDC,31-Jan-08,31-Jan-08,31-Jan-08,ARV,Adult,SCMS from RDC,"Nevirapine 200mg, tablets, 60 Tabs",Nevirapine,Generic,200mg,Tablet,60,"7,511",25537.40,3.4,0.06,"Ranbaxy, Paonta Shahib, India",TRUE,732,"$2,724.27 ",40.86
"26,294",116-ZA-T30,FPQ-14942,SCMS-259072,ASN-30376,South Africa,PMO - US,Direct Drop,DDP,Truck,09-11-14,1/26/2015,26-Jan-15,26-Jan-15,26-Jan-15,ARV,Adult,PHARMACY DIRECT,"Saquinavir 200mg [Invirase], capsules, 270 Caps",Saquinavir,Invirase,200mg,Capsule,270,27,1498.82,55.51,0.21,Roche Madrid,TRUE,Weight Captured Separately,Freight Included in Commodity Cost,1.54
"10,939",110-ZM-T01,Pre-PQ Process,SO-1033,DN-553,Zambia,PMO - US,From RDC,N/A - From RDC,,Pre-PQ Process,N/A - From RDC,28-Feb-08,28-Feb-08,28-Feb-08,ARV,Adult,SCMS from RDC,"Efavirenz 600mg, tablets, 30 Tabs",Efavirenz,Generic,600mg,Tablet,30,"44,135",548156.70,12.42,0.41,Mylan (formerly Matrix) Nashik,TRUE,3483,"$12,643.63 ",877.05
"10,940",109-TZ-T01,Pre-PQ Process,SO-1648,DN-559,Tanzania,PMO - US,From RDC,N/A - From RDC,Air,Pre-PQ Process,N/A - From RDC,25-Feb-08,25-Feb-08,25-Feb-08,ARV,Pediatric,SCMS from RDC,"Didanosine 100mg, chewable/dispersible tablets, 60 Tabs",Didanosine,Generic,100mg,Chewable/dispersible tablet,60,"2,273",17615.75,7.75,0.13,"Aurobindo Unit III, India",TRUE,2749,"$10,654.94 ",28.19
"10,942",104-CI-T01,Pre-PQ Process,SO-1663,DN-587,Côte d'Ivoire,PMO - US,From RDC,N/A - From RDC,Air,Pre-PQ Process,N/A - From RDC,06-Mar-08,05-Feb-08,05-Feb-08,ARV,Adult,SCMS from RDC,"Indinavir 400mg [Crixivan], capsules, 180 Caps",Indinavir,Crixivan,400mg,Capsule,180,"5,538",276900.00,50,0.28,"MSD, Haarlem, NL",TRUE,1230,"$4,680.10 ",443.04
"10,943",117-ET-T01,Pre-PQ Process,SO-1719,DN-593,Ethiopia,PMO - US,From RDC,N/A - From RDC,Air,Pre-PQ Process,N/A - From RDC,05-Feb-08,05-Feb-08,05-Feb-08,ARV,Adult,SCMS from RDC,"Zidovudine 300mg, tablets, 60 Tabs",Zidovudine,Generic,300mg,Tablet,60,"10,000",81500.00,8.15,0.14,"Aurobindo Unit III, India",TRUE,574,"$3,787.32 ",130.4
"26,341",116-ZA-T30,FPQ-11828,SCMS-183950,ASN-19166,South Africa,South Africa Field Office,Direct Drop,DDP,Truck,3/18/2013,Date Not Captured,16-Apr-13,16-Apr-13,16-Apr-13,ARV,Adult,S. BUYS WHOLESALER,"Lamivudine 150mg [Epivir], tablets, 60 Tabs",Lamivudine,Epivir,150mg,Tablet,60,"3,532",41483.17,11.74,0.2,GSK Ware (UK),FALSE,Weight Captured Separately,Freight Included in Commodity Cost,51.31
"10,945",100-ZW-T01,Pre-PQ Process,SO-714,DN-709,Zimbabwe,PMO - US,From RDC,N/A - From RDC,Air,Pre-PQ Process,N/A - From RDC,21-Apr-08,21-Apr-08,21-Apr-08,ARV,Adult,SCMS from RDC,"Lamivudine/Stavudine 150/30mg, tablets, 30 Tabs",Lamivudine/Stavudine,Generic,150/30mg,Tablet - FDC,30,"1,600",3200.00,2,0.07,"Cipla, Goa, India",TRUE,2519,"$15,252.70 ",5.12
"26,427",116-ZA-T30,FPQ-12522,SCMS-199283,ASN-27978,South Africa,PMO - US,Direct Drop,DDP,Truck,07-11-13,8/27/2014,27-Aug-14,27-Aug-14,27-Aug-14,ARV,Adult,S. BUYS WHOLESALER,"Tenofovir Disoproxil Fumarate 300mg, tablets, 30 Tabs",Tenofovir Disoproxil Fumarate,Generic,300mg,Tablet,30,211,4768.70,22.6,0.75,"Aurobindo Unit III, India",FALSE,Weight Captured Separately,Freight Included in Commodity Cost,5.9
"10,947",109-TZ-T01,Pre-PQ Process,SO-2662,DN-758,Tanzania,PMO - US,From RDC,N/A - From RDC,Air,Pre-PQ Process,N/A - From RDC,09-Jul-08,09-Jul-08,09-Jul-08,ARV,Adult,SCMS from RDC,"Lamivudine 150mg, tablets, 60 Tabs",Lamivudine,Generic,150mg,Tablet,60,"11,181",32536.71,2.91,0.05,"Aurobindo Unit III, India",TRUE,566,"$3,594.60 ",52.06
"10,948",110-ZM-T01,Pre-PQ Process,SO-2547,DN-820,Zambia,PMO - US,From RDC,N/A - From RDC,Truck,Pre-PQ Process,N/A - From RDC,29-Jul-08,29-Jul-08,29-Jul-08,ARV,Adult,SCMS from RDC,"Lamivudine/Stavudine 150/30mg, tablets, 30 Tabs",Lamivudine/Stavudine,Generic,150/30mg,Tablet - FDC,30,"12,000",24000.00,2,0.07,"Cipla, Goa, India",TRUE,700,$954.13 ,38.4
"10,949",109-TZ-T01,Pre-PQ Process,SO-2000,DN-722,Tanzania,PMO - US,From RDC,N/A - From RDC,,Pre-PQ Process,N/A - From RDC,30-Apr-08,30-Apr-08,30-Apr-08,ARV,Adult,SCMS from RDC,"Lopinavir/Ritonavir 200/50mg [Aluvia], tablets, 120 Tabs",Lopinavir/Ritonavir,Aluvia,200/50mg,Tablet,120,"2,580",106038.00,41.1,0.34,ABBVIE Ludwigshafen Germany,TRUE,559,"$3,562.40 ",169.66
"26,576",116-ZA-T30,FPQ-14942,SCMS-259072,ASN-30376,South Africa,PMO - US,Direct Drop,DDP,Truck,09-11-14,1/26/2015,26-Jan-15,26-Jan-15,26-Jan-15,ARV,Pediatric,PHARMACY DIRECT,"Atazanavir 150mg [Reyataz], capsules, 60 Caps",Atazanavir,Reyataz,150mg,Capsule,60,6,95.40,15.9,0.26,"BMS Evansville, US",FALSE,Weight Captured Separately,Freight Included in Commodity Cost,0.1
"10,951",104-CI-T01,Pre-PQ Process,SO-2045,DN-761,Côte d'Ivoire,PMO - US,From RDC,N/A - From RDC,Air,Pre-PQ Process,N/A - From RDC,02-Jun-08,02-Jun-08,02-Jun-08,ARV,Adult,SCMS from RDC,"Stavudine 20mg, capsules, 60 Caps",Stavudine,Generic,20mg,Capsule,60,"1,080",1890.00,1.75,0.03,"Aurobindo Unit III, India",TRUE,4668,"$8,787.28 ",3.02
"10,953",112-NG-T01,Pre-PQ Process,SO-2726,DN-800,Nigeria,PMO - US,From RDC,N/A - From RDC,Air,Pre-PQ Process,N/A - From RDC,19-Jun-08,19-Jun-08,19-Jun-08,ARV,Adult,SCMS from RDC,"Indinavir 400mg [Crixivan], capsules, 180 Caps",Indinavir,Crixivan,400mg,Capsule,180,20,1000.00,50,0.28,"MSD, Haarlem, NL",TRUE,1024,"$5,226.60 ",1.6
"26,590",116-ZA-T30,FPQ-12522,SCMS-199289,ASN-28036,South Africa,PMO - US,Direct Drop,DDP,Truck,07-11-13,8/29/2014,29-Aug-14,29-Aug-14,29-Aug-14,ARV,Adult,S. BUYS WHOLESALER,"Didanosine 400mg, delayed-release capsules, 30 Caps",Didanosine,Generic,400mg,Delayed-release capsules,30,31,672.87,21.71,0.72,"Aurobindo Unit III, India",FALSE,Weight Captured Separately,Freight Included in Commodity Cost,0.83
"10,955",111-MZ-T01,Pre-PQ Process,SO-1039,DN-629,Mozambique,PMO - US,From RDC,N/A - From RDC,Air,Pre-PQ Process,N/A - From RDC,08-Apr-08,16-May-08,16-May-08,ARV,Adult,SCMS from RDC,"Lamivudine/Nevirapine/Stavudine 150/200/30mg, tablets, 60 Tabs",Lamivudine/Nevirapine/Stavudine,Generic,150/200/30mg,Tablet - FDC,60,"73,012",540288.80,7.4,0.12,"Cipla, Goa, India",TRUE,14083,"$11,053.53 ",864.46
"10,956",110-ZM-T01,Pre-PQ Process,SO-1806,DN-625,Zambia,PMO - US,From RDC,N/A - From RDC,,Pre-PQ Process,N/A - From RDC,28-Mar-08,28-Mar-08,28-Mar-08,ARV,Adult,SCMS from RDC,"Emtricitabine/Tenofovir Disoproxil Fumarate 200/300mg [Truvada], tablets, 30 Tabs",Emtricitabine/Tenofovir Disoproxil Fumarate,Truvada,300/200mg,Tablet - FDC,30,"27,156",712845.00,26.25,0.88,"Aspen-OSD, Port Elizabeth, SA",TRUE,9344,"$35,246.50 ","1,140.55"
"10,957",110-ZM-T01,Pre-PQ Process,SO-1993,DN-677,Zambia,PMO - US,From RDC,N/A - From RDC,Air,Pre-PQ Process,N/A - From RDC,28-Mar-08,28-Mar-08,28-Mar-08,ARV,Adult,SCMS from RDC,"Efavirenz 600mg, tablets, 30 Tabs",Efavirenz,Generic,600mg,Tablet,30,"4,332",53803.44,12.42,0.41,Mylan (formerly Matrix) Nashik,TRUE,338,"$1,890.76 ",86.09
"10,958",110-ZM-T01,Pre-PQ Process,SO-1885,DN-711,Zambia,PMO - US,From RDC,N/A - From RDC,,Pre-PQ Process,N/A - From RDC,09-May-08,09-May-08,09-May-08,ARV,Adult,SCMS from RDC,"Lamivudine/Zidovudine 150/300mg, tablets, 60 Tabs",Lamivudine/Zidovudine,Generic,150/300mg,Tablet - FDC,60,"50,000",472500.00,9.45,0.16,"Aurobindo Unit III, India",TRUE,4657,"$2,348.92 ",756
"10,959",100-ZW-T01,Pre-PQ Process,SO-716,DN-770,Zimbabwe,PMO - US,From RDC,N/A - From RDC,Air,Pre-PQ Process,N/A - From RDC,09-Jun-08,09-Jun-08,09-Jun-08,ARV,Adult,SCMS from RDC,"Lamivudine/Stavudine 150/30mg, tablets, 30 Tabs",Lamivudine/Stavudine,Generic,150/30mg,Tablet - FDC,30,"1,600",3200.00,2,0.07,"Cipla, Goa, India",TRUE,422,"$3,335.15 ",5.12
"10,960",109-TZ-T01,Pre-PQ Process,SO-1695,DN-663,Tanzania,PMO - US,From RDC,N/A - From RDC,,Pre-PQ Process,N/A - From RDC,22-Apr-08,23-Apr-08,23-Apr-08,ARV,Adult,SCMS from RDC,"Lamivudine/Zidovudine 150/300mg, tablets, 60 Tabs",Lamivudine/Zidovudine,Generic,150/300mg,Tablet - FDC,60,"51,364",487958.00,9.5,0.16,"Aurobindo Unit III, India",TRUE,5372,"$16,430.72 ",780.73
"10,961",110-ZM-T01,Pre-PQ Process,SO-2550,DN-839,Zambia,PMO - US,From RDC,N/A - From RDC,Truck,Pre-PQ Process,N/A - From RDC,20-Aug-08,20-Aug-08,20-Aug-08,ARV,Adult,SCMS from RDC,"Lamivudine/Nevirapine/Stavudine 150/200/30mg, tablets, 60 Tabs",Lamivudine/Nevirapine/Stavudine,Generic,150/200/30mg,Tablet - FDC,60,"40,000",288000.00,7.2,0.12,"Strides, Bangalore, India.",TRUE,7393,"$6,051.02 ",460.8
"26,655",116-ZA-T30,FPQ-13973,SCMS-238554,ASN-28627,South Africa,PMO - US,Direct Drop,DDP,Truck,4/30/2014,10-03-14,03-Oct-14,03-Oct-14,03-Oct-14,ARV,Adult,PHARMACY DIRECT,"Nevirapine 200mg, tablets, 60 Tabs",Nevirapine,Generic,200mg,Tablet,60,12,212.96,17.75,0.3,"Aurobindo Unit III, India",FALSE,Weight Captured Separately,Freight Included in Commodity Cost,0.22
"10,963",106-HT-T01,Pre-PQ Process,SO-2042,DN-682,Haiti,PMO - US,From RDC,N/A - From RDC,Air,Pre-PQ Process,N/A - From RDC,21-Mar-08,21-Mar-08,21-Mar-08,ARV,Pediatric,SCMS from RDC,"Abacavir 20mg/ml, oral solution, Bottle, 240 ml",Abacavir,Generic,20mg/ml,Oral solution,240,160,2640.00,16.5,0.07,"Aurobindo Unit III, India",TRUE,938,"$11,340.20 ",4.22
"10,964",114-UG-T01,Pre-PQ Process,SO-2791,DN-794,Uganda,PMO - US,From RDC,N/A - From RDC,Air,Pre-PQ Process,N/A - From RDC,11-Jul-08,11-Jul-08,11-Jul-08,ARV,Pediatric,SCMS from RDC,"Zidovudine 10mg/ml, oral solution, Bottle, 240 ml",Zidovudine,Generic,10mg/ml,Oral solution,240,"4,296",9021.60,2.1,0.01,"Aurobindo Unit III, India",TRUE,1600,"$10,314.28 ",14.43
"10,965",132-NG-T01,Pre-PQ Process,SO-2680,DN-787,Nigeria,PMO - US,From RDC,N/A - From RDC,Air,Pre-PQ Process,N/A - From RDC,04-Jul-08,04-Jul-08,04-Jul-08,ARV,Adult,SCMS from RDC,"Emtricitabine/Tenofovir Disoproxil Fumarate 200/300mg [Truvada], tablets, 30 Tabs",Emtricitabine/Tenofovir Disoproxil Fumarate,Truvada,300/200mg,Tablet - FDC,30,"15,000",393750.00,26.25,0.88,"Aspen-OSD, Port Elizabeth, SA",TRUE,1365,"$9,904.65 ",630
"10,966",114-UG-T01,Pre-PQ Process,SO-2674,DN-797,Uganda,PMO - US,From RDC,N/A - From RDC,Air,Pre-PQ Process,N/A - From RDC,11-Jul-08,11-Jul-08,11-Jul-08,ARV,Adult,SCMS from RDC,"Nevirapine 200mg, tablets, 60 Tabs",Nevirapine,Generic,200mg,Tablet,60,"1,061",3607.40,3.4,0.06,"Aurobindo Unit III, India",TRUE,106,"$1,054.52 ",5.77
"10,967",102-KE-T01,Pre-PQ Process,SO-1390,DN-667,Kenya,PMO - US,From RDC,N/A - From RDC,Truck,Pre-PQ Process,N/A - From RDC,26-Mar-08,26-Mar-08,26-Mar-08,HRDT,HIV test - Ancillary,SCMS from RDC,"HIV, Lancet, Safety, for HIV Test kits, 100 Pcs","HIV, Lancet, Safety, for HIV Test kits, 100 Pcs",Generic,,Test kit - Ancillary,100,240,1200.00,5,0.05,Inverness Japan,TRUE,751,$190.06 ,1.92
"10,968",112-NG-T01,Pre-PQ Process,SO-2350,DN-718,Nigeria,PMO - US,From RDC,N/A - From RDC,Air,Pre-PQ Process,N/A - From RDC,21-Apr-08,21-Apr-08,21-Apr-08,ARV,Adult,SCMS from RDC,"Lamivudine/Zidovudine 150/300mg, tablets, 60 Tabs",Lamivudine/Zidovudine,Generic,150/300mg,Tablet - FDC,60,760,7182.00,9.45,0.16,"Aurobindo Unit III, India",TRUE,199,"$1,917.53 ",11.49
"26,786",116-ZA-T30,FPQ-11828,SCMS-183950,ASN-19166,South Africa,South Africa Field Office,Direct Drop,DDP,Truck,3/18/2013,Date Not Captured,15-Apr-13,16-Apr-13,16-Apr-13,ARV,Pediatric,S. BUYS WHOLESALER,"Lamivudine 10mg/ml, oral solution, Bottle, 240 ml",Lamivudine,Generic,10mg/ml,Oral solution,240,43,317.79,7.39,0.03,"Cipla, Goa, India",FALSE,Weight Captured Separately,Freight Included in Commodity Cost,0.39
"10,970",111-MZ-T01,Pre-PQ Process,SO-1615,DN-698,Mozambique,PMO - US,From RDC,N/A - From RDC,Air,Pre-PQ Process,N/A - From RDC,23-Jun-08,23-Jun-08,23-Jun-08,ARV,Adult,SCMS from RDC,"Indinavir 400mg [Crixivan], capsules, 180 Caps",Indinavir,Crixivan,400mg,Capsule,180,"1,428",71400.00,50,0.28,"MSD, Haarlem, NL",TRUE,2955,"$4,551.52 ",114.24
"10,972",117-ET-T01,Pre-PQ Process,SO-1518,DN-634,Ethiopia,PMO - US,From RDC,N/A - From RDC,Air,Pre-PQ Process,N/A - From RDC,21-Mar-08,21-Mar-08,21-Mar-08,ARV,Adult,SCMS from RDC,"Lamivudine/Zidovudine 150/300mg, tablets, 60 Tabs",Lamivudine/Zidovudine,Generic,150/300mg,Tablet - FDC,60,"65,524",622478.00,9.5,0.16,"Aurobindo Unit III, India",TRUE,14599,"$32,146.52 ",995.96
"26,791",116-ZA-T30,FPQ-13214,SCMS-215410,ASN-23875,South Africa,PMO - US,Direct Drop,DDP,Truck,11/14/2013,12-02-13,13-Jan-14,13-Jan-14,13-Jan-14,ARV,Adult,S. BUYS WHOLESALER,"Lamivudine 150mg [Epivir], tablets, 60 Tabs",Lamivudine,Epivir,150mg,Tablet,60,"2,314",26605.58,11.5,0.19,GSK Cape Town Factory (South Africa),FALSE,Weight Captured Separately,Freight Included in Commodity Cost,27.35
"10,975",105-GY-T01,Pre-PQ Process,SO-2464,DN-727,Guyana,PMO - US,From RDC,N/A - From RDC,Air,Pre-PQ Process,N/A - From RDC,09-May-08,09-May-08,09-May-08,ARV,Adult,SCMS from RDC,"Lopinavir/Ritonavir 200/50mg [Aluvia], tablets, 120 Tabs",Lopinavir/Ritonavir,Aluvia,200/50mg,Tablet,120,150,12330.00,82.2,0.68,ABBVIE Ludwigshafen Germany,TRUE,34,"$1,608.70 ",19.73
"10,976",106-HT-T01,Pre-PQ Process,SO-1565,DN-657,Haiti,PMO - US,From RDC,N/A - From RDC,Air,Pre-PQ Process,N/A - From RDC,19-Mar-08,19-Mar-08,19-Mar-08,HRDT,HIV test,SCMS from RDC,"HIV 1/2, Determine HIV Kit, without Lancets, 100 Tests","HIV 1/2, Determine HIV Kit, without Lancets",Determine,,Test kit,100,30,2160.00,72,0.72,Inverness Japan,TRUE,7,$774.84 ,3.46
"10,977",110-ZM-T01,Pre-PQ Process,SO-1888,DN-701,Zambia,PMO - US,From RDC,N/A - From RDC,,Pre-PQ Process,N/A - From RDC,09-May-08,09-May-08,09-May-08,ARV,Adult,SCMS from RDC,"Emtricitabine/Tenofovir Disoproxil Fumarate 200/300mg [Truvada], tablets, 30 Tabs",Emtricitabine/Tenofovir Disoproxil Fumarate,Truvada,300/200mg,Tablet - FDC,30,"40,000",1050000.00,26.25,0.88,"Aspen-OSD, Port Elizabeth, SA",TRUE,3512,"$1,772.40 ","1,680"
"10,979",113-ZW-T01,Pre-PQ Process,SO-2502,DN-813,Zimbabwe,PMO - US,From RDC,N/A - From RDC,Truck,Pre-PQ Process,N/A - From RDC,26-Jul-08,26-Jul-08,26-Jul-08,ARV,Adult,SCMS from RDC,"Lamivudine/Nevirapine/Stavudine 150/200/30mg, tablets, 60 Tabs",Lamivudine/Nevirapine/Stavudine,Generic,150/200/30mg,Tablet - FDC,60,"66,268",490383.20,7.4,0.12,"Cipla, Goa, India",TRUE,6606,"$22,666.98 ",784.61
"26,800",133-NG-T30,FPQ-16329,SCMS-289130,ASN-32958,Nigeria,PMO - US,Direct Drop,EXW,Air,05-07-15,5/26/2015,14-Jul-15,09-Jul-15,09-Jul-15,HRDT,HIV test,"Orgenics, Ltd","HIV 1/2, Determine Complete HIV Kit, 100 Tests","HIV 1/2, Determine Complete HIV Kit",Determine,,Test kit,100,"6,392",568888.00,89,0.89,"Alere Medical Co., Ltd.",TRUE,2592,Freight Included in Commodity Cost,669.58
"10,981",111-MZ-T01,Pre-PQ Process,SO-1882,DN-817,Mozambique,PMO - US,From RDC,N/A - From RDC,Air,Pre-PQ Process,N/A - From RDC,07-Aug-08,07-Aug-08,07-Aug-08,ARV,Adult,SCMS from RDC,"Lamivudine/Nevirapine/Stavudine 150/200/30mg, tablets, 60 Tabs",Lamivudine/Nevirapine/Stavudine,Generic,150/200/30mg,Tablet - FDC,60,"38,975",280620.00,7.2,0.12,"Strides, Bangalore, India.",TRUE,13123,"$9,161.95 ",448.99
"10,982",109-TZ-T01,Pre-PQ Process,SO-1696,DN-763,Tanzania,PMO - US,From RDC,N/A - From RDC,Air,Pre-PQ Process,N/A - From RDC,09-Jul-08,09-Jul-08,09-Jul-08,ARV,Pediatric,SCMS from RDC,"Didanosine 100mg, chewable/dispersible tablets, 60 Tabs",Didanosine,Generic,100mg,Chewable/dispersible tablet,60,"11,640",90210.00,7.75,0.13,"Aurobindo Unit III, India",TRUE,16778,"$9,043.65 ",144.34
"10,983",106-HT-T01,Pre-PQ Process,SO-15960,DN-946,Haiti,PMO - US,From RDC,N/A - From RDC,Air,Pre-PQ Process,N/A - From RDC,20-Oct-08,20-Oct-08,20-Oct-08,ARV,Adult,SCMS from RDC,"Nevirapine 200mg, tablets, 60 Tabs",Nevirapine,Generic,200mg,Tablet,60,"20,186",64595.20,3.2,0.05,"Aurobindo Unit III, India",TRUE,4218,"$43,041.34 ",103.35
"10,984",111-MZ-T01,Pre-PQ Process,SO-15084,DN-1024,Mozambique,PMO - US,From RDC,N/A - From RDC,Air,Pre-PQ Process,N/A - From RDC,09-Feb-09,09-Feb-09,09-Feb-09,ARV,Adult,SCMS from RDC,"Lamivudine/Zidovudine 150/300mg, tablets, 60 Tabs",Lamivudine/Zidovudine,Generic,150/300mg,Tablet - FDC,60,"15,048",140698.80,9.35,0.16,"Aurobindo Unit III, India",TRUE,1448,"$3,613.31 ",275.77
"10,985",111-MZ-T01,Pre-PQ Process,SO-15085,DN-1025,Mozambique,PMO - US,From RDC,N/A - From RDC,Air,Pre-PQ Process,N/A - From RDC,20-Jan-09,20-Jan-09,20-Jan-09,ARV,Adult,SCMS from RDC,"Lamivudine/Zidovudine 150/300mg, tablets, 60 Tabs",Lamivudine/Zidovudine,Generic,150/300mg,Tablet - FDC,60,720,6732.00,9.35,0.16,"Aurobindo Unit III, India",TRUE,66,$772.04 ,13.19
"10,986",109-TZ-T01,Pre-PQ Process,SO-13190,DN-922,Tanzania,PMO - US,From RDC,N/A - From RDC,Air,Pre-PQ Process,N/A - From RDC,21-Oct-08,21-Oct-08,21-Oct-08,ARV,Adult,SCMS from RDC,"Lamivudine/Nevirapine/Stavudine 150/200/30mg, tablets, 60 Tabs",Lamivudine/Nevirapine/Stavudine,Generic,150/200/30mg,Tablet - FDC,60,"90,323",668390.20,7.4,0.12,"Cipla, Goa, India",TRUE,9635,"$52,979.70 ","1,069.42"
"26,841",111-MZ-T30,FPQ-4740,SCMS-62330,ASN-6688,Mozambique,PMO - US,Direct Drop,CIP,Air,12/23/2009,1/25/2010,20-Apr-10,20-Apr-10,20-Apr-10,ARV,Adult,INTERNATIONAL HEALTHCARE DISTRIBUTORS,"Ritonavir 100mg [Norvir], capsules, cool, 84 Caps",Ritonavir,Norvir,100mg,Capsule,84,620,6417.00,10.35,0.12,ABBVIE (Abbott) Logis. UK,TRUE,Weight Captured Separately,Freight Included in Commodity Cost,13.84
"10,988",110-ZM-T01,Pre-PQ Process,SO-2495,DN-1006,Zambia,PMO - US,From RDC,N/A - From RDC,Truck,Pre-PQ Process,N/A - From RDC,01-Dec-08,01-Dec-08,01-Dec-08,ARV,Adult,SCMS from RDC,"Nevirapine 200mg, tablets, 60 Tabs",Nevirapine,Generic,200mg,Tablet,60,"44,432",151068.80,3.4,0.06,Hetero Unit III Hyderabad IN,TRUE,2503,"$3,629.37 ",296.09
"10,989",126-NG-T01,Pre-PQ Process,SO-10780,DN-871,Nigeria,PMO - US,From RDC,N/A - From RDC,Air,Pre-PQ Process,N/A - From RDC,25-Aug-08,25-Aug-08,25-Aug-08,ARV,Adult,SCMS from RDC,"Nevirapine 200mg, tablets, 60 Tabs",Nevirapine,Generic,200mg,Tablet,60,"35,400",120360.00,3.4,0.06,Hetero Unit III Hyderabad IN,TRUE,1987,"$14,931.80 ",192.58
"10,990",131-NG-T01,Pre-PQ Process,SO-15050,DN-1014,Nigeria,PMO - US,From RDC,N/A - From RDC,Air,Pre-PQ Process,N/A - From RDC,17-Nov-08,17-Nov-08,17-Nov-08,ARV,Adult,SCMS from RDC,"Emtricitabine/Tenofovir Disoproxil Fumarate 200/300mg [Truvada], tablets, 30 Tabs",Emtricitabine/Tenofovir Disoproxil Fumarate,Truvada,300/200mg,Tablet - FDC,30,"10,000",262500.00,26.25,0.88,"Aspen-OSD, Port Elizabeth, SA",TRUE,878,"$4,401.40 ",514.5
"10,992",110-ZM-T01,Pre-PQ Process,SO-12090,DN-863,Zambia,PMO - US,From RDC,N/A - From RDC,Air,Pre-PQ Process,N/A - From RDC,27-Aug-08,27-Aug-08,27-Aug-08,ARV,Adult,SCMS from RDC,"Lamivudine/Stavudine 150/30mg, tablets, 60 Tabs",Lamivudine/Stavudine,Generic,150/30mg,Tablet - FDC,60,"32,017",124866.30,3.9,0.06,Mylan (formerly Matrix) Nashik,TRUE,2353,"$3,210.18 ",199.79
"10,993",110-ZM-T01,Pre-PQ Process,SO-15280,DN-952,Zambia,PMO - US,From RDC,N/A - From RDC,Air,Pre-PQ Process,N/A - From RDC,20-Oct-08,20-Oct-08,20-Oct-08,ARV,Pediatric,SCMS from RDC,"Zidovudine 10mg/ml, oral solution, Bottle, 240 ml",Zidovudine,Generic,10mg/ml,Oral solution,240,"3,200",6720.00,2.1,0.01,"Aurobindo Unit III, India",TRUE,1120,"$8,185.20 ",13.17
"10,994",104-CI-T01,Pre-PQ Process,SO-11830,DN-948,Côte d'Ivoire,PMO - US,From RDC,N/A - From RDC,Air,Pre-PQ Process,N/A - From RDC,03-Dec-08,03-Dec-08,03-Dec-08,ARV,Adult,SCMS from RDC,"Nevirapine 200mg, tablets, 60 Tabs",Nevirapine,Generic,200mg,Tablet,60,"21,225",72165.00,3.4,0.06,"Aurobindo Unit III, India",TRUE,2521,"$14,336.95 ",141.44
"10,995",114-UG-T01,Pre-PQ Process,SO-17720,DN-1043,Uganda,PMO - US,From RDC,N/A - From RDC,Air,Pre-PQ Process,N/A - From RDC,04-Feb-09,04-Feb-09,04-Feb-09,ARV,Adult,SCMS from RDC,"Lamivudine/Nevirapine/Zidovudine 150/200/300mg, tablets, 60 Tabs",Lamivudine/Nevirapine/Zidovudine,Generic,150/300/200mg,Tablet - FDC,60,"20,000",236000.00,11.8,0.2,"Aurobindo Unit III, India",TRUE,2283,"$13,586.10 ",462.56
"10,996",113-ZW-T01,Pre-PQ Process,SO-14000,DN-1044,Zimbabwe,PMO - US,From RDC,N/A - From RDC,Truck,Pre-PQ Process,N/A - From RDC,16-Feb-09,16-Feb-09,16-Feb-09,ARV,Adult,SCMS from RDC,"Lamivudine/Nevirapine/Stavudine 150/200/30mg, tablets, 60 Tabs",Lamivudine/Nevirapine/Stavudine,Generic,150/200/30mg,Tablet - FDC,60,"76,000",562400.00,7.4,0.12,"Cipla, Goa, India",TRUE,8912,"$35,513.01 ","1,102.30"
"10,997",110-ZM-T01,Pre-PQ Process,SO-1896,DN-856,Zambia,PMO - US,From RDC,N/A - From RDC,,Pre-PQ Process,N/A - From RDC,20-Aug-08,20-Aug-08,20-Aug-08,ARV,Adult,SCMS from RDC,"Efavirenz 600mg, tablets, 30 Tabs",Efavirenz,Generic,600mg,Tablet,30,"50,000",600500.00,12.01,0.4,Mylan (formerly Matrix) Nashik,TRUE,3880,"$3,817.12 ",960.8
"26,849",161-ZA-T30,FPQ-5648,SCMS-75660,ASN-8694,South Africa,PMO - US,Direct Drop,DDP,Ocean,06-02-10,6/17/2010,12-Oct-10,15-Dec-10,15-Dec-10,ARV,Adult,Aurobindo Pharma Limited,"Efavirenz 600mg, tablets, 30 Tabs",Efavirenz,Generic,600mg,Tablet,30,"108,211",488031.61,4.51,0.15,"Aurobindo Unit III, India",TRUE,Weight Captured Separately,Freight Included in Commodity Cost,"1,052.20"
"10,999",109-TZ-T01,Pre-PQ Process,SO-2566,DN-891,Tanzania,PMO - US,From RDC,N/A - From RDC,Truck,Pre-PQ Process,N/A - From RDC,23-Sep-08,23-Sep-08,23-Sep-08,ARV,Adult,SCMS from RDC,"Lamivudine/Nevirapine/Stavudine 150/200/30mg, tablets, 60 Tabs",Lamivudine/Nevirapine/Stavudine,Generic,150/200/30mg,Tablet - FDC,60,"123,317",912545.80,7.4,0.12,"Cipla, Goa, India",TRUE,13253,"$64,506.78 ","1,460.07"
"11,000",114-UG-T01,Pre-PQ Process,SO-17890,DN-1092,Uganda,PMO - US,From RDC,N/A - From RDC,Air,Pre-PQ Process,N/A - From RDC,19-Mar-09,19-Mar-09,19-Mar-09,ARV,Adult,SCMS from RDC,"Lamivudine/Nevirapine/Zidovudine 150/200/300mg, tablets, 60 Tabs",Lamivudine/Nevirapine/Zidovudine,Generic,150/300/200mg,Tablet - FDC,60,"1,893",22337.40,11.8,0.2,"Aurobindo Unit III, India",TRUE,215,"$2,408.91 ",43.78
"11,001",114-UG-T01,Pre-PQ Process,SO-17830,DN-990,Uganda,PMO - US,From RDC,N/A - From RDC,Air,Pre-PQ Process,N/A - From RDC,09-Dec-08,09-Dec-08,09-Dec-08,ARV,Adult,SCMS from RDC,"Lopinavir/Ritonavir 200/50mg [Aluvia], tablets, 120 Tabs",Lopinavir/Ritonavir,Aluvia,200/50mg,Tablet,120,42,1726.20,41.1,0.34,ABBVIE Ludwigshafen Germany,TRUE,123,$845.37 ,3.38
"11,003",104-CI-T01,Pre-PQ Process,SO-16220,DN-1069,Côte d'Ivoire,PMO - US,From RDC,N/A - From RDC,Air,Pre-PQ Process,N/A - From RDC,11-Feb-09,11-Feb-09,11-Feb-09,ARV,Pediatric,SCMS from RDC,"Efavirenz 30mg/ml [Stocrin/Sustiva], oral solution, Bottle, 180 ml",Efavirenz,Stocrin/Sustiva,30mg/ml,Oral solution,180,"3,271",55476.16,16.96,0.09,"MSD, Haarlem, NL",TRUE,933,"$3,409.91 ",108.73
"11,005",106-HT-T01,Pre-PQ Process,SO-23750,DN-1100,Haiti,PMO - US,From RDC,N/A - From RDC,Air,Pre-PQ Process,N/A - From RDC,03-Mar-09,03-Mar-09,03-Mar-09,ARV,Pediatric,SCMS from RDC,"Efavirenz 30mg/ml [Stocrin/Sustiva], oral solution, Bottle, 180 ml",Efavirenz,Stocrin/Sustiva,30mg/ml,Oral solution,180,325,5512.00,16.96,0.09,"MSD, Haarlem, NL",TRUE,2085,"$23,866.20 ",10.8
"26,927",116-ZA-T30,FPQ-13035,SCMS-215370,ASN-24415,South Africa,PMO - US,Direct Drop,DDP,Truck,10-08-13,12-02-13,06-Feb-14,06-Feb-14,06-Feb-14,ARV,Adult,S. BUYS WHOLESALER,"Zidovudine 300mg, tablets, 60 Tabs",Zidovudine,Generic,300mg,Tablet,60,62,1448.18,23.36,0.39,"Aurobindo Unit III, India",FALSE,Weight Captured Separately,Freight Included in Commodity Cost,1.79
"26,996",116-ZA-T30,FPQ-14942,SCMS-259071,ASN-29597,South Africa,PMO - US,Direct Drop,DDP,Truck,09-11-14,11/28/2014,28-Nov-14,28-Nov-14,28-Nov-14,ARV,Adult,PHARMACY DIRECT,"Nevirapine 200mg, tablets, 60 Tabs",Nevirapine,Generic,200mg,Tablet,60,22,282.13,12.82,0.21,"Aurobindo Unit III, India",FALSE,Weight Captured Separately,Freight Included in Commodity Cost,0.29
"11,008",113-ZW-T01,Pre-PQ Process,SO-18100,DN-1115,Zimbabwe,PMO - US,From RDC,N/A - From RDC,Truck,Pre-PQ Process,N/A - From RDC,06-Apr-09,06-Apr-09,06-Apr-09,ARV,Adult,SCMS from RDC,"Lamivudine/Nevirapine/Stavudine 150/200/30mg, tablets, 60 Tabs",Lamivudine/Nevirapine/Stavudine,Generic,150/200/30mg,Tablet - FDC,60,"76,000",562400.00,7.4,0.12,"Cipla, Goa, India",TRUE,8848,"$37,040.86 ","1,102.30"
"11,009",111-MZ-T01,Pre-PQ Process,SO-26390,DN-1150,Mozambique,PMO - US,From RDC,N/A - From RDC,Air,Pre-PQ Process,N/A - From RDC,27-Apr-09,27-Apr-09,27-Apr-09,ARV,Pediatric,SCMS from RDC,"Lopinavir/Ritonavir 80/20mg/ml [Kaletra], oral solution, cool, Bottle 5 x 60 ml",Lopinavir/Ritonavir,Kaletra,80/20mg/ml,Oral solution,300,40,1644.00,41.1,0.14,ABBVIE (Abbott) Logis. UK,TRUE,52,"$1,287.77 ",3.22
"11,010",104-CI-T01,Pre-PQ Process,SO-21880,DN-1152,Côte d'Ivoire,PMO - US,From RDC,N/A - From RDC,Air,Pre-PQ Process,N/A - From RDC,30-Apr-09,30-Apr-09,30-Apr-09,ARV,Adult,SCMS from RDC,"Lamivudine/Zidovudine 150/300mg, tablets, 60 Tabs",Lamivudine/Zidovudine,Generic,150/300mg,Tablet - FDC,60,"23,524",206070.24,8.76,0.15,"Aurobindo Unit III, India",TRUE,3155,"$9,021.82 ",403.9
"27,186",116-ZA-T30,FPQ-4054,SCMS-51250,ASN-5057,South Africa,PMO - US,Direct Drop,DDP,Truck,7/29/2009,08-07-09,31-Aug-09,31-Aug-09,31-Aug-09,ARV,Adult,S. BUYS WHOLESALER,"Tenofovir Disoproxil Fumarate 300mg [Viread], tablets, 30 Tabs",Tenofovir Disoproxil Fumarate,Viread,300mg,Tablet,30,100,2733.35,27.33,0.91,"Aspen-OSD, Port Elizabeth, SA",TRUE,Weight Captured Separately,Freight Included in Commodity Cost,5.36
"11,012",106-HT-T01,Pre-PQ Process,SO-15930,DN-944,Haiti,PMO - US,From RDC,N/A - From RDC,Air,Pre-PQ Process,N/A - From RDC,04-Nov-08,04-Nov-08,04-Nov-08,ARV,Adult,SCMS from RDC,"Stavudine 15mg, capsules, 60 Caps",Stavudine,Generic,15mg,Capsule,60,"1,000",1500.00,1.5,0.02,"Aurobindo Unit III, India",TRUE,10435,"$121,330.06 ",2.94
"11,013",110-ZM-T01,Pre-PQ Process,SO-2479,DN-861,Zambia,PMO - US,From RDC,N/A - From RDC,Truck,Pre-PQ Process,N/A - From RDC,20-Aug-08,20-Aug-08,20-Aug-08,ARV,Adult,SCMS from RDC,"Efavirenz 600mg, tablets, 30 Tabs",Efavirenz,Generic,600mg,Tablet,30,"5,000",60050.00,12.01,0.4,Mylan (formerly Matrix) Nashik,TRUE,4247,"$8,231.95 ",96.08
"27,430",116-ZA-T30,FPQ-14942,SCMS-259075,ASN-32138,South Africa,PMO - US,Direct Drop,DDP,Truck,09-11-14,05-11-15,12-May-15,12-May-15,12-May-15,ARV,Adult,PHARMACY DIRECT,"Didanosine 250mg, delayed-release capsules, 30 Caps",Didanosine,Generic,250mg,Delayed-release capsules,30,3,33.05,11.02,0.37,"Aurobindo Unit III, India",FALSE,Weight Captured Separately,Freight Included in Commodity Cost,0.03
"11,015",123-NG-T01,Pre-PQ Process,SO-19060,DN-1058,Nigeria,PMO - US,From RDC,N/A - From RDC,Air,Pre-PQ Process,N/A - From RDC,19-Jan-09,19-Jan-09,19-Jan-09,ARV,Adult,SCMS from RDC,"Emtricitabine/Tenofovir Disoproxil Fumarate 200/300mg [Truvada], tablets, 30 Tabs",Emtricitabine/Tenofovir Disoproxil Fumarate,Truvada,300/200mg,Tablet - FDC,30,"12,304",322980.00,26.25,0.88,"Aspen-OSD, Port Elizabeth, SA",TRUE,5197,"$21,895.01 ",633.04
"11,016",112-NG-T01,Pre-PQ Process,SO-20950,DN-1059,Nigeria,PMO - US,From RDC,N/A - From RDC,Air,Pre-PQ Process,N/A - From RDC,19-Jan-09,19-Jan-09,19-Jan-09,ARV,Adult,SCMS from RDC,"Emtricitabine/Tenofovir Disoproxil Fumarate 200/300mg [Truvada], tablets, 30 Tabs",Emtricitabine/Tenofovir Disoproxil Fumarate,Truvada,300/200mg,Tablet - FDC,30,139,3648.75,26.25,0.88,"Aspen-OSD, Port Elizabeth, SA",TRUE,192,"$13,538.35 ",7.15
"11,017",114-UG-T01,Pre-PQ Process,SO-17780,DN-995,Uganda,PMO - US,From RDC,N/A - From RDC,Air,Pre-PQ Process,N/A - From RDC,02-Dec-08,02-Dec-08,02-Dec-08,ARV,Adult,SCMS from RDC,"Lamivudine 150mg, tablets, 60 Tabs",Lamivudine,Generic,150mg,Tablet,60,500,1450.00,2.9,0.05,"Aurobindo Unit III, India",TRUE,26,"$1,096.71 ",2.84
"11,018",106-HT-T01,Pre-PQ Process,SO-15950,DN-945,Haiti,PMO - US,From RDC,N/A - From RDC,Air,Pre-PQ Process,N/A - From RDC,27-Oct-08,27-Oct-08,27-Oct-08,ARV,Adult,SCMS from RDC,"Efavirenz 600mg, tablets, 30 Tabs",Efavirenz,Generic,600mg,Tablet,30,"8,192",90112.00,11,0.37,Mylan (formerly Matrix) Nashik,TRUE,9516,"$101,348.75 ",144.18
"11,019",117-ET-T01,Pre-PQ Process,SO-22010,DN-1061,Ethiopia,PMO - US,From RDC,N/A - From RDC,Air,Pre-PQ Process,N/A - From RDC,29-Jan-09,29-Jan-09,29-Jan-09,ARV,Adult,SCMS from RDC,"Tenofovir Disoproxil Fumarate 300mg [Viread], tablets, 30 Tabs",Tenofovir Disoproxil Fumarate,Viread,300mg,Tablet,30,"3,068",52156.00,17,0.57,"Aspen-OSD, Port Elizabeth, SA",TRUE,2002,"$10,460.94 ",102.23
"11,020",106-HT-T01,Pre-PQ Process,SO-2602,DN-1018,Haiti,PMO - US,From RDC,N/A - From RDC,Air,Pre-PQ Process,N/A - From RDC,10-Dec-08,10-Dec-08,10-Dec-08,ARV,Adult,SCMS from RDC,"Lamivudine 150mg, tablets, 60 Tabs",Lamivudine,Generic,150mg,Tablet,60,"8,100",23571.00,2.91,0.05,"Aurobindo Unit III, India",TRUE,404,"$5,866.29 ",46.2
"11,021",110-ZM-T01,Pre-PQ Process,SO-2481,DN-924,Zambia,PMO - US,From RDC,N/A - From RDC,Truck,Pre-PQ Process,N/A - From RDC,29-Sep-08,29-Sep-08,29-Sep-08,ARV,Adult,SCMS from RDC,"Efavirenz 600mg, tablets, 30 Tabs",Efavirenz,Generic,600mg,Tablet,30,"50,000",600500.00,12.01,0.4,Mylan (formerly Matrix) Nashik,TRUE,3842,"$15,281.81 ",960.8
"11,022",104-CI-T01,Pre-PQ Process,SO-11850,DN-988,Côte d'Ivoire,PMO - US,From RDC,N/A - From RDC,Air,Pre-PQ Process,N/A - From RDC,01-Dec-08,01-Dec-08,01-Dec-08,ARV,Adult,SCMS from RDC,"Lamivudine/Zidovudine 150/300mg, tablets, 60 Tabs",Lamivudine/Zidovudine,Generic,150/300mg,Tablet - FDC,60,"32,256",301593.60,9.35,0.16,"Aurobindo Unit III, India",TRUE,5589,"$22,758.49 ",591.12
"11,023",151-NG-T01,Pre-PQ Process,SO-21780,DN-1129,Nigeria,PMO - US,From RDC,N/A - From RDC,Air,Pre-PQ Process,N/A - From RDC,24-Mar-09,24-Mar-09,24-Mar-09,ARV,Adult,SCMS from RDC,"Emtricitabine/Tenofovir Disoproxil Fumarate 200/300mg [Truvada], tablets, 30 Tabs",Emtricitabine/Tenofovir Disoproxil Fumarate,Truvada,300/200mg,Tablet - FDC,30,"2,871",75363.75,26.25,0.88,"Aspen-OSD, Port Elizabeth, SA",TRUE,249,"$6,443.61 ",147.71
"27,461",116-ZA-T30,FPQ-14942,SCMS-259071,ASN-29596,South Africa,PMO - US,Direct Drop,DDP,Truck,09-11-14,11/28/2014,28-Nov-14,28-Nov-14,28-Nov-14,ARV,Adult,PHARMACY DIRECT,"Raltegravir 400mg [Isentress], tablets, 60 Tabs",Raltegravir,Isentress,400mg,Tablet,60,45,2752.41,61.16,1.02,"MSD, Haarlem, NL",TRUE,Weight Captured Separately,Freight Included in Commodity Cost,2.83
"11,025",151-NG-T01,Pre-PQ Process,SO-21805,DN-1139,Nigeria,PMO - US,From RDC,N/A - From RDC,Air Charter,Pre-PQ Process,N/A - From RDC,19-Mar-09,19-Mar-09,19-Mar-09,ARV,Adult,SCMS from RDC,"Lamivudine/Nevirapine/Zidovudine 150/200/300mg, tablets, 60 Tabs",Lamivudine/Nevirapine/Zidovudine,Generic,150/300/200mg,Tablet - FDC,60,"49,385",562989.00,11.4,0.19,"Aurobindo Unit III, India",TRUE,5553,"$11,492.86 ","1,103.46"
"11,026",104-CI-T01,Pre-PQ Process,SO-21851,DN-1128,Côte d'Ivoire,PMO - US,From RDC,N/A - From RDC,Air,Pre-PQ Process,N/A - From RDC,28-Apr-09,28-Apr-09,28-Apr-09,ARV,Adult,SCMS from RDC,"Lopinavir/Ritonavir 200/50mg [Aluvia], tablets, 120 Tabs",Lopinavir/Ritonavir,Aluvia,200/50mg,Tablet,120,"12,480",512928.00,41.1,0.34,ABBVIE Ludwigshafen Germany,TRUE,2803,"$8,669.38 ","1,005.34"
"27,553",116-ZA-T30,FPQ-5535,SCMS-71490,ASN-7428,South Africa,PMO - US,Direct Drop,DDP,Truck,4/19/2010,4/21/2010,11-Jun-10,11-Jun-10,11-Jun-10,ARV,Pediatric,S. BUYS WHOLESALER,"Lopinavir/Ritonavir 80/20mg/ml [Kaletra], oral solution, cool, Bottle 5 x 60 ml",Lopinavir/Ritonavir,Kaletra,80/20mg/ml,Oral solution,300,120,4978.94,41.49,0.14,ABBVIE (Abbott) Logis. UK,TRUE,Weight Captured Separately,Freight Included in Commodity Cost,10.73
"11,028",106-HT-T01,Pre-PQ Process,SO-2603,DN-866,Haiti,PMO - US,From RDC,N/A - From RDC,Air,Pre-PQ Process,N/A - From RDC,11-Aug-08,11-Aug-08,11-Aug-08,ARV,Pediatric,SCMS from RDC,"Efavirenz 200mg, capsule, 90 Caps",Efavirenz,Generic,200mg,Capsule,90,210,3360.00,16,0.18,"Aurobindo Unit III, India",TRUE,26,$997.46 ,5.38
"27,574",101-KE-T30,FPQ-10314,SCMS-153912,ASN-17292,Kenya,PMO - US,Direct Drop,CIP,Air,07-12-12,11/21/2012,10-Dec-12,10-Dec-12,10-Dec-12,HRDT,HIV test,"Orgenics, Ltd","HIV 1/2, Determine Complete HIV Kit, 100 Tests","HIV 1/2, Determine Complete HIV Kit",Determine,,Test kit,100,"1,005",89445.00,89,0.89,"Alere Medical Co., Ltd.",TRUE,Weight Captured Separately,Freight Included in Commodity Cost,125.4
"11,031",113-ZW-T01,Pre-PQ Process,SO-18110,DN-1168,Zimbabwe,PMO - US,From RDC,N/A - From RDC,Truck,Pre-PQ Process,N/A - From RDC,27-Apr-09,27-Apr-09,27-Apr-09,ARV,Adult,SCMS from RDC,"Efavirenz 600mg, tablets, 30 Tabs",Efavirenz,Generic,600mg,Tablet,30,"4,000",48040.00,12.01,0.4,"Aurobindo Unit III, India",TRUE,8523,"$35,673.58 ",94.16
"11,032",107-RW-T01,Pre-PQ Process,SO-27300,DN-1169,Rwanda,PMO - US,From RDC,N/A - From RDC,Air,Pre-PQ Process,N/A - From RDC,27-Apr-09,27-Apr-09,27-Apr-09,ARV,Adult,SCMS from RDC,"Nevirapine 200mg, tablets, 60 Tabs",Nevirapine,Generic,200mg,Tablet,60,"7,350",22050.00,3,0.05,Hetero Unit III Hyderabad IN,TRUE,404,"$3,366.98 ",43.22
"11,033",109-TZ-T01,Pre-PQ Process,SO-18740,DN-1180,Tanzania,PMO - US,From RDC,N/A - From RDC,Truck,Pre-PQ Process,N/A - From RDC,11-May-09,11-May-09,11-May-09,ARV,Adult,SCMS from RDC,"Emtricitabine/Tenofovir Disoproxil Fumarate 200/300mg [Truvada], tablets, 30 Tabs",Emtricitabine/Tenofovir Disoproxil Fumarate,Truvada,300/200mg,Tablet - FDC,30,"37,440",982800.00,26.25,0.88,"Aspen-OSD, Port Elizabeth, SA",TRUE,5712,"$5,873 ","1,926.29"
"27,781",116-ZA-T30,FPQ-14942,SCMS-259072,ASN-30377,South Africa,PMO - US,Direct Drop,DDP,Truck,09-11-14,1/26/2015,26-Jan-15,26-Jan-15,26-Jan-15,ARV,Adult,PHARMACY DIRECT,"Abacavir 300mg, tablets, 60 Tabs",Abacavir,Generic,300mg,Tablet,60,53,2642.19,49.85,0.83,"Aurobindo Unit III, India",FALSE,Weight Captured Separately,Freight Included in Commodity Cost,2.72
"11,039",151-NG-T01,Pre-PQ Process,SO-22524,DN-1199,Nigeria,PMO - US,From RDC,N/A - From RDC,Air Charter,Pre-PQ Process,N/A - From RDC,08-May-09,08-May-09,08-May-09,ARV,Adult,SCMS from RDC,"Lamivudine/Nevirapine/Zidovudine 150/200/300mg, tablets, 60 Tabs",Lamivudine/Nevirapine/Zidovudine,Generic,150/300/200mg,Tablet - FDC,60,"69,491",792197.40,11.4,0.19,"Aurobindo Unit III, India",TRUE,7798,"$15,128.37 ","1,552.71"
"11,040",105-GY-T01,Pre-PQ Process,SO-25160,DN-1213,Guyana,PMO - US,From RDC,N/A - From RDC,Air,Pre-PQ Process,N/A - From RDC,12-May-09,12-May-09,12-May-09,ARV,Adult,SCMS from RDC,"Zidovudine 300mg, tablets, 60 Tabs",Zidovudine,Generic,300mg,Tablet,60,489,3770.19,7.71,0.13,"Aurobindo Unit III, India",TRUE,28,"$1,047.24 ",7.39
"11,540",105-GY-T01,Pre-PQ Process,SO-11630,DN-841,Guyana,PMO - US,From RDC,N/A - From RDC,Air,Pre-PQ Process,N/A - From RDC,25-Jul-08,25-Jul-08,25-Jul-08,ARV,Adult,SCMS from RDC,"Lamivudine 150mg, tablets, 60 Tabs",Lamivudine,Generic,150mg,Tablet,60,431,1249.90,2.9,0.05,"Aurobindo Unit III, India",TRUE,377,"$5,228.67 ",2
"11,041",114-UG-T01,Pre-PQ Process,SO-26150,DN-1223,Uganda,PMO - US,From RDC,N/A - From RDC,Air,Pre-PQ Process,N/A - From RDC,01-Jun-09,01-Jun-09,01-Jun-09,ARV,Adult,SCMS from RDC,"Emtricitabine/Tenofovir Disoproxil Fumarate 200/300mg [Truvada], tablets, 30 Tabs",Emtricitabine/Tenofovir Disoproxil Fumarate,Truvada,300/200mg,Tablet - FDC,30,260,6825.00,26.25,0.88,"Aspen-OSD, Port Elizabeth, SA",TRUE,28,"$1,180.71 ",13.38
"11,042",114-UG-T01,Pre-PQ Process,SO-26151,DN-1224,Uganda,PMO - US,From RDC,N/A - From RDC,Air,Pre-PQ Process,N/A - From RDC,22-May-09,22-May-09,22-May-09,ARV,Adult,SCMS from RDC,"Lamivudine 150mg, tablets, 60 Tabs",Lamivudine,Generic,150mg,Tablet,60,90,219.60,2.44,0.04,"Aurobindo Unit III, India",TRUE,5,$537.32 ,0.43
"11,043",114-UG-T01,Pre-PQ Process,SO-30060,DN-1227,Uganda,PMO - US,From RDC,N/A - From RDC,Air,Pre-PQ Process,N/A - From RDC,01-Jun-09,01-Jun-09,01-Jun-09,ARV,Adult,SCMS from RDC,"Lopinavir/Ritonavir 200/50mg [Aluvia], tablets, 120 Tabs",Lopinavir/Ritonavir,Aluvia,200/50mg,Tablet,120,100,4110.00,41.1,0.34,ABBVIE Ludwigshafen Germany,TRUE,23,"$1,152.63 ",8.06
"11,044",111-MZ-T01,Pre-PQ Process,SO-30440,DN-1231,Mozambique,PMO - US,From RDC,N/A - From RDC,Truck,Pre-PQ Process,N/A - From RDC,28-Jun-09,28-Jun-09,28-Jun-09,ARV,Adult,SCMS from RDC,"Lamivudine 150mg, tablets, 60 Tabs",Lamivudine,Generic,150mg,Tablet,60,"2,106",5138.64,2.44,0.04,"Aurobindo Unit III, India",TRUE,3545,"$3,599.76 ",10.07
"27,936",116-ZA-T30,FPQ-14942,SCMS-259075,ASN-32121,South Africa,PMO - US,Direct Drop,DDP,Truck,09-11-14,05-11-15,12-May-15,12-May-15,12-May-15,ARV,Adult,PHARMACY DIRECT,"Raltegravir 400mg [Isentress], tablets, 60 Tabs",Raltegravir,Isentress,400mg,Tablet,60,1,61.16,61.16,1.02,"MSD, Haarlem, NL",TRUE,Weight Captured Separately,Freight Included in Commodity Cost,0.06
"11,046",100-SZ-T01,Pre-PQ Process,SO-30790,DN-1238,Swaziland,PMO - US,From RDC,N/A - From RDC,Air,Pre-PQ Process,N/A - From RDC,21-May-09,21-May-09,21-May-09,ARV,Adult,SCMS from RDC,"Tenofovir Disoproxil Fumarate 300mg, tablets, 30 Tabs",Tenofovir Disoproxil Fumarate,Generic,300mg,Tablet,30,"1,250",11250.00,9,0.3,Mylan (formerly Matrix) Nashik,TRUE,1787,"$12,798.04 ",22.05
"11,047",110-ZM-T01,Pre-PQ Process,SO-17620,DN-1239,Zambia,PMO - US,From RDC,N/A - From RDC,Truck,Pre-PQ Process,N/A - From RDC,08-Jun-09,08-Jun-09,08-Jun-09,ARV,Adult,SCMS from RDC,"Efavirenz 600mg, tablets, 30 Tabs",Efavirenz,Generic,600mg,Tablet,30,"100,000",1100000.00,11,0.37,Hetero Unit III Hyderabad IN,TRUE,7735,"$15,922.67 ","2,156"
"11,048",112-NG-T01,Pre-PQ Process,SO-21050,DN-1244,Nigeria,PMO - US,From RDC,N/A - From RDC,Air Charter,Pre-PQ Process,N/A - From RDC,16-Jun-09,16-Jun-09,16-Jun-09,ARV,Adult,SCMS from RDC,"Lamivudine/Nevirapine/Stavudine 150/200/30mg, tablets, 60 Tabs",Lamivudine/Nevirapine/Stavudine,Generic,150/200/30mg,Tablet - FDC,60,"5,512",39245.44,7.12,0.12,"Cipla, Goa, India",TRUE,1165,"$7,329.83 ",76.92
"11,051",153-NG-T01,Pre-PQ Process,SO-31171,DN-1260,Nigeria,PMO - US,From RDC,N/A - From RDC,Air,Pre-PQ Process,N/A - From RDC,05-Jun-09,05-Jun-09,05-Jun-09,ARV,Adult,SCMS from RDC,"Lamivudine/Zidovudine 150/300mg, tablets, 60 Tabs",Lamivudine/Zidovudine,Generic,150/300mg,Tablet - FDC,60,264,2312.64,8.76,0.15,Mylan (formerly Matrix) Nashik,TRUE,27,"$1,012.18 ",4.53
"11,052",114-UG-T01,Pre-PQ Process,SO-31140,DN-1262,Uganda,PMO - US,From RDC,N/A - From RDC,Air,Pre-PQ Process,N/A - From RDC,01-Jun-09,01-Jun-09,01-Jun-09,ARV,Adult,SCMS from RDC,"Zidovudine 300mg, tablets, 60 Tabs",Zidovudine,Generic,300mg,Tablet,60,105,809.55,7.71,0.13,"Aurobindo Unit III, India",TRUE,6,"$1,053.86 ",1.59
"11,053",123-NG-T01,Pre-PQ Process,SO-24482,DN-1263,Nigeria,PMO - US,From RDC,N/A - From RDC,Air Charter,Pre-PQ Process,N/A - From RDC,16-Jun-09,16-Jun-09,16-Jun-09,ARV,Adult,SCMS from RDC,"Lamivudine/Nevirapine/Stavudine 150/200/30mg, tablets, 60 Tabs",Lamivudine/Nevirapine/Stavudine,Generic,150/200/30mg,Tablet - FDC,60,"21,765",154966.80,7.12,0.12,"Strides, Bangalore, India.",TRUE,1984,"$7,329.83 ",303.73
"11,055",114-UG-T01,Pre-PQ Process,SO-31360,DN-1287,Uganda,PMO - US,From RDC,N/A - From RDC,Air,Pre-PQ Process,N/A - From RDC,22-Jun-09,22-Jun-09,22-Jun-09,ARV,Adult,SCMS from RDC,"Lamivudine/Nevirapine/Zidovudine 150/200/300mg, tablets, 60 Tabs",Lamivudine/Nevirapine/Zidovudine,Generic,150/300/200mg,Tablet - FDC,60,"11,216",127301.60,11.35,0.19,"Aurobindo Unit III, India",TRUE,1894,"$13,293.41 ",249.51
"11,056",151-NG-T01,Pre-PQ Process,SO-30023,DN-1292,Nigeria,PMO - US,From RDC,N/A - From RDC,Air Charter,Pre-PQ Process,N/A - From RDC,16-Jun-09,16-Jun-09,16-Jun-09,ARV,Adult,SCMS from RDC,"Lamivudine/Nevirapine/Zidovudine 150/200/300mg, tablets, 60 Tabs",Lamivudine/Nevirapine/Zidovudine,Generic,150/300/200mg,Tablet - FDC,60,"3,994",45531.60,11.4,0.19,"Aurobindo Unit III, India",TRUE,452,"$7,329.83 ",89.24
"27,969",116-ZA-T30,FPQ-13973,SCMS-238555,ASN-29255,South Africa,PMO - US,Direct Drop,DDP,Truck,4/30/2014,11-04-14,05-Nov-14,05-Nov-14,05-Nov-14,ARV,Adult,PHARMACY DIRECT,"Darunavir 600mg [Prezista], tablets, 60 Tabs",Darunavir,Prezista,600mg,Tablet,60,15,978.47,65.23,1.09,"Janssen-Cilag, Latina, IT",FALSE,Weight Captured Separately,Freight Included in Commodity Cost,1.01
"11,058",105-GY-T01,Pre-PQ Process,SO-25161,DN-1302,Guyana,PMO - US,From RDC,N/A - From RDC,Air,Pre-PQ Process,N/A - From RDC,18-Jun-09,18-Jun-09,18-Jun-09,ARV,Adult,SCMS from RDC,"Zidovudine 300mg, tablets, 60 Tabs",Zidovudine,Generic,300mg,Tablet,60,810,6245.10,7.71,0.13,"Aurobindo Unit III, India",TRUE,47,"$1,000.51 ",12.24
"11,060",104-CI-T01,Pre-PQ Process,SO-27530,DN-1313,Côte d'Ivoire,PMO - US,From RDC,N/A - From RDC,Air,Date Not Captured,N/A - From RDC,19-Aug-09,19-Aug-09,19-Aug-09,ARV,Adult,SCMS from RDC,"Lamivudine/Stavudine 150/30mg, tablets, 60 Tabs",Lamivudine/Stavudine,Generic,150/30mg,Tablet - FDC,60,"10,480",39824.00,3.8,0.06,"Cipla, Goa, India",TRUE,786,"$11,032.42 ",78.06
"11,061",110-ZM-T01,Pre-PQ Process,SO-30311,DN-1319,Zambia,PMO - US,From RDC,N/A - From RDC,Truck,Date Not Captured,N/A - From RDC,04-Sep-09,04-Sep-09,04-Sep-09,ARV,Adult,SCMS from RDC,"Efavirenz 600mg, tablets, 30 Tabs",Efavirenz,Generic,600mg,Tablet,30,"37,059",407649.00,11,0.37,Hetero Unit III Hyderabad IN,TRUE,2876,"$4,506.18 ",798.99
"11,062",106-HT-T01,Pre-PQ Process,SO-32760,DN-1373,Haiti,PMO - US,From RDC,N/A - From RDC,Air,Date Not Captured,N/A - From RDC,31-Jul-09,31-Jul-09,31-Jul-09,ARV,Pediatric,SCMS from RDC,"Efavirenz 50mg, capsule, 30 Caps",Efavirenz,Generic,50mg,Capsule,30,"1,092",2446.08,2.24,0.07,"Aurobindo Unit III, India",TRUE,1585,"$6,811.39 ",4.79
"28,001",133-NG-T30,FPQ-10765,SCMS-162440,ASN-18173,Nigeria,PMO - US,Direct Drop,EXW,Air,10-05-12,10/16/2012,09-Jan-13,26-Feb-13,26-Feb-13,HRDT,HIV test,"Orgenics, Ltd","HIV 1/2, Determine Complete HIV Kit, 100 Tests","HIV 1/2, Determine Complete HIV Kit",Determine,,Test kit,100,"2,853",253917.00,89,0.89,"Alere Medical Co., Ltd.",TRUE,1294,Freight Included in Commodity Cost,355.99
"28,086",116-ZA-T30,FPQ-14942,SCMS-259072,ASN-30377,South Africa,PMO - US,Direct Drop,DDP,Truck,09-11-14,1/26/2015,26-Jan-15,26-Jan-15,26-Jan-15,ARV,Adult,PHARMACY DIRECT,"Zidovudine 300mg, tablets, 60 Tabs",Zidovudine,Generic,300mg,Tablet,60,12,216.37,18.03,0.3,"Aurobindo Unit III, India",FALSE,Weight Captured Separately,Freight Included in Commodity Cost,0.22
"11,067",114-UG-T01,Pre-PQ Process,SO-32960,DN-1414,Uganda,PMO - US,From RDC,N/A - From RDC,Air,Date Not Captured,N/A - From RDC,14-Sep-09,14-Sep-09,14-Sep-09,ARV,Adult,SCMS from RDC,"Zidovudine 300mg, tablets, 60 Tabs",Zidovudine,Generic,300mg,Tablet,60,192,1445.76,7.53,0.13,"Aurobindo Unit III, India",TRUE,11,"$1,112.31 ",2.83
"11,068",114-UG-T01,Pre-PQ Process,SO-30150,DN-1426,Uganda,PMO - US,From RDC,N/A - From RDC,Air,Date Not Captured,N/A - From RDC,08-Oct-09,08-Oct-09,08-Oct-09,ARV,Adult,SCMS from RDC,"Efavirenz 600mg, tablets, 30 Tabs",Efavirenz,Generic,600mg,Tablet,30,"3,740",26441.80,7.07,0.24,"Aurobindo Unit III, India",TRUE,322,"$3,054.10 ",51.83
"11,069",104-CI-T01,Pre-PQ Process,SO-33240,DN-1424,Côte d'Ivoire,PMO - US,From RDC,N/A - From RDC,Air,Date Not Captured,N/A - From RDC,28-Sep-09,28-Sep-09,28-Sep-09,ARV,Adult,SCMS from RDC,"Nevirapine 200mg, tablets, 60 Tabs",Nevirapine,Generic,200mg,Tablet,60,"8,732",25322.80,2.9,0.05,Hetero Unit III Hyderabad IN,TRUE,485,"$7,302.48 ",49.63
"11,070",151-NG-T01,Pre-PQ Process,SO-27824,DN-1443,Nigeria,PMO - US,From RDC,N/A - From RDC,Air Charter,Date Not Captured,N/A - From RDC,20-Oct-09,20-Oct-09,20-Oct-09,ARV,Adult,SCMS from RDC,"Emtricitabine/Tenofovir Disoproxil Fumarate 200/300mg, tablets, 30 Tabs",Emtricitabine/Tenofovir Disoproxil Fumarate,Generic,200/300mg,Tablet - FDC,30,441,5181.75,11.75,0.39,Mylan (formerly Matrix) Nashik,TRUE,36,"$9,341.49 ",10.16
"11,071",104-CI-T01,Pre-PQ Process,SO-33231,DN-1460,Côte d'Ivoire,PMO - US,From RDC,N/A - From RDC,Air,Date Not Captured,N/A - From RDC,07-Oct-09,07-Oct-09,07-Oct-09,ARV,Adult,SCMS from RDC,"Emtricitabine/Tenofovir Disoproxil Fumarate 200/300mg, tablets, 30 Tabs",Emtricitabine/Tenofovir Disoproxil Fumarate,Generic,200/300mg,Tablet - FDC,30,576,6768.00,11.75,0.39,Mylan (formerly Matrix) Nashik,TRUE,47,"$1,234.91 ",13.27
"28,158",116-ZA-T30,FPQ-13035,SCMS-215370,ASN-24415,South Africa,PMO - US,Direct Drop,DDP,Truck,10-08-13,12-02-13,06-Feb-14,06-Feb-14,06-Feb-14,ARV,Adult,S. BUYS WHOLESALER,"Emtricitabine/Tenofovir Disoproxil Fumarate 200/300mg, tablets, 30 Tabs",Emtricitabine/Tenofovir Disoproxil Fumarate,Generic,200/300mg,Tablet - FDC,30,12,339.36,28.28,0.94,"Aurobindo Unit III, India",FALSE,Weight Captured Separately,Freight Included in Commodity Cost,0.42
"28,160",116-ZA-T30,FPQ-14942,SCMS-259083,ASN-33330,South Africa,PMO - US,Direct Drop,DDP,Truck,09-11-14,7/14/2015,14-Jul-15,14-Jul-15,14-Jul-15,ARV,Pediatric,PHARMACY DIRECT,"Lopinavir/Ritonavir 80/20mg/ml [Kaletra], oral solution, cool, Bottle 5 x 60 ml",Lopinavir/Ritonavir,Kaletra,80/20mg/ml,Oral solution,300,4,68.56,17.14,0.06,ABBVIE (Abbott) Logis. UK,TRUE,Weight Captured Separately,Freight Included in Commodity Cost,0.07
"28,192",107-RW-T30,FPQ-6185,SCMS-84411,ASN-9660,Rwanda,PMO - US,Direct Drop,CIP,Air,09-03-10,9/27/2010,09-Feb-11,09-Feb-11,09-Feb-11,ARV,Adult,CIPLA LIMITED,"Lopinavir/Ritonavir 200/50mg, tablets, 120 Tabs",Lopinavir/Ritonavir,Generic,200/50mg,Tablet,120,"11,440",392392.00,34.3,0.29,Cipla Ltd A-42 MIDC Mahar. IN,FALSE,Weight Captured Separately,Freight Included in Commodity Cost,846
"11,075",110-ZM-T01,Pre-PQ Process,SO-29031,DN-1498,Zambia,PMO - US,From RDC,N/A - From RDC,Truck,Date Not Captured,N/A - From RDC,29-Oct-09,29-Oct-09,29-Oct-09,ARV,Adult,SCMS from RDC,"Efavirenz 600mg, tablets, 30 Tabs",Efavirenz,Generic,600mg,Tablet,30,"34,036",196728.08,5.78,0.19,"Aurobindo Unit III, India",TRUE,2901,"$4,897.42 ",424.15
"11,076",111-MZ-T01,Pre-PQ Process,SO-32571,DN-1532,Mozambique,PMO - US,From RDC,N/A - From RDC,Air,Date Not Captured,N/A - From RDC,11-Dec-09,11-Dec-09,11-Dec-09,ARV,Adult,SCMS from RDC,"Lamivudine/Stavudine 150/30mg, tablets, 60 Tabs",Lamivudine/Stavudine,Generic,150/30mg,Tablet - FDC,60,"2,510",9789.00,3.9,0.06,"Cipla, Goa, India",TRUE,190,"$1,317.40 ",21.11
"28,231",116-ZA-T30,FPQ-14942,SCMS-259071,ASN-29597,South Africa,PMO - US,Direct Drop,DDP,Truck,09-11-14,11/28/2014,28-Nov-14,28-Nov-14,28-Nov-14,ARV,Adult,PHARMACY DIRECT,"Lamivudine 150mg, tablets, 60 Tabs",Lamivudine,Generic,150mg,Tablet,60,161,1063.65,6.61,0.11,"Aurobindo Unit III, India",FALSE,Weight Captured Separately,Freight Included in Commodity Cost,1.09
"11,078",111-MZ-T01,Pre-PQ Process,SO-33430,DN-1529,Mozambique,PMO - US,From RDC,N/A - From RDC,Air,Date Not Captured,N/A - From RDC,23-Feb-10,23-Feb-10,23-Feb-10,ARV,Adult,SCMS from RDC,"Nevirapine 200mg, tablets, 60 Tabs",Nevirapine,Generic,200mg,Tablet,60,"1,788",5721.60,3.2,0.05,"Cipla, Goa, India",TRUE,205,"$1,380.45 ",12.34
"11,079",151-NG-T30,Pre-PQ Process,SO-35330,DN-1615,Nigeria,PMO - US,From RDC,N/A - From RDC,Air,Date Not Captured,N/A - From RDC,19-Feb-10,22-Jan-10,22-Jan-10,ARV,Adult,SCMS from RDC,"Emtricitabine/Tenofovir Disoproxil Fumarate 200/300mg, tablets, 30 Tabs",Emtricitabine/Tenofovir Disoproxil Fumarate,Generic,200/300mg,Tablet - FDC,30,5,58.75,11.75,0.39,Mylan (formerly Matrix) Nashik,TRUE,1,"$19,480.97 ",0.13
"28,268",116-ZA-T30,FPQ-15269,SCMS-267090,ASN-29761,South Africa,PMO - US,Direct Drop,DDP,Truck,10/29/2014,12-10-14,10-Dec-14,10-Dec-14,10-Dec-14,ARV,Pediatric,S. BUYS WHOLESALER,"Lopinavir/Ritonavir 80/20mg/ml [Kaletra], oral solution, cool, Bottle 5 x 60 ml",Lopinavir/Ritonavir,Kaletra,80/20mg/ml,Oral solution,300,3,62.04,20.68,0.07,ABBVIE (Abbott) Logis. UK,TRUE,Weight Captured Separately,Freight Included in Commodity Cost,0.07
"11,088",100-CI-T01,Pre-PQ Process,SO-283,DN-26,Côte d'Ivoire,PMO - US,From RDC,N/A - From RDC,,Pre-PQ Process,N/A - From RDC,22-Feb-07,08-Mar-07,08-Mar-07,ARV,Adult,SCMS from RDC,"Efavirenz 600mg, tablets, 30 Tabs",Efavirenz,Generic,600mg,Tablet,30,"3,024",49140.00,16.25,0.54,"Aurobindo Unit III, India",TRUE,275,"$1,448 ",
"28,302",116-ZA-T30,FPQ-14942,SCMS-259079,ASN-33852,South Africa,PMO - US,Direct Drop,DDP,Truck,09-11-14,10-09-14,24-Aug-15,24-Aug-15,24-Aug-15,ARV,Adult,PHARMACY DIRECT,"Efavirenz 600mg, tablets, 30 Tabs",Efavirenz,Generic,600mg,Tablet,30,44,532.12,12.09,0.4,"Aurobindo Unit III, India",FALSE,Weight Captured Separately,Freight Included in Commodity Cost,0.55
"28,309",116-ZA-T30,FPQ-13973,SCMS-238570,ASN-30715,South Africa,PMO - US,Direct Drop,DDP,Truck,4/30/2014,05-08-14,16-Feb-15,16-Feb-15,16-Feb-15,ARV,Pediatric,PHARMACY DIRECT,"Lopinavir/Ritonavir 80/20mg/ml [Kaletra], oral solution, cool, Bottle 5 x 60 ml",Lopinavir/Ritonavir,Kaletra,80/20mg/ml,Oral solution,300,3,66.20,22.07,0.07,ABBVIE (Abbott) Logis. UK,TRUE,Weight Captured Separately,Freight Included in Commodity Cost,0.07
"11,091",100-CI-T01,Pre-PQ Process,SO-373,DN-30,Côte d'Ivoire,PMO - US,From RDC,N/A - From RDC,,Pre-PQ Process,N/A - From RDC,15-Mar-07,15-Mar-07,15-Mar-07,ARV,Adult,SCMS from RDC,"Tenofovir Disoproxil Fumarate 300mg [Viread], tablets, 30 Tabs",Tenofovir Disoproxil Fumarate,Viread,300mg,Tablet,30,528,8976.00,17,0.57,Gilead(Nycomed) Oranienburg DE,TRUE,368,"$1,619 ",
"28,333",133-NG-T30,FPQ-16330,SCMS-288770,ASN-32400,Nigeria,PMO - US,Direct Drop,DDP,Air,05-11-15,5/22/2015,25-May-15,25-May-15,26-May-15,HRDT,HIV test,ACOUNS NIGERIA LTD,"HIV 1/2, Determine HIV Kit, without Lancets, 100 Tests","HIV 1/2, Determine HIV Kit, without Lancets",Determine,,Test kit,100,"6,107",407642.25,66.75,0.67,"Alere Medical Co., Ltd.",TRUE,Weight Captured Separately,Freight Included in Commodity Cost,479.79
"11,095",107-RW-T01,Pre-PQ Process,SO-239,DN-70,Rwanda,PMO - US,From RDC,N/A - From RDC,Air,Pre-PQ Process,N/A - From RDC,10-Apr-07,10-Apr-07,10-Apr-07,HRDT,HIV test,SCMS from RDC,"HIV 1/2, Capillus HIV Kit, 100 Tests","HIV 1/2, Capillus HIV Kit",Capillus,,Test kit,100,60,8340.00,139,1.39,"Trinity Biotech, Plc",TRUE,353,"$3,684.60 ",
"11,096",100-BW-T01,Pre-PQ Process,SO-425,DN-91,Botswana,PMO - US,From RDC,N/A - From RDC,,Pre-PQ Process,N/A - From RDC,27-Apr-07,27-Apr-07,27-Apr-07,HRDT,HIV test,SCMS from RDC,"HIV 1/2, Determine Complete HIV Kit, 100 Tests","HIV 1/2, Determine Complete HIV Kit",Determine,,Test kit,100,100,8000.00,80,0.8,ABBVIE GmbH & Co.KG Wiesbaden,TRUE,32,$695.23 ,
"11,097",112-NG-T01,Pre-PQ Process,SO-340,DN-72,Nigeria,PMO - US,From RDC,N/A - From RDC,,Pre-PQ Process,N/A - From RDC,17-Apr-07,17-Apr-07,17-Apr-07,ARV,Adult,SCMS from RDC,"Stavudine 30mg, capsules, 60 Caps",Stavudine,Generic,30mg,Capsule,60,"1,260",2016.00,1.6,0.03,"Aurobindo Unit III, India",TRUE,988,"$4,251 ",
"11,099",113-ZW-T01,Pre-PQ Process,SO-337,DN-115,Zimbabwe,PMO - US,From RDC,N/A - From RDC,,Pre-PQ Process,N/A - From RDC,26-Apr-07,26-Apr-07,26-Apr-07,ARV,Adult,SCMS from RDC,"Lopinavir/Ritonavir 200/50mg [Aluvia], tablets, 120 Tabs",Lopinavir/Ritonavir,Aluvia,200/50mg,Tablet,120,400,16440.00,41.1,0.34,ABBVIE Ludwigshafen Germany,TRUE,87,$907.41 ,
"28,439",133-NG-T30,FPQ-16329,SCMS-289130,ASN-32954,Nigeria,PMO - US,Direct Drop,EXW,Air,05-07-15,5/26/2015,14-Jul-15,14-Jul-15,14-Jul-15,HRDT,HIV test,"Orgenics, Ltd","HIV 1/2, Determine Complete HIV Kit, 100 Tests","HIV 1/2, Determine Complete HIV Kit",Determine,,Test kit,100,"6,380",567820.00,89,0.89,"Alere Medical Co., Ltd.",TRUE,2587,Freight Included in Commodity Cost,668.32
"11,102",100-CI-T01,Pre-PQ Process,SO-392,DN-53,Côte d'Ivoire,PMO - US,From RDC,N/A - From RDC,,Pre-PQ Process,N/A - From RDC,04-May-07,04-May-07,04-May-07,ARV,Adult,SCMS from RDC,"Efavirenz 600mg, tablets, 30 Tabs",Efavirenz,Generic,600mg,Tablet,30,"10,000",162500.00,16.25,0.54,"Aurobindo Unit III, India",TRUE,901,"$3,006 ",
"11,105",112-NG-T01,Pre-PQ Process,SO-329,DN-132,Nigeria,PMO - US,From RDC,N/A - From RDC,,Pre-PQ Process,N/A - From RDC,23-May-07,23-May-07,23-May-07,ARV,Adult,SCMS from RDC,"Lamivudine/Zidovudine+Nevirapine 150/300+200mg, tablets, co-blister, 60+60 Tabs",Lamivudine/Zidovudine+Nevirapine,Generic,150/300+200mg,Tablet - FDC + co-blister,120,"5,709",117034.50,20.5,0.17,"Aspen-OSD, Port Elizabeth, SA",TRUE,1238,"$6,433.28 ",
"11,107",111-MZ-T01,Pre-PQ Process,SO-545,DN-137,Mozambique,PMO - US,From RDC,N/A - From RDC,Air,Pre-PQ Process,N/A - From RDC,01-Jun-07,01-Jun-07,01-Jun-07,ARV,Adult,SCMS from RDC,"Efavirenz 600mg, tablets, 30 Tabs",Efavirenz,Generic,600mg,Tablet,30,"25,003",418800.25,16.75,0.56,"Aurobindo Unit III, India",TRUE,2177,"$2,912.01 ",
"28,534",104-CI-T30,FPQ-3835,SCMS-48250,ASN-4789,Côte d'Ivoire,PMO - US,Direct Drop,CIP,Air,6/15/2009,6/29/2009,30-Sep-09,30-Sep-09,30-Sep-09,ARV,Adult,MERCK SHARP & DOHME IDEA GMBH (FORMALLY MERCK SHARP & DOHME B.V.),"Efavirenz/Emtricitabine/Tenofovir Disoproxil Fumarate 600/200/300mg [Atripla], tablets, 30 Tabs",Efavirenz/Emtricitabine/Tenofovir Disoproxil Fumarate,Atripla,600/200/300mg,Tablet - FDC,30,"6,120",308448.00,50.4,1.68,"MSD, Haarlem, NL",TRUE,Weight Captured Separately,Freight Included in Commodity Cost,604.56
"11,112",100-BW-T01,Pre-PQ Process,SO-426,DN-84,Botswana,PMO - US,From RDC,N/A - From RDC,,Pre-PQ Process,N/A - From RDC,27-Apr-07,27-Apr-07,27-Apr-07,HRDT,HIV test,SCMS from RDC,"HIV 1/2, OraQuick Advance HIV Rapid Antibody Kit, 100 Tests","HIV 1/2, OraQuick Advance HIV Rapid Antibody Kit",OraQuick,,Test kit,100,30,12000.00,400,4,"Pacific Biotech, Thailand",TRUE,72,$947.05 ,
"11,113",100-CI-T01,Pre-PQ Process,SO-394,DN-61,Côte d'Ivoire,PMO - US,From RDC,N/A - From RDC,,Pre-PQ Process,N/A - From RDC,04-May-07,04-May-07,04-May-07,ARV,Adult,SCMS from RDC,"Lamivudine/Zidovudine 150/300mg, tablets, 60 Tabs",Lamivudine/Zidovudine,Generic,150/300mg,Tablet - FDC,60,"10,000",102500.00,10.25,0.17,"Aurobindo Unit III, India",TRUE,980,"$3,179 ",
"11,114",110-ZM-T01,Pre-PQ Process,SO-211,DN-104,Zambia,PMO - US,From RDC,N/A - From RDC,,Pre-PQ Process,N/A - From RDC,03-May-07,03-May-07,03-May-07,ARV,Adult,SCMS from RDC,"Lamivudine/Zidovudine 150/300mg, tablets, 60 Tabs",Lamivudine/Zidovudine,Generic,150/300mg,Tablet - FDC,60,"50,549",518127.25,10.25,0.17,"Aurobindo Unit III, India",TRUE,4680,"$19,288.91 ",
"28,689",116-ZA-T30,FPQ-3560,SCMS-50940,ASN-5424,South Africa,PMO - US,Direct Drop,DDP,Truck,05-07-09,08-03-09,08-Oct-09,08-Oct-09,08-Oct-09,ARV,Pediatric,S. BUYS WHOLESALER,"Efavirenz 50mg, capsule, 30 Caps",Efavirenz,Generic,50mg,Capsule,30,"5,049",19974.44,3.96,0.13,"Aurobindo Unit III, India",TRUE,Weight Captured Separately,Freight Included in Commodity Cost,39.15
"11,117",104-CI-T01,Pre-PQ Process,SO-586,DN-194,Côte d'Ivoire,PMO - US,From RDC,N/A - From RDC,,Pre-PQ Process,N/A - From RDC,28-Jun-07,28-Jun-07,28-Jun-07,ARV,Adult,SCMS from RDC,"Lopinavir/Ritonavir 200/50mg [Aluvia], tablets, 120 Tabs",Lopinavir/Ritonavir,Aluvia,200/50mg,Tablet,120,"4,000",164400.00,41.1,0.34,ABBVIE Ludwigshafen Germany,TRUE,1015,"$3,256 ",263.04
"28,691",116-ZA-T30,FPQ-12522,SCMS-199283,ASN-27979,South Africa,PMO - US,Direct Drop,DDP,Truck,07-11-13,8/27/2014,27-Aug-14,27-Aug-14,27-Aug-14,ARV,Adult,S. BUYS WHOLESALER,"Lopinavir/Ritonavir 200/50mg [Aluvia], tablets, 120 Tabs",Lopinavir/Ritonavir,Aluvia,200/50mg,Tablet,120,31,798.55,25.76,0.21,ABBVIE Ludwigshafen Germany,FALSE,Weight Captured Separately,Freight Included in Commodity Cost,0.99
"11,119",104-CI-T01,Pre-PQ Process,SO-625,DN-166,Côte d'Ivoire,PMO - US,From RDC,N/A - From RDC,,Pre-PQ Process,N/A - From RDC,21-Jun-07,21-Jun-07,21-Jun-07,ARV,Adult,SCMS from RDC,"Indinavir 400mg [Crixivan], capsules, 180 Caps",Indinavir,Crixivan,400mg,Capsule,180,"4,402",220100.00,50,0.28,MSD Elkton USA,TRUE,994,"$3,501 ",
"11,122",104-CI-T01,Pre-PQ Process,SO-687,DN-206,Côte d'Ivoire,PMO - US,From RDC,N/A - From RDC,Air,Pre-PQ Process,N/A - From RDC,10-Jul-07,10-Jul-07,10-Jul-07,ARV,Pediatric,SCMS from RDC,"Efavirenz 50mg, capsule, 30 Caps",Efavirenz,Generic,50mg,Capsule,30,"4,515",10113.60,2.24,0.07,"Aurobindo Unit III, India",TRUE,259,"$1,574 ",16.18
"11,128",110-ZM-T01,Pre-PQ Process,SO-209,DN-205,Zambia,PMO - US,From RDC,N/A - From RDC,,Pre-PQ Process,N/A - From RDC,20-Jun-07,20-Jun-07,20-Jun-07,ARV,Adult,SCMS from RDC,"Lamivudine/Zidovudine 150/300mg, tablets, 60 Tabs",Lamivudine/Zidovudine,Generic,150/300mg,Tablet - FDC,60,"66,370",680292.50,10.25,0.17,"Aurobindo Unit III, India",TRUE,6243,"$25,729.70 ","1,088.47"
"28,724",116-ZA-T30,FPQ-14942,SCMS-259079,ASN-33852,South Africa,PMO - US,Direct Drop,DDP,Truck,09-11-14,10-09-14,24-Aug-15,24-Aug-15,24-Aug-15,ARV,Adult,PHARMACY DIRECT,"Nevirapine 200mg, tablets, 60 Tabs",Nevirapine,Generic,200mg,Tablet,60,24,329.70,13.74,0.23,"Aurobindo Unit III, India",FALSE,Weight Captured Separately,Freight Included in Commodity Cost,0.34
"28,844",116-ZA-T30,FPQ-14942,SCMS-259077,ASN-33477,South Africa,PMO - US,Direct Drop,DDP,Truck,09-11-14,10-09-14,24-Jul-15,24-Jul-15,24-Jul-15,ARV,Pediatric,PHARMACY DIRECT,"Efavirenz 200mg, capsule, 90 Caps",Efavirenz,Generic,200mg,Capsule,90,10,170.44,17.04,0.19,"Aurobindo Unit III, India",FALSE,Weight Captured Separately,Freight Included in Commodity Cost,0.18
"11,135",111-MZ-T01,Pre-PQ Process,SO-580,DN-208,Mozambique,PMO - US,From RDC,N/A - From RDC,Air,Pre-PQ Process,N/A - From RDC,12-Jul-07,12-Jul-07,12-Jul-07,ARV,Pediatric,SCMS from RDC,"Abacavir 20mg/ml, oral solution, Bottle, 240 ml",Abacavir,Generic,20mg/ml,Oral solution,240,397,8356.85,21.05,0.09,"Aurobindo Unit III, India",TRUE,141,$411.07 ,13.37
"11,136",112-NG-T01,Pre-PQ Process,SO-563,DN-209,Nigeria,PMO - US,From RDC,N/A - From RDC,,Pre-PQ Process,N/A - From RDC,03-Jul-07,03-Jul-07,03-Jul-07,ARV,Adult,SCMS from RDC,"Lamivudine/Nevirapine/Stavudine 150/200/30mg, tablets, 60 Tabs",Lamivudine/Nevirapine/Stavudine,Generic,150/200/30mg,Tablet - FDC,60,"1,319",9892.50,7.5,0.12,"Cipla, Goa, India",TRUE,1656,"$8,331.36 ",15.83
"28,862",116-ZA-T30,FPQ-3560,SCMS-49642,ASN-5242,South Africa,PMO - US,Direct Drop,DDP,Truck,05-07-09,7/21/2009,11-Sep-09,11-Sep-09,11-Sep-09,ARV,Adult,S. BUYS WHOLESALER,"Lopinavir/Ritonavir 200/50mg [Aluvia], tablets, 120 Tabs",Lopinavir/Ritonavir,Aluvia,200/50mg,Tablet,120,"8,000",375880.98,46.99,0.39,ABBVIE Ludwigshafen Germany,TRUE,Weight Captured Separately,Freight Included in Commodity Cost,736.73
"11,138",109-TZ-T01,Pre-PQ Process,SO-441,DN-246,Tanzania,PMO - US,From RDC,N/A - From RDC,Air,Pre-PQ Process,N/A - From RDC,13-Aug-07,13-Aug-07,13-Aug-07,ARV,Adult,SCMS from RDC,"Lopinavir/Ritonavir 200/50mg [Aluvia], tablets, 120 Tabs",Lopinavir/Ritonavir,Aluvia,200/50mg,Tablet,120,"3,000",123300.00,41.1,0.34,ABBVIE Ludwigshafen Germany,TRUE,1422,"$4,198 ",197.28
"11,139",109-TZ-T01,Pre-PQ Process,SO-496,DN-247,Tanzania,PMO - US,From RDC,N/A - From RDC,Air,Pre-PQ Process,N/A - From RDC,30-Jul-07,30-Jul-07,30-Jul-07,ARV,Adult,SCMS from RDC,"Ritonavir 100mg [Norvir], capsules, cool, 4 x 84 Caps",Ritonavir,Norvir,100mg,Capsule,336,157,6022.52,38.36,0.11,ABBVIE (Abbott) Logis. UK,TRUE,547,"$2,094 ",9.64
"11,140",104-CI-T01,Pre-PQ Process,SO-701,DN-271,Côte d'Ivoire,PMO - US,From RDC,N/A - From RDC,,Pre-PQ Process,N/A - From RDC,14-Aug-07,14-Aug-07,14-Aug-07,ARV,Adult,SCMS from RDC,"Lamivudine/Stavudine 150/30mg, tablets, 30 Tabs",Lamivudine/Stavudine,Generic,150/30mg,Tablet - FDC,30,"86,821",173642.00,2,0.07,"Cipla, Goa, India",TRUE,5697,"$14,893 ",277.83
"11,141",104-CI-T01,Pre-PQ Process,SO-817,DN-274,Côte d'Ivoire,PMO - US,From RDC,N/A - From RDC,,Pre-PQ Process,N/A - From RDC,14-Aug-07,14-Aug-07,14-Aug-07,ARV,Adult,SCMS from RDC,"Lamivudine/Nevirapine/Stavudine 150/200/30mg, tablets, 60 Tabs",Lamivudine/Nevirapine/Stavudine,Generic,150/200/30mg,Tablet - FDC,60,"32,436",243270.00,7.5,0.12,"Cipla, Goa, India",TRUE,3203,"$8,258 ",389.23
"11,142",100-HT-T01,Pre-PQ Process,SO-831,DN-278,Haiti,PMO - US,From RDC,N/A - From RDC,Air,Pre-PQ Process,N/A - From RDC,07-Aug-07,07-Aug-07,07-Aug-07,HRDT,HIV test,SCMS from RDC,"HIV 1/2, Capillus HIV Kit, 100 Tests","HIV 1/2, Capillus HIV Kit",Capillus,,Test kit,100,75,10425.00,139,1.39,"Trinity Biotech, Plc",TRUE,50,$791.84 ,16.68
"11,144",111-MZ-T01,Pre-PQ Process,SO-502,DN-282,Mozambique,PMO - US,From RDC,N/A - From RDC,Air,Pre-PQ Process,N/A - From RDC,10-Oct-07,10-Oct-07,10-Oct-07,ARV,Pediatric,SCMS from RDC,"Efavirenz 200mg, capsule, 90 Caps",Efavirenz,Generic,200mg,Capsule,90,400,6780.00,16.95,0.19,"Aurobindo Unit III, India",TRUE,3340,"$3,438.84 ",10.85
"11,146",107-RW-T01,Pre-PQ Process,SO-756,DN-238,Rwanda,PMO - US,From RDC,N/A - From RDC,Air,Pre-PQ Process,N/A - From RDC,16-Jul-07,16-Jul-07,16-Jul-07,HRDT,HIV test,SCMS from RDC,"HIV 1/2, Capillus HIV Kit, 100 Tests","HIV 1/2, Capillus HIV Kit",Capillus,,Test kit,100,150,20850.00,139,1.39,"Trinity Biotech, Plc",TRUE,130,"$1,676.91 ",33.36
"11,147",104-CI-T01,Pre-PQ Process,SO-529,DN-250,Côte d'Ivoire,PMO - US,From RDC,N/A - From RDC,,Pre-PQ Process,N/A - From RDC,27-Jul-07,27-Jul-07,27-Jul-07,HRDT,HIV test,SCMS from RDC,"HIV 2, New LAV Blot 2 HIV Kit, 18 Tests","HIV 2, New LAV Blot 2 HIV Kit",LAV,,Test kit,18,12,3698.04,308.17,17.12,Bio-Rad Laboratories,TRUE,46,"$1,607 ",5.92
"11,151",104-CI-T01,Pre-PQ Process,SO-922,DN-318,Côte d'Ivoire,PMO - US,From RDC,N/A - From RDC,,Pre-PQ Process,N/A - From RDC,10-Sep-07,10-Sep-07,10-Sep-07,ARV,Adult,SCMS from RDC,"Efavirenz 600mg, tablets, 30 Tabs",Efavirenz,Generic,600mg,Tablet,30,"25,037",407101.62,16.26,0.54,"Aurobindo Unit III, India",TRUE,2213,"$18,101.32 ",651.36
"11,153",109-TZ-T01,Pre-PQ Process,SO-456,DN-291,Tanzania,PMO - US,From RDC,N/A - From RDC,Air,Pre-PQ Process,N/A - From RDC,29-Aug-07,29-Aug-07,29-Aug-07,ARV,Adult,SCMS from RDC,"Efavirenz 600mg, tablets, 30 Tabs",Efavirenz,Generic,600mg,Tablet,30,"23,814",387215.64,16.26,0.54,"Aurobindo Unit III, India",TRUE,2102,"$5,834 ",619.55
"28,960",116-ZA-T30,FPQ-13035,SCMS-215370,ASN-24415,South Africa,PMO - US,Direct Drop,DDP,Truck,10-08-13,12-02-13,06-Feb-14,06-Feb-14,06-Feb-14,ARV,Adult,S. BUYS WHOLESALER,"Efavirenz 600mg, tablets, 30 Tabs",Efavirenz,Generic,600mg,Tablet,30,"1,131",17468.66,15.45,0.52,"Aurobindo Unit III, India",FALSE,Weight Captured Separately,Freight Included in Commodity Cost,21.61
"11,156",114-UG-T01,Pre-PQ Process,SO-896,DN-297,Uganda,PMO - US,From RDC,N/A - From RDC,,Pre-PQ Process,N/A - From RDC,17-Oct-07,17-Oct-07,17-Oct-07,ARV,Adult,SCMS from RDC,"Stavudine 30mg, capsules, 60 Caps",Stavudine,Generic,30mg,Capsule,60,294,446.88,1.52,0.03,"Strides, Bangalore, India.",TRUE,14,$632.60 ,0.72
"29,116",116-ZA-T30,FPQ-14942,SCMS-259074,ASN-31070,South Africa,PMO - US,Direct Drop,DDP,Truck,09-11-14,03-09-15,09-Mar-15,09-Mar-15,09-Mar-15,ARV,Adult,PHARMACY DIRECT,"Lamivudine 150mg, tablets, 60 Tabs",Lamivudine,Generic,150mg,Tablet,60,146,964.58,6.61,0.11,"Aurobindo Unit III, India",FALSE,Weight Captured Separately,Freight Included in Commodity Cost,0.99
"11,161",110-ZM-T01,Pre-PQ Process,SO-940,DN-366,Zambia,PMO - US,From RDC,N/A - From RDC,,Pre-PQ Process,N/A - From RDC,27-Sep-07,27-Sep-07,27-Sep-07,ARV,Adult,SCMS from RDC,"Nevirapine 200mg, tablets, 60 Tabs",Nevirapine,Generic,200mg,Tablet,60,"85,000",289000.00,3.4,0.06,"Aurobindo Unit III, India",TRUE,14311,"$63,886.29 ",462.4
"11,661",114-UG-T01,Pre-PQ Process,SO-32120,DN-1303,Uganda,PMO - US,From RDC,N/A - From RDC,Air,Date Not Captured,N/A - From RDC,14-Aug-09,14-Aug-09,14-Aug-09,ARV,Adult,SCMS from RDC,"Nevirapine 200mg, tablets, 60 Tabs",Nevirapine,Generic,200mg,Tablet,60,"2,844",8247.60,2.9,0.05,"Aurobindo Unit III, India",TRUE,1587,"$11,206.84 ",16.17
"29,207",116-ZA-T30,FPQ-12522,SCMS-199283,ASN-27978,South Africa,PMO - US,Direct Drop,DDP,Truck,07-11-13,8/27/2014,27-Aug-14,27-Aug-14,27-Aug-14,ARV,Adult,S. BUYS WHOLESALER,"Lamivudine 150mg, tablets, 60 Tabs",Lamivudine,Generic,150mg,Tablet,60,265,2609.69,9.85,0.16,Hetero Unit III Hyderabad IN,FALSE,Weight Captured Separately,Freight Included in Commodity Cost,3.23
"11,173",111-MZ-T01,Pre-PQ Process,SO-924,DN-344,Mozambique,PMO - US,From RDC,N/A - From RDC,Air,Pre-PQ Process,N/A - From RDC,05-Oct-07,05-Oct-07,05-Oct-07,ARV,Adult,SCMS from RDC,"Lamivudine 150mg, tablets, 60 Tabs",Lamivudine,Generic,150mg,Tablet,60,200,608.00,3.04,0.05,"Aurobindo Unit III, India",TRUE,4241,"$25,442 ",0.97
"29,219",116-ZA-T30,FPQ-3560,SCMS-50940,ASN-5424,South Africa,PMO - US,Direct Drop,DDP,Truck,05-07-09,08-03-09,08-Oct-09,08-Oct-09,08-Oct-09,ARV,Pediatric,S. BUYS WHOLESALER,"Stavudine 1mg/ml, powder for oral solution, 200 ml",Stavudine,Generic,1mg/ml,Oral solution,200,300,753.67,2.51,0.01,"Aurobindo Unit III, India",FALSE,Weight Captured Separately,Freight Included in Commodity Cost,1.48
"29,359",116-ZA-T30,FPQ-3596,SCMS-50361,ASN-5447,South Africa,PMO - US,Direct Drop,DDP,Truck,05-07-09,9/22/2009,08-Oct-09,08-Oct-09,08-Oct-09,ARV,Adult,S. BUYS WHOLESALER,"Efavirenz 600mg, tablets, 30 Tabs",Efavirenz,Generic,600mg,Tablet,30,"10,000",173493.01,17.35,0.58,"Aurobindo Unit III, India",TRUE,Weight Captured Separately,Freight Included in Commodity Cost,340.05
"29,391",116-ZA-T30,FPQ-13973,SCMS-238556,ASN-31854,South Africa,PMO - US,Direct Drop,DDP,Truck,4/30/2014,4/28/2015,28-Apr-15,28-Apr-15,28-Apr-15,ARV,Adult,PHARMACY DIRECT,"Nevirapine 200mg, tablets, 60 Tabs",Nevirapine,Generic,200mg,Tablet,60,10,177.47,17.75,0.3,"Aurobindo Unit III, India",FALSE,Weight Captured Separately,Freight Included in Commodity Cost,0.18
"11,186",104-CI-T01,Pre-PQ Process,SO-1113,DN-385,Côte d'Ivoire,PMO - US,From RDC,N/A - From RDC,Air,Pre-PQ Process,N/A - From RDC,22-Oct-07,22-Oct-07,22-Oct-07,HRDT,HIV test,SCMS from RDC,"HIV 1/2, Determine HIV Kit, without Lancets, 100 Tests","HIV 1/2, Determine HIV Kit, without Lancets",Determine,,Test kit,100,595,42834.05,71.99,0.72,Inverness Japan,TRUE,200,"$1,642 ",68.53
"11,187",110-ZM-T01,Pre-PQ Process,SO-317,DN-387,Zambia,PMO - US,From RDC,N/A - From RDC,,Pre-PQ Process,N/A - From RDC,29-Oct-07,29-Oct-07,29-Oct-07,ARV,Adult,SCMS from RDC,"Lamivudine/Zidovudine 150/300mg, tablets, 60 Tabs",Lamivudine/Zidovudine,Generic,150/300mg,Tablet - FDC,60,"40,761",435327.48,10.68,0.18,"Aurobindo Unit III, India",TRUE,4221,"$17,549.81 ",696.52
"11,188",110-ZM-T01,Pre-PQ Process,SO-572,DN-388,Zambia,PMO - US,From RDC,N/A - From RDC,,Pre-PQ Process,N/A - From RDC,09-Nov-07,09-Nov-07,09-Nov-07,ARV,Adult,SCMS from RDC,"Nevirapine 200mg, tablets, 60 Tabs",Nevirapine,Generic,200mg,Tablet,60,"52,864",188724.48,3.57,0.06,"Aurobindo Unit III, India",TRUE,5989,"$19,590.04 ",301.96
"11,189",113-ZW-T01,Pre-PQ Process,SO-281,DN-392,Zimbabwe,PMO - US,From RDC,N/A - From RDC,,Pre-PQ Process,N/A - From RDC,22-Oct-07,22-Oct-07,22-Oct-07,ARV,Adult,SCMS from RDC,"Nevirapine 200mg, tablets, 60 Tabs",Nevirapine,Generic,200mg,Tablet,60,500,1835.00,3.67,0.06,"Aurobindo Unit III, India",TRUE,47,$707.40 ,2.94
"11,191",112-NG-T01,Pre-PQ Process,SO-1224,DN-410,Nigeria,PMO - US,From RDC,N/A - From RDC,Air,Pre-PQ Process,N/A - From RDC,04-Dec-07,04-Dec-07,04-Dec-07,ARV,Pediatric,SCMS from RDC,"Efavirenz 200mg, capsule, 90 Caps",Efavirenz,Generic,200mg,Capsule,90,400,6400.00,16,0.18,"Aurobindo Unit III, India",TRUE,38,"$1,161.13 ",10.24
"11,192",111-MZ-T01,Pre-PQ Process,SO-992,DN-427,Mozambique,PMO - US,From RDC,N/A - From RDC,Air,Pre-PQ Process,N/A - From RDC,22-Nov-07,22-Nov-07,22-Nov-07,ARV,Adult,SCMS from RDC,"Lamivudine/Stavudine 150/30mg, tablets, 30 Tabs",Lamivudine/Stavudine,Generic,150/30mg,Tablet - FDC,30,"24,140",48280.00,2,0.07,"Cipla, Goa, India",TRUE,1434,"$3,682.34 ",77.25
"11,194",104-CI-T01,Pre-PQ Process,SO-1245,DN-423,Côte d'Ivoire,PMO - US,From RDC,N/A - From RDC,Air,Pre-PQ Process,N/A - From RDC,13-Nov-07,13-Nov-07,13-Nov-07,ARV,Adult,SCMS from RDC,"Abacavir/Lamivudine/Zidovudine 300/150/300mg [Trizivir], tablets, 60 Tabs",Abacavir/Lamivudine/Zidovudine,Trizivir,300/150/300mg,Tablet - FDC,60,"3,300",146850.00,44.5,0.74,GSK Ware (UK),TRUE,2143,"$10,137.04 ",234.96
"29,608",106-HT-T30,FPQ-4389,SCMS-58010,ASN-5820,Haiti,PMO - US,Direct Drop,CIP,Air,11-03-09,11/24/2009,24-Feb-10,24-Feb-10,24-Feb-10,ARV,Pediatric,BRISTOL-MYERS SQUIBB,"Didanosine 50mg [Videx], chewable tablets, 60 Tabs",Didanosine,Videx,50mg,Chewable/dispersible tablet,60,40,380.00,9.5,0.16,"BMS Meymac, France",TRUE,Weight Captured Separately,Freight Included in Commodity Cost,0.82
"11,196",110-ZM-T01,Pre-PQ Process,SO-1419,DN-606,Zambia,PMO - US,From RDC,N/A - From RDC,Air,Pre-PQ Process,N/A - From RDC,20-Feb-08,20-Feb-08,20-Feb-08,ARV,Pediatric,SCMS from RDC,"Efavirenz 200mg, capsule, 90 Caps",Efavirenz,Generic,200mg,Capsule,90,900,14400.00,16,0.18,"Aurobindo Unit III, India",TRUE,109,$919.66 ,23.04
"11,197",111-MZ-T01,Pre-PQ Process,SO-1039,DN-603,Mozambique,PMO - US,From RDC,N/A - From RDC,Air,Pre-PQ Process,N/A - From RDC,08-Apr-08,08-Apr-08,08-Apr-08,ARV,Adult,SCMS from RDC,"Lamivudine/Stavudine 150/30mg, tablets, 30 Tabs",Lamivudine/Stavudine,Generic,150/30mg,Tablet - FDC,30,"50,000",100000.00,2,0.07,"Cipla, Goa, India",TRUE,3584,"$8,405.91 ",160
"29,727",106-HT-T30,FPQ-5725,SCMS-74760,ASN-7496,Haiti,PMO - US,Direct Drop,DDU,Truck,5/26/2010,06-01-10,28-Jun-10,28-Jun-10,28-Jun-10,HRDT,HIV test,REINBOLD EXPORT IMPORT,"HIV 1/2, Determine Kit without Lancets, Buffer or Caplillary Tubes, 100 Tests","HIV 1/2, Determine Kit without Lancets, Buffer or Capillary Tubes, 100 Tests",Determine,,Test kit,100,"1,000",125000.00,125,1.25,INVERNESS ANY,TRUE,Weight Captured Separately,Freight Included in Commodity Cost,269.5
"11,200",104-CI-T01,Pre-PQ Process,SO-1145,DN-440,Côte d'Ivoire,PMO - US,From RDC,N/A - From RDC,Air,Pre-PQ Process,N/A - From RDC,29-Nov-07,29-Nov-07,29-Nov-07,ARV,Adult,SCMS from RDC,"Stavudine 30mg, capsules, 60 Caps",Stavudine,Generic,30mg,Capsule,60,"14,000",24500.00,1.75,0.03,"Strides, Bangalore, India.",TRUE,989,"$3,452 ",39.2
"29,848",116-ZA-T30,FPQ-11828,SCMS-183950,ASN-19166,South Africa,South Africa Field Office,Direct Drop,DDP,Truck,3/18/2013,Date Not Captured,16-Apr-13,16-Apr-13,16-Apr-13,ARV,Adult,S. BUYS WHOLESALER,"Stavudine 20mg [Zerit], capsules, 60 Caps",Stavudine,Zerit,20mg,Capsule,60,4,20.72,5.18,0.09,Bristol-Myers Squibb Anagni IT,FALSE,Weight Captured Separately,Freight Included in Commodity Cost,0.03
"11,202",104-CI-T01,Pre-PQ Process,SO-1103,DN-442,Côte d'Ivoire,PMO - US,From RDC,N/A - From RDC,Air,Pre-PQ Process,N/A - From RDC,22-Nov-07,22-Nov-07,22-Nov-07,ARV,Pediatric,SCMS from RDC,"Efavirenz 30mg/ml [Stocrin/Sustiva], oral solution, Bottle, 180 ml",Efavirenz,Stocrin/Sustiva,30mg/ml,Oral solution,180,"4,077",69186.69,16.97,0.09,"MSD, Haarlem, NL",TRUE,1554,"$4,963 ",110.7
"29,957",116-ZA-T30,FPQ-4359,SCMS-54980,ASN-5373,South Africa,PMO - US,Direct Drop,DDP,Truck,10-08-09,10/15/2009,19-Oct-09,19-Oct-09,19-Oct-09,ARV,Pediatric,S. BUYS WHOLESALER,"Zidovudine 10mg/ml [Retrovir], oral solution, Bottle, 200 ml",Zidovudine,Retrovir,10mg/ml,Oral solution,200,500,3894.27,7.79,0.04,GSK Mississauga (Canada),FALSE,Weight Captured Separately,Freight Included in Commodity Cost,7.63
"11,204",104-CI-T01,Pre-PQ Process,SO-604,DN-446,Côte d'Ivoire,PMO - US,From RDC,N/A - From RDC,Air,Pre-PQ Process,N/A - From RDC,30-Nov-07,30-Nov-07,30-Nov-07,ARV,Adult,SCMS from RDC,"Abacavir/Lamivudine/Zidovudine 300/150/300mg [Trizivir], tablets, 60 Tabs",Abacavir/Lamivudine/Zidovudine,Trizivir,300/150/300mg,Tablet - FDC,60,995,69650.00,70,1.17,GSK Ware (UK),TRUE,219,"$1,392 ",111.44
"11,205",104-CI-T01,Pre-PQ Process,SO-1298,DN-451,Côte d'Ivoire,PMO - US,From RDC,N/A - From RDC,Air,Pre-PQ Process,N/A - From RDC,17-Jan-08,17-Jan-08,17-Jan-08,ARV,Adult,SCMS from RDC,"Lopinavir/Ritonavir 200/50mg [Aluvia], tablets, 120 Tabs",Lopinavir/Ritonavir,Aluvia,200/50mg,Tablet,120,993,40812.30,41.1,0.34,ABBVIE (Abbott) Logis. UK,TRUE,217,"$3,499.10 ",65.3
"11,206",110-ZM-T01,Pre-PQ Process,SO-1084,DN-453,Zambia,PMO - US,From RDC,N/A - From RDC,,Pre-PQ Process,N/A - From RDC,06-Dec-07,06-Dec-07,06-Dec-07,ARV,Adult,SCMS from RDC,"Efavirenz 600mg, tablets, 30 Tabs",Efavirenz,Generic,600mg,Tablet,30,96,1872.00,19.5,0.65,"Cipla, Goa, India",TRUE,5,$636.52 ,3
"29,983",116-ZA-T30,FPQ-13973,SCMS-238550,ASN-30792,South Africa,PMO - US,Direct Drop,DDP,Truck,4/30/2014,05-08-14,19-Feb-15,19-Feb-15,19-Feb-15,ARV,Adult,PHARMACY DIRECT,"Emtricitabine/Tenofovir Disoproxil Fumarate 200/300mg, tablets, 30 Tabs",Emtricitabine/Tenofovir Disoproxil Fumarate,Generic,200/300mg,Tablet - FDC,30,3,90.63,30.21,1.01,"Aurobindo Unit III, India",FALSE,Weight Captured Separately,Freight Included in Commodity Cost,0.09
"30,084",116-ZA-T30,FPQ-13035,SCMS-215370,ASN-24415,South Africa,PMO - US,Direct Drop,DDP,Truck,10-08-13,12-02-13,06-Feb-14,06-Feb-14,06-Feb-14,ARV,Adult,S. BUYS WHOLESALER,"Didanosine 250mg, delayed-release capsules, 30 Caps",Didanosine,Generic,250mg,Delayed-release capsules,30,7,105.70,15.1,0.5,"Aurobindo Unit III, India",FALSE,Weight Captured Separately,Freight Included in Commodity Cost,0.13
"30,103",116-ZA-T30,FPQ-14942,SCMS-259073,ASN-30671,South Africa,PMO - US,Direct Drop,DDP,Truck,09-11-14,02-12-15,12-Feb-15,12-Feb-15,12-Feb-15,ARV,Adult,PHARMACY DIRECT,"Efavirenz 600mg, tablets, 30 Tabs",Efavirenz,Generic,600mg,Tablet,30,154,1735.52,11.27,0.38,"Aurobindo Unit III, India",FALSE,Weight Captured Separately,Freight Included in Commodity Cost,1.78
"11,210",110-ZM-T01,Pre-PQ Process,SO-1362,DN-494,Zambia,PMO - US,From RDC,N/A - From RDC,,Pre-PQ Process,N/A - From RDC,28-Dec-07,28-Dec-07,28-Dec-07,ARV,Pediatric,SCMS from RDC,"Lopinavir/Ritonavir 80/20mg/ml [Kaletra], oral solution, cool, Bottle 5 x 60 ml",Lopinavir/Ritonavir,Kaletra,80/20mg/ml,Oral solution,300,630,25893.00,41.1,0.14,ABBVIE (Abbott) Logis. UK,TRUE,83,"$4,522.03 ",41.43
"11,213",107-RW-T01,Pre-PQ Process,SO-1448,DN-500,Rwanda,PMO - US,From RDC,N/A - From RDC,Air,Pre-PQ Process,N/A - From RDC,05-Dec-07,05-Dec-07,05-Dec-07,HRDT,HIV test,SCMS from RDC,"HIV 1/2, Determine HIV Kit, without Lancets, 100 Tests","HIV 1/2, Determine HIV Kit, without Lancets",Determine,,Test kit,100,405,29155.95,71.99,0.72,Inverness Japan,TRUE,130,"$3,187.18 ",46.65
"11,217",117-ET-T01,Pre-PQ Process,SO-1542,DN-529,Ethiopia,PMO - US,From RDC,N/A - From RDC,Air,Pre-PQ Process,N/A - From RDC,20-Dec-07,20-Dec-07,20-Dec-07,ARV,Adult,SCMS from RDC,"Lamivudine/Zidovudine 150/300mg, tablets, 60 Tabs",Lamivudine/Zidovudine,Generic,150/300mg,Tablet - FDC,60,"9,692",92074.00,9.5,0.16,"Aurobindo Unit III, India",TRUE,1215,"$6,346.22 ",147.32
"11,219",106-HT-T01,Pre-PQ Process,SO-1287,DN-614,Haiti,PMO - US,From RDC,N/A - From RDC,Air,Pre-PQ Process,N/A - From RDC,04-Mar-08,21-Feb-08,21-Feb-08,ARV,Pediatric,SCMS from RDC,"Zidovudine 10mg/ml, oral solution, Bottle, 240 ml",Zidovudine,Generic,10mg/ml,Oral solution,240,"3,000",6450.00,2.15,0.01,"Aurobindo Unit III, India",TRUE,2584,"$26,877.30 ",10.32
"30,164",104-CI-T30,FPQ-3967,SCMS-52690,ASN-5488,Côte d'Ivoire,PMO - US,Direct Drop,CIP,Air,8/21/2009,9/14/2009,25-Nov-09,25-Nov-09,25-Nov-09,ARV,Pediatric,BRISTOL-MYERS SQUIBB,"Didanosine 50mg [Videx], chewable tablets, 60 Tabs",Didanosine,Videx,50mg,Chewable/dispersible tablet,60,300,2850.00,9.5,0.16,"BMS Meymac, France",TRUE,Weight Captured Separately,Freight Included in Commodity Cost,5.59
"30,248",116-ZA-T30,FPQ-13973,SCMS-238552,ASN-27606,South Africa,PMO - US,Direct Drop,DDP,Truck,4/30/2014,08-05-14,05-Aug-14,05-Aug-14,05-Aug-14,ARV,Adult,PHARMACY DIRECT,"Nevirapine 200mg, tablets, 60 Tabs",Nevirapine,Generic,200mg,Tablet,60,12,212.96,17.75,0.3,"Aurobindo Unit III, India",TRUE,Weight Captured Separately,Freight Included in Commodity Cost,0.22
"11,224",104-CI-T01,Pre-PQ Process,SO-1104,DN-569,Côte d'Ivoire,PMO - US,From RDC,N/A - From RDC,Air,Pre-PQ Process,N/A - From RDC,29-Jan-08,29-Jan-08,29-Jan-08,ARV,Adult,SCMS from RDC,"Lamivudine/Zidovudine 150/300mg, tablets, 60 Tabs",Lamivudine/Zidovudine,Generic,150/300mg,Tablet - FDC,60,"29,593",281133.50,9.5,0.16,"Aurobindo Unit III, India",TRUE,10877,"$30,167 ",449.81
"11,225",107-RW-T01,Pre-PQ Process,SO-1682,DN-580,Rwanda,PMO - US,From RDC,N/A - From RDC,Air,Pre-PQ Process,N/A - From RDC,28-Jan-08,28-Jan-08,28-Jan-08,ARV,Adult,SCMS from RDC,"Stavudine 30mg, capsules, 60 Caps",Stavudine,Generic,30mg,Capsule,60,392,842.80,2.15,0.04,"Aurobindo Unit III, India",TRUE,29,"$1,372.38 ",1.35
"30,462",116-ZA-T30,FPQ-3596,SCMS-50360,ASN-5453,South Africa,PMO - US,Direct Drop,DDP,Truck,05-07-09,9/22/2009,28-Oct-09,28-Oct-09,28-Oct-09,ARV,Pediatric,S. BUYS WHOLESALER,"Stavudine 1mg/ml, powder for oral solution, 200 ml",Stavudine,Generic,1mg/ml,Oral solution,200,500,1368.58,2.74,0.01,"Aurobindo Unit III, India",TRUE,Weight Captured Separately,Freight Included in Commodity Cost,2.68
"11,227",104-CI-T01,Pre-PQ Process,SO-793,DN-560,Côte d'Ivoire,PMO - US,From RDC,N/A - From RDC,,Pre-PQ Process,N/A - From RDC,21-Jan-08,21-Jan-08,21-Jan-08,HRDT,HIV test,SCMS from RDC,"#108853** HIV, Genie II HIV-1/HIV-2 Kit, 40 Tests","HIV, Genie II HIV-1/HIV-2 Kit",Genie,,Test kit,40,710,53960.00,76,1.9,Bio-Rad Laboratories,TRUE,771,"$3,256 ",86.34
"11,228",104-CI-T01,Pre-PQ Process,SO-1111,DN-565,Côte d'Ivoire,PMO - US,From RDC,N/A - From RDC,Air,Pre-PQ Process,N/A - From RDC,29-Jan-08,29-Jan-08,29-Jan-08,ARV,Adult,SCMS from RDC,"Lopinavir/Ritonavir 200/50mg [Aluvia], tablets, 120 Tabs",Lopinavir/Ritonavir,Aluvia,200/50mg,Tablet,120,"12,107",497597.70,41.1,0.34,ABBVIE Ludwigshafen Germany,TRUE,2647,"$9,307 ",796.16
"11,230",110-ZM-T01,Pre-PQ Process,SO-1189,DN-483,Zambia,PMO - US,From RDC,N/A - From RDC,Air,Pre-PQ Process,N/A - From RDC,12-Feb-08,12-Feb-08,12-Feb-08,ARV,Adult,SCMS from RDC,"Efavirenz 600mg, tablets, 30 Tabs",Efavirenz,Generic,600mg,Tablet,30,"66,667",828004.14,12.42,0.41,Mylan (formerly Matrix) Nashik,TRUE,5253,"$18,856.33 ","1,324.81"
"30,514",116-ZA-T30,FPQ-11828,SCMS-183950,ASN-19166,South Africa,South Africa Field Office,Direct Drop,DDP,Truck,3/18/2013,Date Not Captured,16-Apr-13,16-Apr-13,16-Apr-13,ARV,Adult,S. BUYS WHOLESALER,"Abacavir 300mg, tablets, 60 Tabs",Abacavir,Generic,300mg,Tablet,60,45,1175.15,26.11,0.44,"Cipla, Patalganga, India",FALSE,Weight Captured Separately,Freight Included in Commodity Cost,1.45
"11,232",113-ZW-T01,Pre-PQ Process,SO-1051,DN-708,Zimbabwe,PMO - US,From RDC,N/A - From RDC,Truck,Pre-PQ Process,N/A - From RDC,21-Apr-08,21-Apr-08,21-Apr-08,HRDT,HIV test,SCMS from RDC,"HIV 1/2, Bioline 3.0 Kit, Lancets, Capillary pipets, Alcohol swabs included, 25 Tests","HIV 1/2, Bioline 3.0 Kit, Lancets, Capillary pipets, Alcohol swabs included",Bioline,,Test kit,25,"5,693",113860.00,20,0.8,"Standard Diagnostics, Korea",TRUE,1740,"$8,008.65 ",182.18
"11,233",106-HT-T01,Pre-PQ Process,SO-2058,DN-692,Haiti,PMO - US,From RDC,N/A - From RDC,Air,Pre-PQ Process,N/A - From RDC,03-Apr-08,03-Apr-08,03-Apr-08,ARV,Adult,SCMS from RDC,"Lamivudine/Zidovudine 150/300mg, tablets, 60 Tabs",Lamivudine/Zidovudine,Generic,150/300mg,Tablet - FDC,60,"7,558",71423.10,9.45,0.16,"Aurobindo Unit III, India",TRUE,2166,"$20,578.20 ",114.28
"11,234",106-HT-T01,Pre-PQ Process,SO-2046,DN-685,Haiti,PMO - US,From RDC,N/A - From RDC,Air,Pre-PQ Process,N/A - From RDC,31-Mar-08,31-Mar-08,31-Mar-08,ARV,Adult,SCMS from RDC,"Efavirenz 600mg, tablets, 30 Tabs",Efavirenz,Generic,600mg,Tablet,30,"19,740",237077.40,12.01,0.4,"Aurobindo Unit III, India",TRUE,2941,"$31,051.30 ",379.32
"30,589",116-ZA-T30,FPQ-14942,SCMS-259078,ASN-33470,South Africa,PMO - US,Direct Drop,DDP,Truck,09-11-14,10-09-14,24-Jul-15,24-Jul-15,24-Jul-15,ARV,Pediatric,PHARMACY DIRECT,"Efavirenz 200mg, capsule, 90 Caps",Efavirenz,Generic,200mg,Capsule,90,10,182.50,18.25,0.2,"Aurobindo Unit III, India",FALSE,Weight Captured Separately,Freight Included in Commodity Cost,0.19
"11,236",102-GY-T01,Pre-PQ Process,SO-1004,DN-617,Guyana,PMO - US,From RDC,N/A - From RDC,,Pre-PQ Process,N/A - From RDC,21-Feb-08,21-Feb-08,21-Feb-08,HRDT,HIV test - Ancillary,SCMS from RDC,"HIV, Lancet, Safety, for HIV Test kits, 100 Pcs","HIV, Lancet, Safety, for HIV Test kits, 100 Pcs",Generic,,Test kit - Ancillary,100,152,1.52,0.01,0,Inverness Japan,TRUE,45,$798.59 ,0
"11,238",111-MZ-T01,Pre-PQ Process,SO-1310,DN-688,Mozambique,PMO - US,From RDC,N/A - From RDC,Air,Pre-PQ Process,N/A - From RDC,30-Jun-08,30-Jun-08,30-Jun-08,ARV,Adult,SCMS from RDC,"Lamivudine/Nevirapine/Stavudine 150/200/30mg, tablets, 60 Tabs",Lamivudine/Nevirapine/Stavudine,Generic,150/200/30mg,Tablet - FDC,60,"90,955",673067.00,7.4,0.12,"Cipla, Goa, India",TRUE,16579,"$8,654.70 ","1,076.91"
"30,649",116-ZA-T30,FPQ-4770,SCMS-60170,ASN-5933,South Africa,PMO - US,Direct Drop,DDP,Truck,12/17/2009,12/23/2009,29-Dec-09,29-Dec-09,29-Dec-09,ARV,Adult,S. BUYS WHOLESALER,"Efavirenz 600mg, tablets, 30 Tabs",Efavirenz,Generic,600mg,Tablet,30,"2,700",52283.01,19.36,0.65,"Cipla, Goa, India",FALSE,Weight Captured Separately,Freight Included in Commodity Cost,112.72
"30,717",116-ZA-T30,FPQ-14942,SCMS-259077,ASN-33477,South Africa,PMO - US,Direct Drop,DDP,Truck,09-11-14,10-09-14,24-Jul-15,24-Jul-15,24-Jul-15,ARV,Adult,PHARMACY DIRECT,"Emtricitabine/Tenofovir Disoproxil Fumarate 200/300mg, tablets, 30 Tabs",Emtricitabine/Tenofovir Disoproxil Fumarate,Generic,200/300mg,Tablet - FDC,30,12,261.97,21.83,0.73,"Aurobindo Unit III, India",FALSE,Weight Captured Separately,Freight Included in Commodity Cost,0.27
"30,724",116-ZA-T30,FPQ-12522,SCMS-199289,ASN-28037,South Africa,PMO - US,Direct Drop,DDP,Truck,07-11-13,8/29/2014,29-Aug-14,29-Aug-14,29-Aug-14,ARV,Adult,S. BUYS WHOLESALER,"Lamivudine 150mg, tablets, 60 Tabs",Lamivudine,Generic,150mg,Tablet,60,564,5502.98,9.76,0.16,Hetero Unit III Hyderabad IN,FALSE,Weight Captured Separately,Freight Included in Commodity Cost,6.81
"11,242",110-ZM-T01,Pre-PQ Process,SO-1891,DN-676,Zambia,PMO - US,From RDC,N/A - From RDC,,Pre-PQ Process,N/A - From RDC,01-Apr-08,01-Apr-08,01-Apr-08,ARV,Adult,SCMS from RDC,"Nevirapine 200mg, tablets, 60 Tabs",Nevirapine,Generic,200mg,Tablet,60,"32,358",110017.20,3.4,0.06,"Ranbaxy, Paonta Shahib, India",TRUE,3146,"$13,332 ",176.03
"11,243",112-NG-T01,Pre-PQ Process,SO-11220,DN-833,Nigeria,PMO - US,From RDC,N/A - From RDC,Air,Pre-PQ Process,N/A - From RDC,16-Jul-08,16-Jul-08,16-Jul-08,ARV,Adult,SCMS from RDC,"Lamivudine 150mg, tablets, 60 Tabs",Lamivudine,Generic,150mg,Tablet,60,"2,100",6090.00,2.9,0.05,"Aurobindo Unit III, India",TRUE,153,"$1,280.91 ",9.74
"11,244",123-NG-T01,Pre-PQ Process,SO-2553,DN-836,Nigeria,PMO - US,From RDC,N/A - From RDC,Air,Pre-PQ Process,N/A - From RDC,31-Jul-08,31-Jul-08,31-Jul-08,ARV,Adult,SCMS from RDC,"Lamivudine/Zidovudine 150/300mg, tablets, 60 Tabs",Lamivudine/Zidovudine,Generic,150/300mg,Tablet - FDC,60,"14,277",134917.65,9.45,0.16,"Aurobindo Unit III, India",TRUE,2033,"$15,307.62 ",215.87
"11,245",110-ZM-T01,Pre-PQ Process,SO-1880,DN-639,Zambia,PMO - US,From RDC,N/A - From RDC,Truck,Pre-PQ Process,N/A - From RDC,14-Mar-08,14-Mar-08,14-Mar-08,ARV,Adult,SCMS from RDC,"Nevirapine 200mg, tablets, 60 Tabs",Nevirapine,Generic,200mg,Tablet,60,"27,662",94050.80,3.4,0.06,Hetero Unit III Hyderabad IN,TRUE,4128,"$6,539.80 ",150.48
"30,728",116-ZA-T30,FPQ-4770,SCMS-60170,ASN-5934,South Africa,PMO - US,Direct Drop,DDP,Truck,12/17/2009,12/23/2009,28-Dec-09,28-Dec-09,28-Dec-09,ARV,Pediatric,S. BUYS WHOLESALER,"Efavirenz 200mg, capsule, 90 Caps",Efavirenz,Generic,200mg,Capsule,90,40,1303.06,32.58,0.36,"Aurobindo Unit III, India",FALSE,Weight Captured Separately,Freight Included in Commodity Cost,2.81
"31,041",116-ZA-T30,FPQ-3560,SCMS-50950,ASN-5006,South Africa,PMO - US,Direct Drop,DDP,Truck,05-07-09,08-03-09,03-Sep-09,03-Sep-09,03-Sep-09,ARV,Adult,S. BUYS WHOLESALER,"Tenofovir Disoproxil Fumarate 300mg [Viread], tablets, 30 Tabs",Tenofovir Disoproxil Fumarate,Viread,300mg,Tablet,30,"3,700",98942.55,26.74,0.89,"Aspen-OSD, Port Elizabeth, SA",FALSE,Weight Captured Separately,Freight Included in Commodity Cost,193.93
"11,248",110-ZM-T01,Pre-PQ Process,SO-1893,DN-777,Zambia,PMO - US,From RDC,N/A - From RDC,Truck,Pre-PQ Process,N/A - From RDC,19-Jun-08,19-Jun-08,19-Jun-08,ARV,Adult,SCMS from RDC,"Efavirenz 600mg, tablets, 30 Tabs",Efavirenz,Generic,600mg,Tablet,30,"50,000",600500.00,12.01,0.4,Mylan (formerly Matrix) Nashik,TRUE,3422,"$5,936.99 ",960.8
"11,249",117-ET-T01,Pre-PQ Process,SO-1964,DN-659,Ethiopia,PMO - US,From RDC,N/A - From RDC,Air,Pre-PQ Process,N/A - From RDC,12-Mar-08,12-Mar-08,12-Mar-08,ARV,Adult,SCMS from RDC,"Lamivudine 150mg, tablets, 60 Tabs",Lamivudine,Generic,150mg,Tablet,60,"14,044",42693.76,3.04,0.05,"Ranbaxy, Paonta Shahib, India",TRUE,732,"$2,963.80 ",68.31
"11,250",104-CI-T01,Pre-PQ Process,SO-2705,DN-786,Côte d'Ivoire,PMO - US,From RDC,N/A - From RDC,Air,Pre-PQ Process,N/A - From RDC,27-Jun-08,27-Jun-08,27-Jun-08,ARV,Pediatric,SCMS from RDC,"Efavirenz 200mg, capsule, 90 Caps",Efavirenz,Generic,200mg,Capsule,90,"3,885",62160.00,16,0.18,"Aurobindo Unit III, India",TRUE,467,"$6,299.56 ",99.46
"31,306",116-ZA-T30,FPQ-13973,SCMS-238551,ASN-26882,South Africa,PMO - US,Direct Drop,DDP,Truck,4/30/2014,6/25/2014,25-Jun-14,25-Jun-14,25-Jun-14,ARV,Pediatric,PHARMACY DIRECT,"Efavirenz 50mg, capsule, 30 Caps",Efavirenz,Generic,50mg,Capsule,30,9,27.05,3.01,0.1,"Aurobindo Unit III, India",FALSE,Weight Captured Separately,Freight Included in Commodity Cost,0.03
"11,257",111-MZ-T01,Pre-PQ Process,SO-2423,DN-810,Mozambique,PMO - US,From RDC,N/A - From RDC,Truck,Pre-PQ Process,N/A - From RDC,07-Aug-08,07-Aug-08,07-Aug-08,ARV,Adult,SCMS from RDC,"Lamivudine/Nevirapine/Zidovudine 150/200/300mg, tablets, 60 Tabs",Lamivudine/Nevirapine/Zidovudine,Generic,150/300/200mg,Tablet - FDC,60,"16,610",224235.00,13.5,0.22,"Cipla, Goa, India",TRUE,2298,"$3,733.57 ",358.78
"31,363",116-ZA-T30,FPQ-13035,SCMS-215370,ASN-24415,South Africa,PMO - US,Direct Drop,DDP,Truck,10-08-13,12-02-13,06-Feb-14,06-Feb-14,06-Feb-14,ARV,Pediatric,S. BUYS WHOLESALER,"Lamivudine 10mg/ml, oral solution, Bottle, 240 ml",Lamivudine,Generic,10mg/ml,Oral solution,240,4,27.35,6.84,0.03,"Cipla, Goa, India",FALSE,Weight Captured Separately,Freight Included in Commodity Cost,0.03
"31,462",107-RW-T30,FPQ-6185,SCMS-84390,ASN-9365,Rwanda,PMO - US,Direct Drop,CIP,Air,09-03-10,9/27/2010,10-Jan-11,10-Jan-11,10-Jan-11,ARV,Adult,Aurobindo Pharma Limited,"Didanosine 250mg, delayed-release capsules, 30 Caps",Didanosine,Generic,250mg,Delayed-release capsules,30,610,8082.50,13.25,0.44,"Aurobindo Unit III, India",TRUE,Weight Captured Separately,Freight Included in Commodity Cost,17.43
"11,260",130-NG-T01,Pre-PQ Process,SO-2501,DN-730,Nigeria,PMO - US,From RDC,N/A - From RDC,Air,Pre-PQ Process,N/A - From RDC,26-May-08,26-May-08,26-May-08,ARV,Adult,SCMS from RDC,"Lamivudine/Zidovudine 150/300mg, tablets, 60 Tabs",Lamivudine/Zidovudine,Generic,150/300mg,Tablet - FDC,60,"1,887",17832.15,9.45,0.16,"Aurobindo Unit III, India",TRUE,273,"$2,446.58 ",28.53
"31,473",116-ZA-T30,FPQ-12522,SCMS-199283,ASN-27978,South Africa,PMO - US,Direct Drop,DDP,Truck,07-11-13,8/27/2014,27-Aug-14,27-Aug-14,27-Aug-14,ARV,Pediatric,S. BUYS WHOLESALER,"Abacavir 20mg/ml, oral solution w/syringe, Bottle, 240 ml",Abacavir,Generic,20mg/ml,Oral solution,240,35,959.72,27.42,0.11,"Aurobindo Unit III, India",FALSE,Weight Captured Separately,Freight Included in Commodity Cost,1.19
"11,263",117-ET-T01,Pre-PQ Process,SO-1974,DN-703,Ethiopia,PMO - US,From RDC,N/A - From RDC,Air,Pre-PQ Process,N/A - From RDC,21-Apr-08,21-Apr-08,21-Apr-08,ARV,Pediatric,SCMS from RDC,"Zidovudine 10mg/ml, oral solution, Bottle, 240 ml",Zidovudine,Generic,10mg/ml,Oral solution,240,"1,846",3968.90,2.15,0.01,"Aurobindo Unit III, India",TRUE,773,"$3,472.55 ",6.35
"31,561",116-ZA-T30,FPQ-12522,SCMS-199289,ASN-28033,South Africa,PMO - US,Direct Drop,DDP,Truck,07-11-13,8/29/2014,29-Aug-14,29-Aug-14,29-Aug-14,ARV,Adult,S. BUYS WHOLESALER,"Zidovudine 300mg, tablets, 60 Tabs",Zidovudine,Generic,300mg,Tablet,60,19,515.11,27.11,0.45,Mylan (formerly Matrix) Nashik,TRUE,Weight Captured Separately,Freight Included in Commodity Cost,0.64
"11,267",113-ZW-T01,Pre-PQ Process,SO-1873,DN-773,Zimbabwe,PMO - US,From RDC,N/A - From RDC,Air,Pre-PQ Process,N/A - From RDC,17-Jun-08,17-Jun-08,17-Jun-08,HRDT,HIV test,SCMS from RDC,"HIV 1/2, Determine HIV Kit, without Lancets, 100 Tests","HIV 1/2, Determine HIV Kit, without Lancets",Determine,,Test kit,100,550,39594.50,71.99,0.72,Inverness Japan,TRUE,161,$939.12 ,63.35
"11,268",113-ZW-T01,Pre-PQ Process,SO-1053,DN-774,Zimbabwe,PMO - US,From RDC,N/A - From RDC,Truck,Pre-PQ Process,N/A - From RDC,17-Jun-08,17-Jun-08,17-Jun-08,HRDT,HIV test - Ancillary,SCMS from RDC,"HIV, Lancet, Safety, for HIV Test kits, 100 Pcs","HIV, Lancet, Safety, for HIV Test kits, 100 Pcs",Generic,,Test kit - Ancillary,100,"1,800",18.00,0.01,0,Inverness Japan,TRUE,526,"$2,185.82 ",0.03
"11,269",114-UG-T01,Pre-PQ Process,SO-2343,DN-816,Uganda,PMO - US,From RDC,N/A - From RDC,Air,Pre-PQ Process,N/A - From RDC,21-Aug-08,21-Aug-08,21-Aug-08,ARV,Adult,SCMS from RDC,"Lamivudine/Nevirapine/Stavudine 150/200/30mg, tablets, 60 Tabs",Lamivudine/Nevirapine/Stavudine,Generic,150/200/30mg,Tablet - FDC,60,"2,700",19980.00,7.4,0.12,"Strides, Bangalore, India.",TRUE,199,"$1,476.80 ",31.97
"11,528",110-ZM-T01,Pre-PQ Process,SO-1807,DN-822,Zambia,PMO - US,From RDC,N/A - From RDC,Truck,Pre-PQ Process,N/A - From RDC,29-Jul-08,29-Jul-08,29-Jul-08,ARV,Adult,SCMS from RDC,"Efavirenz 600mg, tablets, 30 Tabs",Efavirenz,Generic,600mg,Tablet,30,"50,000",600500.00,12.01,0.4,Mylan (formerly Matrix) Nashik,TRUE,3882,"$5,468.93 ",960.8
"11,270",114-UG-T01,Pre-PQ Process,SO-2344,DN-818,Uganda,PMO - US,From RDC,N/A - From RDC,Air,Pre-PQ Process,N/A - From RDC,21-Aug-08,21-Aug-08,21-Aug-08,ARV,Adult,SCMS from RDC,"Lamivudine/Zidovudine 150/300mg, tablets, 60 Tabs",Lamivudine/Zidovudine,Generic,150/300mg,Tablet - FDC,60,"1,350",12757.50,9.45,0.16,"Aurobindo Unit III, India",TRUE,239,"$1,277.22 ",20.41
"11,271",110-ZM-T01,Pre-PQ Process,SO-2549,DN-823,Zambia,PMO - US,From RDC,N/A - From RDC,Truck,Pre-PQ Process,N/A - From RDC,23-Jul-08,23-Jul-08,23-Jul-08,ARV,Adult,SCMS from RDC,"Lamivudine/Nevirapine/Stavudine 150/200/30mg, tablets, 60 Tabs",Lamivudine/Nevirapine/Stavudine,Generic,150/200/30mg,Tablet - FDC,60,"60,000",432000.00,7.2,0.12,"Strides, Bangalore, India.",TRUE,12606,"$7,053.51 ",691.2
"11,273",109-TZ-T01,Pre-PQ Process,SO-13300,DN-903,Tanzania,PMO - US,From RDC,N/A - From RDC,Truck,Pre-PQ Process,N/A - From RDC,26-Sep-08,26-Sep-08,26-Sep-08,ARV,Adult,SCMS from RDC,"Lopinavir/Ritonavir 200/50mg [Aluvia], tablets, 120 Tabs",Lopinavir/Ritonavir,Aluvia,200/50mg,Tablet,120,"2,580",106038.00,41.1,0.34,ABBVIE Ludwigshafen Germany,TRUE,587,"$1,146.27 ",169.66
"11,274",110-ZM-T01,Pre-PQ Process,SO-19410,DN-1028,Zambia,PMO - US,From RDC,N/A - From RDC,Truck,Pre-PQ Process,N/A - From RDC,08-Dec-08,08-Dec-08,08-Dec-08,ARV,Adult,SCMS from RDC,"Zidovudine 300mg, tablets, 60 Tabs",Zidovudine,Generic,300mg,Tablet,60,"1,294",10546.10,8.15,0.14,"Aurobindo Unit III, India",TRUE,76,"$1,062.50 ",20.67
"11,275",104-CI-T01,Pre-PQ Process,SO-19320,DN-1030,Côte d'Ivoire,PMO - US,From RDC,N/A - From RDC,Air,Pre-PQ Process,N/A - From RDC,19-Dec-08,19-Dec-08,19-Dec-08,ARV,Adult,SCMS from RDC,"Lamivudine/Zidovudine 150/300mg, tablets, 60 Tabs",Lamivudine/Zidovudine,Generic,150/300mg,Tablet - FDC,60,"6,786",63449.10,9.35,0.16,"Aurobindo Unit III, India",TRUE,620,"$2,739.30 ",124.36
"11,276",106-HT-T01,Pre-PQ Process,SO-15940,DN-997,Haiti,PMO - US,From RDC,N/A - From RDC,Air,Pre-PQ Process,N/A - From RDC,17-Nov-08,17-Nov-08,17-Nov-08,ARV,Pediatric,SCMS from RDC,"Zidovudine 10mg/ml, oral solution, Bottle, 240 ml",Zidovudine,Generic,10mg/ml,Oral solution,240,"10,000",21000.00,2.1,0.01,"Aurobindo Unit III, India",TRUE,3720,"$43,704.80 ",41.16
"11,277",104-CI-T01,Pre-PQ Process,SO-11851,DN-1007,Côte d'Ivoire,PMO - US,From RDC,N/A - From RDC,Air,Pre-PQ Process,N/A - From RDC,21-Nov-08,21-Nov-08,21-Nov-08,ARV,Adult,SCMS from RDC,"Efavirenz 600mg, tablets, 30 Tabs",Efavirenz,Generic,600mg,Tablet,30,"2,410",28245.20,11.72,0.39,Mylan (formerly Matrix) Nashik,TRUE,182,"$1,409.26 ",55.36
"11,278",123-NG-T01,Pre-PQ Process,SO-17680,DN-1010,Nigeria,PMO - US,From RDC,N/A - From RDC,Air,Pre-PQ Process,N/A - From RDC,26-Nov-08,26-Nov-08,26-Nov-08,ARV,Adult,SCMS from RDC,"Lamivudine/Zidovudine 150/300mg, tablets, 60 Tabs",Lamivudine/Zidovudine,Generic,150/300mg,Tablet - FDC,60,"11,569",109327.05,9.45,0.16,"Aurobindo Unit III, India",TRUE,1072,"$8,504.72 ",214.28
"11,280",100-PK-T01,Pre-PQ Process,SO-14930,DN-1004,Pakistan,PMO - US,From RDC,N/A - From RDC,Air,Pre-PQ Process,N/A - From RDC,17-Nov-08,17-Nov-08,17-Nov-08,HRDT,HIV test,SCMS from RDC,"HIV 1/2, Uni-Gold HIV Kit, 20 Tests","HIV 1/2, Uni-Gold HIV Kit",Uni-Gold,,Test kit,20,25,800.00,32,1.6,"Trinity Biotech, Plc",TRUE,19,$851.24 ,1.57
"11,281",110-ZM-T01,Pre-PQ Process,SO-17621,DN-1111,Zambia,PMO - US,From RDC,N/A - From RDC,Air,Pre-PQ Process,N/A - From RDC,02-Mar-09,02-Mar-09,02-Mar-09,ARV,Adult,SCMS from RDC,"Zidovudine 300mg, tablets, 60 Tabs",Zidovudine,Generic,300mg,Tablet,60,"10,000",79000.00,7.9,0.13,"Aurobindo Unit III, India",TRUE,581,"$3,238 ",154.84
"11,282",112-NG-T01,Pre-PQ Process,SO-19430,DN-1063,Nigeria,PMO - US,From RDC,N/A - From RDC,Air,Pre-PQ Process,N/A - From RDC,09-Feb-09,09-Feb-09,09-Feb-09,ARV,Adult,SCMS from RDC,"Abacavir 300mg, tablets, 60 Tabs",Abacavir,Generic,300mg,Tablet,60,4,105.20,26.3,0.44,"Aurobindo Unit III, India",TRUE,1,$165 ,0.21
"31,569",161-ZA-T30,FPQ-7175,SCMS-104020,ASN-12188,South Africa,PMO - US,Direct Drop,DDP,Ocean,03-10-11,3/28/2011,14-Jul-11,18-Nov-11,18-Nov-11,ARV,Adult,CIPLA LIMITED,"Tenofovir Disoproxil Fumarate 300mg, tablets, 30 Tabs",Tenofovir Disoproxil Fumarate,Generic,300mg,Tablet,30,"7,610",49236.70,6.47,0.22,"Cipla, Goa, India",TRUE,Weight Captured Separately,Freight Included in Commodity Cost,81.24
"11,284",113-ZW-T01,Pre-PQ Process,SO-2503,DN-900,Zimbabwe,PMO - US,From RDC,N/A - From RDC,Truck,Pre-PQ Process,N/A - From RDC,12-Sep-08,12-Sep-08,12-Sep-08,ARV,Adult,SCMS from RDC,"Efavirenz 600mg, tablets, 30 Tabs",Efavirenz,Generic,600mg,Tablet,30,"4,000",48040.00,12.01,0.4,"Aurobindo Unit III, India",TRUE,8481,"$30,585.17 ",76.86
"11,286",113-ZW-T01,Pre-PQ Process,SO-11210,DN-857,Zimbabwe,PMO - US,From RDC,N/A - From RDC,Truck,Pre-PQ Process,N/A - From RDC,26-Jul-08,26-Jul-08,26-Jul-08,ARV,Adult,SCMS from RDC,"Efavirenz 600mg, tablets, 30 Tabs",Efavirenz,Generic,600mg,Tablet,30,"4,000",48040.00,12.01,0.4,"Aurobindo Unit III, India",TRUE,342,"$1,648.64 ",76.86
"11,289",114-UG-T01,Pre-PQ Process,SO-17430,DN-968,Uganda,PMO - US,From RDC,N/A - From RDC,Air,Pre-PQ Process,N/A - From RDC,09-Dec-08,09-Dec-08,09-Dec-08,ARV,Adult,SCMS from RDC,"Lopinavir/Ritonavir 200/50mg [Aluvia], tablets, 120 Tabs",Lopinavir/Ritonavir,Aluvia,200/50mg,Tablet,120,60,2466.00,41.1,0.34,ABBVIE Ludwigshafen Germany,TRUE,547,"$2,437.63 ",4.83
"11,290",104-CI-T01,Pre-PQ Process,SO-1690,DN-928,Côte d'Ivoire,PMO - US,From RDC,N/A - From RDC,Air,Pre-PQ Process,N/A - From RDC,07-Oct-08,07-Oct-08,07-Oct-08,ARV,Adult,SCMS from RDC,"Tenofovir Disoproxil Fumarate 300mg, tablets, 30 Tabs",Tenofovir Disoproxil Fumarate,Generic,300mg,Tablet,30,"5,547",94299.00,17,0.57,Mylan (formerly Matrix) Nashik,TRUE,333,"$1,793.11 ",150.88
"31,662",116-ZA-T30,FPQ-14942,SCMS-259072,ASN-30377,South Africa,PMO - US,Direct Drop,DDP,Truck,09-11-14,1/26/2015,26-Jan-15,26-Jan-15,26-Jan-15,ARV,Pediatric,PHARMACY DIRECT,"Efavirenz 200mg, capsule, 90 Caps",Efavirenz,Generic,200mg,Capsule,90,21,357.92,17.04,0.19,"Aurobindo Unit III, India",FALSE,Weight Captured Separately,Freight Included in Commodity Cost,0.37
"31,761",116-ZA-T30,FPQ-12522,SCMS-199283,ASN-27980,South Africa,PMO - US,Direct Drop,DDP,Truck,07-11-13,8/27/2014,27-Aug-14,27-Aug-14,27-Aug-14,ARV,Adult,S. BUYS WHOLESALER,"Didanosine 250mg, delayed-release capsules, 30 Caps",Didanosine,Generic,250mg,Delayed-release capsules,30,6,102.14,17.02,0.57,"Aurobindo Unit III, India",FALSE,Weight Captured Separately,Freight Included in Commodity Cost,0.13
"11,293",109-TZ-T01,Pre-PQ Process,SO-18710,DN-1073,Tanzania,PMO - US,From RDC,N/A - From RDC,Truck,Pre-PQ Process,N/A - From RDC,06-Mar-09,06-Mar-09,06-Mar-09,ARV,Pediatric,SCMS from RDC,"Abacavir 20mg/ml, oral solution, Bottle, 240 ml",Abacavir,Generic,20mg/ml,Oral solution,240,"4,439",71689.85,16.15,0.07,"Aurobindo Unit III, India",TRUE,1592,"$6,708.25 ",140.51
"31,847",116-ZA-T30,FPQ-15950,SCMS-277982,ASN-32412,South Africa,PMO - US,Direct Drop,DDP,Truck,2/20/2015,5/27/2015,27-May-15,27-May-15,27-May-15,ARV,Pediatric,PHARMACY DIRECT,"Ritonavir 80mg/ml [Norvir], oral solution, cool, Bottle, 90 ml",Ritonavir,Norvir,80mg/ml,Oral solution,90,1,4.97,4.97,0.06,ABBVIE (Abbott) France,TRUE,Weight Captured Separately,Freight Included in Commodity Cost,0.01
"11,295",114-UG-T01,Pre-PQ Process,SO-17753,DN-1084,Uganda,PMO - US,From RDC,N/A - From RDC,Air,Pre-PQ Process,N/A - From RDC,05-Mar-09,05-Mar-09,05-Mar-09,ARV,Adult,SCMS from RDC,"Emtricitabine/Tenofovir Disoproxil Fumarate 200/300mg [Truvada], tablets, 30 Tabs",Emtricitabine/Tenofovir Disoproxil Fumarate,Truvada,300/200mg,Tablet - FDC,30,382,10027.50,26.25,0.88,"Aspen-OSD, Port Elizabeth, SA",TRUE,177,"$2,151.27 ",19.65
"11,298",114-UG-T01,Pre-PQ Process,SO-17754,DN-1125,Uganda,PMO - US,From RDC,N/A - From RDC,Air,Pre-PQ Process,N/A - From RDC,08-Apr-09,08-Apr-09,08-Apr-09,ARV,Adult,SCMS from RDC,"Emtricitabine/Tenofovir Disoproxil Fumarate 200/300mg [Truvada], tablets, 30 Tabs",Emtricitabine/Tenofovir Disoproxil Fumarate,Truvada,300/200mg,Tablet - FDC,30,"3,014",79117.50,26.25,0.88,"Aspen-OSD, Port Elizabeth, SA",TRUE,291,"$1,755 ",155.07
"31,859",116-ZA-T30,FPQ-12522,SCMS-199283,ASN-27979,South Africa,PMO - US,Direct Drop,DDP,Truck,07-11-13,8/27/2014,27-Aug-14,27-Aug-14,27-Aug-14,ARV,Pediatric,S. BUYS WHOLESALER,"Efavirenz 200mg, capsule, 90 Caps",Efavirenz,Generic,200mg,Capsule,90,24,632.85,26.37,0.29,"Aurobindo Unit III, India",FALSE,Weight Captured Separately,Freight Included in Commodity Cost,0.78
"31,963",116-ZA-T30,FPQ-11828,SCMS-183950,ASN-19166,South Africa,South Africa Field Office,Direct Drop,DDP,Truck,3/18/2013,Date Not Captured,16-Apr-13,16-Apr-13,16-Apr-13,ARV,Adult,S. BUYS WHOLESALER,"Didanosine 250mg, delayed-release capsules, 30 Caps",Didanosine,Generic,250mg,Delayed-release capsules,30,2,30.85,15.42,0.51,"Aurobindo Unit III, India",FALSE,Weight Captured Separately,Freight Included in Commodity Cost,0.04
"11,301",102-KE-T01,Pre-PQ Process,SO-18000,DN-1103,Kenya,PMO - US,From RDC,N/A - From RDC,Truck,Pre-PQ Process,N/A - From RDC,11-Feb-09,11-Feb-09,11-Feb-09,HRDT,HIV test,SCMS from RDC,"HIV 1/2, Uni-Gold HIV Kit, 20 Tests","HIV 1/2, Uni-Gold HIV Kit",Uni-Gold,,Test kit,20,750,24000.00,32,1.6,"Trinity Biotech, Plc",TRUE,241,$188 ,47.04
"11,302",114-UG-T01,Pre-PQ Process,SO-17710,DN-996,Uganda,PMO - US,From RDC,N/A - From RDC,Air,Pre-PQ Process,N/A - From RDC,27-Nov-08,27-Nov-08,27-Nov-08,ARV,Adult,SCMS from RDC,"Lamivudine/Zidovudine 150/300mg, tablets, 60 Tabs",Lamivudine/Zidovudine,Generic,150/300mg,Tablet - FDC,60,"5,377",50274.95,9.35,0.16,"Aurobindo Unit III, India",TRUE,501,"$3,266.38 ",98.54
"11,303",117-ET-T01,Pre-PQ Process,SO-22050,DN-1105,Ethiopia,PMO - US,From RDC,N/A - From RDC,Air,Pre-PQ Process,N/A - From RDC,20-Mar-09,20-Mar-09,20-Mar-09,ARV,Adult,SCMS from RDC,"Lamivudine/Nevirapine/Zidovudine 150/200/300mg, tablets, 60 Tabs",Lamivudine/Nevirapine/Zidovudine,Generic,150/300/200mg,Tablet - FDC,60,"11,188",132018.40,11.8,0.2,Mylan (formerly Matrix) Nashik,TRUE,1435,"$9,138 ",258.76
"11,304",111-MZ-T01,Pre-PQ Process,SO-11070,DN-931,Mozambique,PMO - US,From RDC,N/A - From RDC,Truck,Pre-PQ Process,N/A - From RDC,14-Nov-08,14-Nov-08,14-Nov-08,ARV,Adult,SCMS from RDC,"Lamivudine/Nevirapine/Stavudine 150/200/30mg, tablets, 60 Tabs",Lamivudine/Nevirapine/Stavudine,Generic,150/200/30mg,Tablet - FDC,60,"125,009",900064.80,7.2,0.12,"Strides, Bangalore, India.",TRUE,7910,"$1,012.43 ","1,440.10"
"11,305",130-NG-T01,Pre-PQ Process,SO-10600,DN-918,Nigeria,PMO - US,From RDC,N/A - From RDC,Air,Pre-PQ Process,N/A - From RDC,02-Oct-08,02-Oct-08,02-Oct-08,ARV,Adult,SCMS from RDC,"Lamivudine/Stavudine 150/30mg, tablets, 60 Tabs",Lamivudine/Stavudine,Generic,150/30mg,Tablet - FDC,60,969,3779.10,3.9,0.06,Mylan (formerly Matrix) Nashik,TRUE,71,"$1,181.41 ",6.05
"11,306",112-NG-T01,Pre-PQ Process,SO-13470,DN-1079,Nigeria,PMO - US,From RDC,N/A - From RDC,Air,Pre-PQ Process,N/A - From RDC,16-Feb-09,16-Feb-09,16-Feb-09,ARV,Adult,SCMS from RDC,"Efavirenz 600mg, tablets, 30 Tabs",Efavirenz,Generic,600mg,Tablet,30,"2,063",24178.36,11.72,0.39,"Aurobindo Unit III, India",TRUE,176,"$3,680.33 ",47.39
"11,307",104-CI-T01,Pre-PQ Process,SO-16181,DN-1019,Côte d'Ivoire,PMO - US,From RDC,N/A - From RDC,Air,Pre-PQ Process,N/A - From RDC,27-Nov-08,27-Nov-08,27-Nov-08,ARV,Pediatric,SCMS from RDC,"Zidovudine 10mg/ml, oral solution, Bottle, 240 ml",Zidovudine,Generic,10mg/ml,Oral solution,240,"5,800",12180.00,2.1,0.01,"Aurobindo Unit III, India",TRUE,2177,"$5,127.91 ",23.87
"11,309",114-UG-T01,Pre-PQ Process,SO-2676,DN-915,Uganda,PMO - US,From RDC,N/A - From RDC,Air,Pre-PQ Process,N/A - From RDC,08-Oct-08,08-Oct-08,08-Oct-08,ARV,Adult,SCMS from RDC,"Lopinavir/Ritonavir 200/50mg [Aluvia], tablets, 120 Tabs",Lopinavir/Ritonavir,Aluvia,200/50mg,Tablet,120,80,3288.00,41.1,0.34,ABBVIE Ludwigshafen Germany,TRUE,18,$418.75 ,5.26
"11,310",107-RW-T01,Pre-PQ Process,SO-27280,DN-1167,Rwanda,PMO - US,From RDC,N/A - From RDC,Air,Pre-PQ Process,N/A - From RDC,09-Apr-09,09-Apr-09,09-Apr-09,ARV,Adult,SCMS from RDC,"Lamivudine 150mg, tablets, 60 Tabs",Lamivudine,Generic,150mg,Tablet,60,"6,385",15579.40,2.44,0.04,"Aurobindo Unit III, India",TRUE,327,"$1,762.50 ",30.54
"32,279",116-ZA-T30,FPQ-3560,SCMS-49641,ASN-5157,South Africa,PMO - US,Direct Drop,DDP,Truck,05-07-09,7/21/2009,12-Aug-09,12-Aug-09,12-Aug-09,ARV,Adult,S. BUYS WHOLESALER,"Didanosine EC 400mg [Videx EC], delayed-release capsules, Blister 3 x 10 Caps",Didanosine EC,Videx EC,400mg,Delayed-release capsules - blister,30,110,3051.72,27.74,0.92,"BMS Meymac, France",FALSE,Weight Captured Separately,Freight Included in Commodity Cost,5.98
"11,313",151-NG-T01,Pre-PQ Process,SO-22526,DN-1201,Nigeria,PMO - US,From RDC,N/A - From RDC,Air Charter,Pre-PQ Process,N/A - From RDC,08-May-09,08-May-09,08-May-09,ARV,Adult,SCMS from RDC,"Lamivudine/Nevirapine/Zidovudine 150/200/300mg, tablets, 60 Tabs",Lamivudine/Nevirapine/Zidovudine,Generic,150/300/200mg,Tablet - FDC,60,"53,671",611849.40,11.4,0.19,"Aurobindo Unit III, India",TRUE,6024,"$15,128.37 ","1,199.22"
"11,314",106-HT-T01,Pre-PQ Process,SO-24830,DN-1205,Haiti,PMO - US,From RDC,N/A - From RDC,Air,Pre-PQ Process,N/A - From RDC,19-May-09,19-May-09,19-May-09,ARV,Pediatric,SCMS from RDC,"Efavirenz 200mg, capsule, 90 Caps",Efavirenz,Generic,200mg,Capsule,90,420,6409.20,15.26,0.17,"Aurobindo Unit III, India",TRUE,199,"$3,133.23 ",12.56
"11,315",151-NG-T01,Pre-PQ Process,SO-22528,DN-1210,Nigeria,PMO - US,From RDC,N/A - From RDC,Air,Pre-PQ Process,N/A - From RDC,14-May-09,14-May-09,14-May-09,ARV,Adult,SCMS from RDC,"Lamivudine/Nevirapine/Zidovudine 150/200/300mg, tablets, 60 Tabs",Lamivudine/Nevirapine/Zidovudine,Generic,150/300/200mg,Tablet - FDC,60,"16,698",190357.20,11.4,0.19,"Aurobindo Unit III, India",TRUE,1901,"$18,638.84 ",373.1
"11,316",151-NG-T01,Pre-PQ Process,SO-22529,DN-1211,Nigeria,PMO - US,From RDC,N/A - From RDC,Air,Pre-PQ Process,N/A - From RDC,14-May-09,14-May-09,14-May-09,ARV,Adult,SCMS from RDC,"Lamivudine/Nevirapine/Zidovudine 150/200/300mg, tablets, 60 Tabs",Lamivudine/Nevirapine/Zidovudine,Generic,150/300/200mg,Tablet - FDC,60,"9,483",108106.20,11.4,0.19,"Aurobindo Unit III, India",TRUE,1079,"$10,823.52 ",211.89
"11,317",114-UG-T01,Pre-PQ Process,SO-26140,DN-1222,Uganda,PMO - US,From RDC,N/A - From RDC,Air,Pre-PQ Process,N/A - From RDC,24-Jun-09,24-Jun-09,24-Jun-09,ARV,Adult,SCMS from RDC,"Efavirenz 600mg, tablets, 30 Tabs",Efavirenz,Generic,600mg,Tablet,30,867,8427.24,9.72,0.32,Mylan (formerly Matrix) Nashik,TRUE,76,"$1,954.23 ",16.52
"32,398",116-ZA-T30,FPQ-12522,SCMS-199280,ASN-24433,South Africa,PMO - US,Direct Drop,DDP,Truck,07-11-13,8/13/2013,07-Feb-14,07-Feb-14,07-Feb-14,ARV,Adult,S. BUYS WHOLESALER,"Tenofovir Disoproxil Fumarate 300mg, tablets, 30 Tabs",Tenofovir Disoproxil Fumarate,Generic,300mg,Tablet,30,306,6369.40,20.82,0.69,Hetero Unit III Hyderabad IN,TRUE,Weight Captured Separately,Freight Included in Commodity Cost,7.88
"32,438",111-MZ-T30,FPQ-13774,SCMS-229670,ASN-25566,Mozambique,PMO - US,Direct Drop,EXW,Air,2/21/2014,2/28/2014,02-May-14,02-May-14,02-May-14,HRDT,HIV test,"Orgenics, Ltd","HIV 1/2, Determine Kit without Lancets, Buffer or Caplillary Tubes, 100 Tests","HIV 1/2, Determine Kit without Lancets, Buffer or Capillary Tubes, 100 Tests",Determine,,Test kit,100,229,16522.35,72.15,0.72,"Alere Medical Co., Ltd.",TRUE,43,Freight Included in Commodity Cost,16.98
"32,508",116-ZA-T30,FPQ-14942,SCMS-259073,ASN-30671,South Africa,PMO - US,Direct Drop,DDP,Truck,09-11-14,02-12-15,12-Feb-15,12-Feb-15,12-Feb-15,ARV,Pediatric,PHARMACY DIRECT,"Efavirenz 50mg, capsule, 30 Caps",Efavirenz,Generic,50mg,Capsule,30,9,19.55,2.17,0.07,"Aurobindo Unit III, India",FALSE,Weight Captured Separately,Freight Included in Commodity Cost,0.02
"32,559",106-HT-T30,FPQ-11304,SCMS-176450,ASN-19219,Haiti,PMO - US,Direct Drop,DAP,Truck,1/22/2013,02-12-13,15-Mar-13,15-Mar-13,15-Mar-13,HRDT,HIV test,REINBOLD EXPORT IMPORT,"HIV 1/2, Determine Complete HIV Kit, 100 Tests","HIV 1/2, Determine Complete HIV Kit",Determine,,Test kit,100,25,3125.00,125,1.25,"Alere Medical Co., Ltd.",TRUE,Weight Captured Separately,Freight Included in Commodity Cost,3.87
"32,883",116-ZA-T30,FPQ-13973,SCMS-238555,ASN-29257,South Africa,PMO - US,Direct Drop,DDP,Truck,4/30/2014,11-04-14,05-Nov-14,05-Nov-14,05-Nov-14,ARV,Adult,PHARMACY DIRECT,"Lamivudine/Zidovudine 150/300mg, tablets, 60 Tabs",Lamivudine/Zidovudine,Generic,150/300mg,Tablet - FDC,60,19,592.65,31.19,0.52,"Aurobindo Unit III, India",FALSE,Weight Captured Separately,Freight Included in Commodity Cost,0.61
"32,889",116-ZA-T30,FPQ-11828,SCMS-183950,ASN-19166,South Africa,South Africa Field Office,Direct Drop,DDP,Truck,3/18/2013,Date Not Captured,16-Apr-13,16-Apr-13,16-Apr-13,ARV,Adult,S. BUYS WHOLESALER,"Emtricitabine/Tenofovir Disoproxil Fumarate 200/300mg, tablets, 30 Tabs",Emtricitabine/Tenofovir Disoproxil Fumarate,Generic,200/300mg,Tablet - FDC,30,50,1528.18,30.56,1.02,"Aurobindo Unit III, India",FALSE,Weight Captured Separately,Freight Included in Commodity Cost,1.89
"32,903",116-ZA-T30,FPQ-12522,SCMS-199289,ASN-28033,South Africa,PMO - US,Direct Drop,DDP,Truck,07-11-13,8/29/2014,29-Aug-14,29-Aug-14,29-Aug-14,ARV,Adult,S. BUYS WHOLESALER,"Tenofovir Disoproxil Fumarate 300mg, tablets, 30 Tabs",Tenofovir Disoproxil Fumarate,Generic,300mg,Tablet,30,486,10116.11,20.82,0.69,Hetero Unit III Hyderabad IN,FALSE,Weight Captured Separately,Freight Included in Commodity Cost,12.51
"11,331",126-NG-T01,Pre-PQ Process,SO-26270,DN-1277,Nigeria,PMO - US,From RDC,N/A - From RDC,Air Charter,Pre-PQ Process,N/A - From RDC,16-Jun-09,16-Jun-09,16-Jun-09,ARV,Adult,SCMS from RDC,"Lamivudine/Tenofovir Disoproxil Fumarate 300/300mg, tablets, 30 Tabs",Lamivudine/Tenofovir Disoproxil Fumarate,Generic,300/300mg,Tablet - FDC,30,"11,000",126500.00,11.5,0.38,Mylan (formerly Matrix) Nashik,TRUE,966,"$7,329.83 ",247.94
"11,332",113-ZW-T01,Pre-PQ Process,SO-21010,DN-1289,Zimbabwe,PMO - US,From RDC,N/A - From RDC,Truck,Pre-PQ Process,N/A - From RDC,22-Jun-09,22-Jun-09,22-Jun-09,ARV,Adult,SCMS from RDC,"Lamivudine/Nevirapine/Stavudine 150/200/30mg, tablets, 60 Tabs",Lamivudine/Nevirapine/Stavudine,Generic,150/200/30mg,Tablet - FDC,60,"76,000",541120.00,7.12,0.12,"Cipla, Goa, India",TRUE,8955,"$14,958.20 ","1,060.60"
"11,333",123-NG-T01,Pre-PQ Process,SO-24483,DN-1295,Nigeria,PMO - US,From RDC,N/A - From RDC,Air Charter,Pre-PQ Process,N/A - From RDC,16-Jun-09,16-Jun-09,16-Jun-09,ARV,Adult,SCMS from RDC,"Lamivudine/Nevirapine/Stavudine 150/200/30mg, tablets, 60 Tabs",Lamivudine/Nevirapine/Stavudine,Generic,150/200/30mg,Tablet - FDC,60,"40,000",284800.00,7.12,0.12,"Strides, Bangalore, India.",TRUE,2970,"$7,329.83 ",558.21
"32,938",116-ZA-T30,FPQ-14942,SCMS-259079,ASN-33854,South Africa,PMO - US,Direct Drop,DDP,Truck,09-11-14,10-09-14,24-Aug-15,24-Aug-15,24-Aug-15,ARV,Adult,PHARMACY DIRECT,"Saquinavir 200mg [Invirase], capsules, 270 Caps",Saquinavir,Invirase,200mg,Capsule,270,1,59.67,59.67,0.22,Roche Madrid,TRUE,Weight Captured Separately,Freight Included in Commodity Cost,0.06
"11,337",119-NA-T01,Pre-PQ Process,SO-30450,DN-1316,Namibia,PMO - US,From RDC,N/A - From RDC,Truck,Date Not Captured,N/A - From RDC,16-Jul-09,16-Jul-09,16-Jul-09,ARV,Adult,SCMS from RDC,"Lamivudine/Tenofovir Disoproxil Fumarate 300/300mg, tablets, 30 Tabs",Lamivudine/Tenofovir Disoproxil Fumarate,Generic,300/300mg,Tablet - FDC,30,"25,000",250000.00,10,0.33,Mylan (formerly Matrix) Nashik,TRUE,2068,"$8,502.12 ",490
"11,338",104-CI-T01,Pre-PQ Process,SO-32250,DN-1335,Côte d'Ivoire,PMO - US,From RDC,N/A - From RDC,Air,Date Not Captured,N/A - From RDC,16-Jul-09,16-Jul-09,16-Jul-09,ARV,Adult,SCMS from RDC,"Lamivudine/Stavudine 150/30mg, tablets, 60 Tabs",Lamivudine/Stavudine,Generic,150/30mg,Tablet - FDC,60,"9,560",36328.00,3.8,0.06,Mylan (formerly Matrix) Nashik,TRUE,722,"$2,787.55 ",71.2
"32,973",116-ZA-T30,FPQ-14942,SCMS-259078,ASN-33473,South Africa,PMO - US,Direct Drop,DDP,Truck,09-11-14,10-09-14,24-Jul-15,24-Jul-15,24-Jul-15,ARV,Adult,PHARMACY DIRECT,"Raltegravir 400mg [Isentress], tablets, 60 Tabs",Raltegravir,Isentress,400mg,Tablet,60,30,1972.56,65.75,1.1,"MSD, Haarlem, NL",FALSE,Weight Captured Separately,Freight Included in Commodity Cost,2.03
"11,340",151-NG-T01,Pre-PQ Process,SO-32641,DN-1343,Nigeria,PMO - US,From RDC,N/A - From RDC,Air Charter,Date Not Captured,N/A - From RDC,04-Aug-09,04-Aug-09,04-Aug-09,ARV,Adult,SCMS from RDC,"Lamivudine/Nevirapine/Zidovudine 150/200/300mg, tablets, 60 Tabs",Lamivudine/Nevirapine/Zidovudine,Generic,150/300/200mg,Tablet - FDC,60,"26,550",302670.00,11.4,0.19,"Aurobindo Unit III, India",TRUE,2991,"$7,445.80 ",593.23
"11,341",151-NG-T01,Pre-PQ Process,SO-32643,DN-1345,Nigeria,PMO - US,From RDC,N/A - From RDC,Air Charter,Date Not Captured,N/A - From RDC,04-Aug-09,04-Aug-09,04-Aug-09,ARV,Adult,SCMS from RDC,"Lamivudine/Nevirapine/Zidovudine 150/200/300mg, tablets, 60 Tabs",Lamivudine/Nevirapine/Zidovudine,Generic,150/300/200mg,Tablet - FDC,60,"41,948",478207.20,11.4,0.19,"Aurobindo Unit III, India",TRUE,4724,"$7,445.80 ",937.29
"11,342",151-NG-T01,Pre-PQ Process,SO-27812,DN-1347,Nigeria,PMO - US,From RDC,N/A - From RDC,Air Charter,Date Not Captured,N/A - From RDC,04-Aug-09,04-Aug-09,04-Aug-09,ARV,Adult,SCMS from RDC,"Emtricitabine/Tenofovir Disoproxil Fumarate 200/300mg [Truvada], tablets, 30 Tabs",Emtricitabine/Tenofovir Disoproxil Fumarate,Truvada,300/200mg,Tablet - FDC,30,240,6300.00,26.25,0.88,"Aspen-OSD, Port Elizabeth, SA",TRUE,21,"$7,445.80 ",12.35
"11,343",151-NG-T01,Pre-PQ Process,SO-27813,DN-1348,Nigeria,PMO - US,From RDC,N/A - From RDC,Air Charter,Date Not Captured,N/A - From RDC,04-Aug-09,04-Aug-09,04-Aug-09,ARV,Adult,SCMS from RDC,"Emtricitabine/Tenofovir Disoproxil Fumarate 200/300mg [Truvada], tablets, 30 Tabs",Emtricitabine/Tenofovir Disoproxil Fumarate,Truvada,300/200mg,Tablet - FDC,30,662,17377.50,26.25,0.88,"Aspen-OSD, Port Elizabeth, SA",TRUE,58,"$7,445.80 ",34.06
"11,344",104-CI-T01,Pre-PQ Process,SO-27532,DN-1354,Côte d'Ivoire,PMO - US,From RDC,N/A - From RDC,Air,Date Not Captured,N/A - From RDC,11-Aug-09,11-Aug-09,11-Aug-09,ARV,Adult,SCMS from RDC,"Efavirenz 600mg, tablets, 30 Tabs",Efavirenz,Generic,600mg,Tablet,30,"5,010",48697.20,9.72,0.32,"Aurobindo Unit III, India",TRUE,434,"$1,854.88 ",95.45
"33,019",116-ZA-T30,FPQ-12523,SCMS-199310,ASN-29450,South Africa,PMO - US,Direct Drop,DDP,Truck,07-12-13,8/13/2013,19-Nov-14,19-Nov-14,19-Nov-14,ARV,Adult,S. BUYS WHOLESALER,"Darunavir 300mg [Prezista], tablets, 120 Tabs",Darunavir,Prezista,300mg,Tablet,120,76,5844.58,76.9,0.64,"Janssen-Cilag, Latina, IT",TRUE,Weight Captured Separately,Freight Included in Commodity Cost,7.23
"11,346",151-NG-T01,Pre-PQ Process,SO-27817,DN-1367,Nigeria,PMO - US,From RDC,N/A - From RDC,Air Charter,Date Not Captured,N/A - From RDC,04-Aug-09,04-Aug-09,04-Aug-09,ARV,Adult,SCMS from RDC,"Emtricitabine/Tenofovir Disoproxil Fumarate 200/300mg [Truvada], tablets, 30 Tabs",Emtricitabine/Tenofovir Disoproxil Fumarate,Truvada,300/200mg,Tablet - FDC,30,"8,462",222127.50,26.25,0.88,"Aspen-OSD, Port Elizabeth, SA",TRUE,1225,"$7,445.71 ",435.37
"11,348",111-MZ-T01,Pre-PQ Process,SO-26423,DN-1379,Mozambique,PMO - US,From RDC,N/A - From RDC,Truck,Date Not Captured,N/A - From RDC,27-Aug-09,17-Sep-09,17-Sep-09,ARV,Adult,SCMS from RDC,"Lamivudine 150mg, tablets, 60 Tabs",Lamivudine,Generic,150mg,Tablet,60,374,912.56,2.44,0.04,"Aurobindo Unit III, India",TRUE,18,"$1,799.88 ",1.79
"11,350",111-MZ-T01,Pre-PQ Process,SO-32560,DN-1395,Mozambique,PMO - US,From RDC,N/A - From RDC,Truck,Date Not Captured,N/A - From RDC,07-Oct-09,07-Oct-09,07-Oct-09,ARV,Adult,SCMS from RDC,"Efavirenz 600mg, tablets, 30 Tabs",Efavirenz,Generic,600mg,Tablet,30,"8,438",82017.36,9.72,0.32,"Aurobindo Unit III, India",TRUE,1404,"$1,588.05 ",160.75
"33,097",116-ZA-T30,FPQ-11828,SCMS-183950,ASN-19166,South Africa,South Africa Field Office,Direct Drop,DDP,Truck,3/18/2013,Date Not Captured,16-Apr-13,16-Apr-13,16-Apr-13,ARV,Pediatric,S. BUYS WHOLESALER,"Nevirapine 10mg/ml [Viramune], oral suspension, Bottle, 240 ml",Nevirapine,Viramune,10mg/ml,Oral suspension,240,212,2720.61,12.83,0.05,Boehringer Ingelheim Roxane US,FALSE,Weight Captured Separately,Freight Included in Commodity Cost,3.37
"11,352",113-ZW-T01,Pre-PQ Process,SO-21020,DN-1411,Zimbabwe,PMO - US,From RDC,N/A - From RDC,Truck,Date Not Captured,N/A - From RDC,22-Sep-09,22-Sep-09,22-Sep-09,ARV,Adult,SCMS from RDC,"Efavirenz 600mg, tablets, 30 Tabs",Efavirenz,Generic,600mg,Tablet,30,"4,000",42480.00,10.62,0.35,"Aurobindo Unit III, India",TRUE,9020,"$14,958.20 ",83.26
"11,353",151-NG-T01,Pre-PQ Process,SO-33334,DN-1438,Nigeria,PMO - US,From RDC,N/A - From RDC,Air Charter,Date Not Captured,N/A - From RDC,20-Oct-09,20-Oct-09,20-Oct-09,ARV,Adult,SCMS from RDC,"Lamivudine/Nevirapine/Zidovudine 150/200/300mg, tablets, 60 Tabs",Lamivudine/Nevirapine/Zidovudine,Generic,150/300/200mg,Tablet - FDC,60,"60,930",694602.00,11.4,0.19,"Aurobindo Unit III, India",TRUE,6862,"$9,341.49 ","1,361.42"
"11,354",151-NG-T01,Pre-PQ Process,SO-27822,DN-1441,Nigeria,PMO - US,From RDC,N/A - From RDC,Air Charter,Date Not Captured,N/A - From RDC,20-Oct-09,20-Oct-09,20-Oct-09,ARV,Adult,SCMS from RDC,"Emtricitabine/Tenofovir Disoproxil Fumarate 200/300mg, tablets, 30 Tabs",Emtricitabine/Tenofovir Disoproxil Fumarate,Generic,200/300mg,Tablet - FDC,30,"25,000",293750.00,11.75,0.39,Mylan (formerly Matrix) Nashik,TRUE,2023,"$9,341.49 ",575.75
"11,356",110-ZM-T01,Pre-PQ Process,SO-33022,DN-1463,Zambia,PMO - US,From RDC,N/A - From RDC,Truck,Date Not Captured,N/A - From RDC,13-Oct-09,13-Oct-09,13-Oct-09,ARV,Adult,SCMS from RDC,"Lamivudine/Zidovudine 150/300mg, tablets, 60 Tabs",Lamivudine/Zidovudine,Generic,150/300mg,Tablet - FDC,60,"40,000",350400.00,8.76,0.15,"Aurobindo Unit III, India",TRUE,3626,"$4,997.47 ",686.78
"11,357",106-HT-T01,Pre-PQ Process,SO-32720,DN-1466,Haiti,PMO - US,From RDC,N/A - From RDC,Air,Date Not Captured,N/A - From RDC,21-Oct-09,21-Oct-09,21-Oct-09,ARV,Adult,SCMS from RDC,"Lamivudine/Zidovudine 150/300mg, tablets, 60 Tabs",Lamivudine/Zidovudine,Generic,150/300mg,Tablet - FDC,60,"59,952",525179.52,8.76,0.15,"Aurobindo Unit III, India",TRUE,6967,"$75,688.58 ","1,029.35"
"33,190",116-ZA-T30,FPQ-14942,SCMS-259075,ASN-32138,South Africa,PMO - US,Direct Drop,DDP,Truck,09-11-14,05-11-15,12-May-15,12-May-15,12-May-15,ARV,Adult,PHARMACY DIRECT,"Lamivudine 150mg, tablets, 60 Tabs",Lamivudine,Generic,150mg,Tablet,60,3,19.82,6.61,0.11,"Aurobindo Unit III, India",FALSE,Weight Captured Separately,Freight Included in Commodity Cost,0.02
"11,361",109-TZ-T01,Pre-PQ Process,SO-31284,DN-1565,Tanzania,PMO - US,From RDC,N/A - From RDC,Truck,Date Not Captured,N/A - From RDC,14-Jan-10,14-Jan-10,14-Jan-10,ARV,Adult,SCMS from RDC,"Abacavir 300mg, tablets, 60 Tabs",Abacavir,Generic,300mg,Tablet,60,"6,376",136573.92,21.42,0.36,"Aurobindo Unit III, India",TRUE,640,"$2,751 ",294.45
"11,367",107-RW-T01,Pre-PQ Process,SO-308,DN-25,Rwanda,PMO - US,From RDC,N/A - From RDC,Air,Pre-PQ Process,N/A - From RDC,17-Mar-07,17-Mar-07,17-Mar-07,ARV,Adult,SCMS from RDC,"Tenofovir Disoproxil Fumarate 300mg [Viread], tablets, 30 Tabs",Tenofovir Disoproxil Fumarate,Viread,300mg,Tablet,30,"4,000",68000.00,17,0.57,Gilead(Nycomed) Oranienburg DE,TRUE,256,"$12,205.40 ",
"33,403",116-ZA-T30,FPQ-3560,SCMS-49631,ASN-5446,South Africa,PMO - US,Direct Drop,DDP,Truck,05-07-09,7/21/2009,14-Sep-09,30-Sep-09,30-Sep-09,ARV,Adult,S. BUYS WHOLESALER,"Efavirenz 600mg, tablets, 30 Tabs",Efavirenz,Generic,600mg,Tablet,30,"6,387",121664.04,19.05,0.64,"Cipla, Goa, India",TRUE,Weight Captured Separately,Freight Included in Commodity Cost,238.46
"33,615",116-ZA-T30,FPQ-12522,SCMS-199289,ASN-28037,South Africa,PMO - US,Direct Drop,DDP,Truck,07-11-13,8/29/2014,29-Aug-14,29-Aug-14,29-Aug-14,ARV,Adult,S. BUYS WHOLESALER,"Nevirapine 200mg, tablets, 60 Tabs",Nevirapine,Generic,200mg,Tablet,60,83,1624.98,19.58,0.33,"Aurobindo Unit III, India",FALSE,Weight Captured Separately,Freight Included in Commodity Cost,2.01
"11,370",110-ZM-T01,Pre-PQ Process,SO-233,DN-40,Zambia,PMO - US,From RDC,N/A - From RDC,,Pre-PQ Process,N/A - From RDC,02-Apr-07,02-Apr-07,02-Apr-07,HRDT,HIV test,SCMS from RDC,"HIV 1/2, Bioline 3.0 Kit, Lancets, Capillary pipets, Alcohol swabs included, 25 Tests","HIV 1/2, Bioline 3.0 Kit, Lancets, Capillary pipets, Alcohol swabs included",Bioline,,Test kit,25,561,11220.00,20,0.8,"Standard Diagnostics, Korea",TRUE,191,"$1,200.12 ",
"33,654",116-ZA-T30,FPQ-13973,SCMS-238551,ASN-26882,South Africa,PMO - US,Direct Drop,DDP,Truck,4/30/2014,6/25/2014,25-Jun-14,25-Jun-14,25-Jun-14,ARV,Adult,PHARMACY DIRECT,"Lamivudine/Zidovudine 150/300mg, tablets, 60 Tabs",Lamivudine/Zidovudine,Generic,150/300mg,Tablet - FDC,60,18,561.46,31.19,0.52,"Aurobindo Unit III, India",FALSE,Weight Captured Separately,Freight Included in Commodity Cost,0.58
"11,373",100-CI-T01,Pre-PQ Process,SO-397,DN-54,Côte d'Ivoire,PMO - US,From RDC,N/A - From RDC,,Pre-PQ Process,N/A - From RDC,04-May-07,04-May-07,04-May-07,ARV,Adult,SCMS from RDC,"Efavirenz 600mg, tablets, 30 Tabs",Efavirenz,Generic,600mg,Tablet,30,"4,500",73125.00,16.25,0.54,"Aurobindo Unit III, India",TRUE,410,"$1,931 ",
"11,374",100-CI-T01,Pre-PQ Process,SO-286,DN-71,Côte d'Ivoire,PMO - US,From RDC,N/A - From RDC,,Pre-PQ Process,N/A - From RDC,30-Apr-07,30-Apr-07,30-Apr-07,ARV,Adult,SCMS from RDC,"Indinavir 400mg [Crixivan], capsules, 180 Caps",Indinavir,Crixivan,400mg,Capsule,180,740,36496.80,49.32,0.27,MSD Elkton USA,TRUE,206,"$1,583 ",
"11,376",109-TZ-T01,Pre-PQ Process,SO-422,DN-127,Tanzania,PMO - US,From RDC,N/A - From RDC,Air,Pre-PQ Process,N/A - From RDC,06-Jun-07,06-Jun-07,06-Jun-07,ARV,Adult,SCMS from RDC,"Lamivudine/Zidovudine 150/300mg, tablets, 60 Tabs",Lamivudine/Zidovudine,Generic,150/300mg,Tablet - FDC,60,"28,512",304508.16,10.68,0.18,"Aurobindo Unit III, India",TRUE,2630,"$13,820.40 ",
"11,377",113-ZW-T01,Pre-PQ Process,SO-223,DN-92,Zimbabwe,PMO - US,From RDC,N/A - From RDC,,Pre-PQ Process,N/A - From RDC,18-Apr-07,18-Apr-07,18-Apr-07,ARV,Adult,SCMS from RDC,"Zidovudine 300mg, tablets, 60 Tabs",Zidovudine,Generic,300mg,Tablet,60,421,4113.17,9.77,0.16,"Ranbaxy, Paonta Shahib, India",TRUE,25,$516.84 ,
"33,701",116-ZA-T30,FPQ-13035,SCMS-215370,ASN-24415,South Africa,PMO - US,Direct Drop,DDP,Truck,10-08-13,12-02-13,06-Feb-14,06-Feb-14,06-Feb-14,ARV,Adult,S. BUYS WHOLESALER,"Stavudine 20mg [Zerit], capsules, 60 Caps",Stavudine,Zerit,20mg,Capsule,60,8,38.34,4.79,0.08,Bristol-Myers Squibb Anagni IT,FALSE,Weight Captured Separately,Freight Included in Commodity Cost,0.05
"11,829",106-HT-T01,Pre-PQ Process,SO-1484,DN-502,Haiti,PMO - US,From RDC,N/A - From RDC,Air,Pre-PQ Process,N/A - From RDC,10-Dec-07,10-Dec-07,10-Dec-07,ARV,Adult,SCMS from RDC,"Efavirenz 600mg, tablets, 30 Tabs",Efavirenz,Generic,600mg,Tablet,30,"35,000",434700.00,12.42,0.41,"Strides, Bangalore, India.",TRUE,2153,"$24,448 ",695.52
"11,379",110-ZM-T01,Pre-PQ Process,SO-536,DN-136,Zambia,PMO - US,From RDC,N/A - From RDC,Air,Pre-PQ Process,N/A - From RDC,21-May-07,21-May-07,21-May-07,HRDT,HIV test,SCMS from RDC,"HIV 1/2, Bioline 3.0 Kit, Lancets, Capillary pipets, Alcohol swabs included, 25 Tests","HIV 1/2, Bioline 3.0 Kit, Lancets, Capillary pipets, Alcohol swabs included",Bioline,,Test kit,25,452,9040.00,20,0.8,"Standard Diagnostics, Korea",TRUE,Weight Captured Separately,"$1,250.72 ",
"11,381",107-RW-T01,Pre-PQ Process,SO-396,DN-43,Rwanda,PMO - US,From RDC,N/A - From RDC,Air,Pre-PQ Process,N/A - From RDC,17-Mar-07,17-Mar-07,17-Mar-07,ARV,Adult,SCMS from RDC,"Tenofovir Disoproxil Fumarate 300mg [Viread], tablets, 30 Tabs",Tenofovir Disoproxil Fumarate,Viread,300mg,Tablet,30,"4,000",68000.00,17,0.57,Gilead(Nycomed) Oranienburg DE,TRUE,265,"$11,931 ",
"11,383",110-ZM-T01,Pre-PQ Process,SO-206,DN-69,Zambia,PMO - US,From RDC,N/A - From RDC,,Pre-PQ Process,N/A - From RDC,20-Apr-07,20-Apr-07,20-Apr-07,ARV,Adult,SCMS from RDC,"Abacavir 300mg, tablets, 60 Tabs",Abacavir,Generic,300mg,Tablet,60,"5,000",177500.00,35.5,0.59,"Aurobindo Unit III, India",TRUE,239,"$1,684.15 ",
"33,719",116-ZA-T30,FPQ-14942,SCMS-295800,ASN-33865,South Africa,PMO - US,Direct Drop,DDP,Truck,09-11-14,8/24/2015,24-Aug-15,24-Aug-15,24-Aug-15,ARV,Pediatric,PHARMACY DIRECT,"Lamivudine 10mg/ml, oral solution, Bottle, 240 ml",Lamivudine,Generic,10mg/ml,Oral solution,240,17,91.92,5.41,0.02,"Aurobindo Unit III, India",FALSE,Weight Captured Separately,Freight Included in Commodity Cost,0.09
"33,773",116-ZA-T30,FPQ-14942,SCMS-259077,ASN-33477,South Africa,PMO - US,Direct Drop,DDP,Truck,09-11-14,10-09-14,24-Jul-15,24-Jul-15,24-Jul-15,ARV,Adult,PHARMACY DIRECT,"Lamivudine 150mg, tablets, 60 Tabs",Lamivudine,Generic,150mg,Tablet,60,65,429.44,6.61,0.11,"Aurobindo Unit III, India",FALSE,Weight Captured Separately,Freight Included in Commodity Cost,0.44
"11,386",100-CI-T01,Pre-PQ Process,SO-438,DN-80,Côte d'Ivoire,PMO - US,From RDC,N/A - From RDC,,Pre-PQ Process,N/A - From RDC,30-Apr-07,30-Apr-07,30-Apr-07,ARV,Adult,SCMS from RDC,"Lamivudine/Nevirapine/Stavudine 150/200/30mg, tablets, 60 Tabs",Lamivudine/Nevirapine/Stavudine,Generic,150/200/30mg,Tablet - FDC,60,"9,000",67500.00,7.5,0.12,"Cipla, Goa, India",TRUE,974,"$3,166 ",
"11,387",104-CI-T01,Pre-PQ Process,SO-585,DN-193,Côte d'Ivoire,PMO - US,From RDC,N/A - From RDC,,Pre-PQ Process,N/A - From RDC,28-Jun-07,28-Jun-07,28-Jun-07,ARV,Adult,SCMS from RDC,"Stavudine 15mg, capsules, 60 Caps",Stavudine,Generic,15mg,Capsule,60,401,862.15,2.15,0.04,"Aurobindo Unit III, India",TRUE,235,"$1,619 ",1.38
"11,390",104-CI-T01,Pre-PQ Process,SO-594,DN-198,Côte d'Ivoire,PMO - US,From RDC,N/A - From RDC,,Pre-PQ Process,N/A - From RDC,25-Jun-07,25-Jun-07,25-Jun-07,ARV,Adult,SCMS from RDC,"Abacavir 300mg, tablets, 60 Tabs",Abacavir,Generic,300mg,Tablet,60,957,34260.60,35.8,0.6,"Aurobindo Unit III, India",TRUE,95,"$1,448 ",54.82
"11,391",104-CI-T01,Pre-PQ Process,SO-519,DN-199,Côte d'Ivoire,PMO - US,From RDC,N/A - From RDC,,Pre-PQ Process,N/A - From RDC,05-Jul-07,05-Jul-07,05-Jul-07,ARV,Pediatric,SCMS from RDC,"Zidovudine 10mg/ml, oral solution, Bottle, 240 ml",Zidovudine,Generic,10mg/ml,Oral solution,240,"4,316",17048.20,3.95,0.02,"Aurobindo Unit III, India",TRUE,6634,"$15,561 ",27.28
"33,812",116-ZA-T30,FPQ-14942,SCMS-259075,ASN-32138,South Africa,PMO - US,Direct Drop,DDP,Truck,09-11-14,05-11-15,12-May-15,12-May-15,12-May-15,ARV,Pediatric,PHARMACY DIRECT,"Lamivudine 10mg/ml, oral solution, Bottle, 240 ml",Lamivudine,Generic,10mg/ml,Oral solution,240,3,15.50,5.17,0.02,"Aurobindo Unit III, India",FALSE,Weight Captured Separately,Freight Included in Commodity Cost,0.02
"11,394",110-ZM-T01,Pre-PQ Process,SO-479,DN-186,Zambia,PMO - US,From RDC,N/A - From RDC,,Pre-PQ Process,N/A - From RDC,12-Jun-07,12-Jun-07,12-Jun-07,ARV,Pediatric,SCMS from RDC,"Efavirenz 50mg [Stocrin/Sustiva], capsule, 30 Caps",Efavirenz,Stocrin/Sustiva,50mg,Capsule,30,570,1977.90,3.47,0.12,"MSD Manati, Puerto Rico, (USA)",TRUE,26,$505.17 ,
"11,395",110-ZM-T01,Pre-PQ Process,SO-623,DN-204,Zambia,PMO - US,From RDC,N/A - From RDC,,Pre-PQ Process,N/A - From RDC,20-Jun-07,20-Jun-07,20-Jun-07,ARV,Adult,SCMS from RDC,"Lopinavir/Ritonavir 200/50mg [Aluvia], tablets, 120 Tabs",Lopinavir/Ritonavir,Aluvia,200/50mg,Tablet,120,"2,820",115902.00,41.1,0.34,ABBVIE Ludwigshafen Germany,TRUE,614,"$2,880.35 ",185.44
"11,397",104-CI-T01,Pre-PQ Process,SO-517,DN-160,Côte d'Ivoire,PMO - US,From RDC,N/A - From RDC,,Pre-PQ Process,N/A - From RDC,15-Jun-07,15-Jun-07,15-Jun-07,ARV,Adult,SCMS from RDC,"Lamivudine/Nevirapine/Stavudine 150/200/30mg, tablets, 60 Tabs",Lamivudine/Nevirapine/Stavudine,Generic,150/200/30mg,Tablet - FDC,60,"8,347",62602.50,7.5,0.12,"Cipla, Goa, India",TRUE,1313,"$3,908 ",
"33,833",161-ZA-T30,FPQ-5379,SCMS-69550,ASN-8303,South Africa,PMO - US,Direct Drop,DDP,Air,3/24/2010,3/25/2010,01-Jul-10,01-Jul-10,01-Jul-10,ARV,Pediatric,ASPEN PHARMACARE,"Abacavir 20mg/ml [Ziagen], oral solution, Bottle, 240 ml",Abacavir,Ziagen,20mg/ml,Oral solution,240,"80,884",1219730.72,15.08,0.06,GSK Mississauga (Canada),TRUE,Weight Captured Separately,Freight Included in Commodity Cost,"2,629.74"
"11,401",107-RW-T01,Pre-PQ Process,SO-240,DN-150,Rwanda,PMO - US,From RDC,N/A - From RDC,Air,Pre-PQ Process,N/A - From RDC,22-May-07,22-May-07,22-May-07,HRDT,HIV test,SCMS from RDC,"HIV 1/2/O, First Response HIV 1-2.0, v.3.0 Cards Kit, 30 Tests","HIV 1/2/O, First Response HIV 1-2.0, v.3.0 Cards Kit",First Response,,Test kit,30,"2,000",42000.00,21,0.7,Premier Med. Corp Ltd. India,TRUE,Weight Captured Separately,"$2,805.51 ",
"33,848",102-ML-T30,FPQ-11783,SCMS-182790,ASN-19410,Mali,PMO - US,Direct Drop,CIP,Air,3/15/2013,04-11-13,17-Jul-13,17-Jul-13,17-Jul-13,HRDT,HIV test - Ancillary,Orasure Technologies Inc.,"HIV, OraQuick Controls Kit, 3 Vials","HIV, OraQuick Controls Kit, 3 Vials",OraQuick,,Test kit - Ancillary,1,41,1025.00,25,25,"Orasure Technologies, Inc USA",TRUE,Weight Captured Separately,Freight Included in Commodity Cost,1.27
"11,403",117-ET-T01,Pre-PQ Process,SO-582,DN-157,Ethiopia,PMO - US,From RDC,N/A - From RDC,,Pre-PQ Process,N/A - From RDC,24-May-07,24-May-07,24-May-07,HRDT,HIV test,SCMS from RDC,"HIV 1/2, Capillus HIV Kit, 100 Tests","HIV 1/2, Capillus HIV Kit",Capillus,,Test kit,100,200,27800.00,139,1.39,"Trinity Biotech, Plc",TRUE,213,"$2,129.46 ",
"33,861",116-ZA-T30,FPQ-13973,SCMS-238550,ASN-30792,South Africa,PMO - US,Direct Drop,DDP,Truck,4/30/2014,05-08-14,19-Feb-15,19-Feb-15,19-Feb-15,ARV,Adult,PHARMACY DIRECT,"Didanosine 400mg, delayed-release capsules, 30 Caps",Didanosine,Generic,400mg,Delayed-release capsules,30,3,59.03,19.68,0.66,"Aurobindo Unit III, India",FALSE,Weight Captured Separately,Freight Included in Commodity Cost,0.06
"11,407",104-CI-T01,Pre-PQ Process,SO-652,DN-244,Côte d'Ivoire,PMO - US,From RDC,N/A - From RDC,,Pre-PQ Process,N/A - From RDC,20-Jul-07,20-Jul-07,20-Jul-07,ARV,Adult,SCMS from RDC,"Lopinavir/Ritonavir 200/50mg [Aluvia], tablets, 120 Tabs",Lopinavir/Ritonavir,Aluvia,200/50mg,Tablet,120,"1,110",45621.00,41.1,0.34,ABBVIE Ludwigshafen Germany,TRUE,222,"$1,603 ",72.99
"11,408",107-RW-T01,Pre-PQ Process,SO-827,DN-277,Rwanda,PMO - US,From RDC,N/A - From RDC,Air,Pre-PQ Process,N/A - From RDC,06-Aug-07,06-Aug-07,06-Aug-07,HRDT,HIV test,SCMS from RDC,"HIV 1/2, Determine Complete HIV Kit, 100 Tests","HIV 1/2, Determine Complete HIV Kit",Determine,,Test kit,100,850,68000.00,80,0.8,ABBVIE GmbH & Co.KG Wiesbaden,TRUE,195,"$4,613.67 ",108.8
"11,409",111-MZ-T01,Pre-PQ Process,SO-577,DN-279,Mozambique,PMO - US,From RDC,N/A - From RDC,Air,Pre-PQ Process,N/A - From RDC,21-Sep-07,21-Sep-07,21-Sep-07,ARV,Pediatric,SCMS from RDC,"Efavirenz 50mg, capsule, 30 Caps",Efavirenz,Generic,50mg,Capsule,30,570,1949.40,3.42,0.11,"Aurobindo Unit III, India",TRUE,35,$364.51 ,3.12
"11,411",104-CI-T01,Pre-PQ Process,SO-788,DN-255,Côte d'Ivoire,PMO - US,From RDC,N/A - From RDC,,Pre-PQ Process,N/A - From RDC,31-Jul-07,31-Jul-07,31-Jul-07,HRDT,HIV test,SCMS from RDC,"HIV 1/2, Determine Complete HIV Kit, 100 Tests","HIV 1/2, Determine Complete HIV Kit",Determine,,Test kit,100,79,6320.00,80,0.8,ABBVIE GmbH & Co.KG Wiesbaden,TRUE,27,$286.76 ,10.11
"33,948",116-ZA-T30,FPQ-13973,SCMS-238552,ASN-27606,South Africa,PMO - US,Direct Drop,DDP,Truck,4/30/2014,08-05-14,05-Aug-14,05-Aug-14,05-Aug-14,ARV,Adult,PHARMACY DIRECT,"Efavirenz 600mg, tablets, 30 Tabs",Efavirenz,Generic,600mg,Tablet,30,60,935.76,15.6,0.52,"Aurobindo Unit III, India",FALSE,Weight Captured Separately,Freight Included in Commodity Cost,0.96
"11,417",109-TZ-T01,Pre-PQ Process,SO-645,DN-216,Tanzania,PMO - US,From RDC,N/A - From RDC,,Pre-PQ Process,N/A - From RDC,18-Jul-07,18-Jul-07,18-Jul-07,HRDT,HIV test,SCMS from RDC,"HIV 1/2, Bioline 3.0 Kit, Lancets, Capillary pipets, Alcohol swabs included, 25 Tests","HIV 1/2, Bioline 3.0 Kit, Lancets, Capillary pipets, Alcohol swabs included",Bioline,,Test kit,25,"6,452",129040.00,20,0.8,"Standard Diagnostics, Korea",TRUE,2334,"$9,343.18 ",206.46
"11,418",111-MZ-T01,Pre-PQ Process,SO-695,DN-214,Mozambique,PMO - US,From RDC,N/A - From RDC,Air,Pre-PQ Process,N/A - From RDC,18-Jul-07,18-Jul-07,18-Jul-07,ARV,Adult,SCMS from RDC,"Lopinavir/Ritonavir 200/50mg [Aluvia], tablets, 120 Tabs",Lopinavir/Ritonavir,Aluvia,200/50mg,Tablet,120,"4,000",164400.00,41.1,0.34,ABBVIE Ludwigshafen Germany,TRUE,870,"$1,149.57 ",263.04
"34,119",116-ZA-T30,FPQ-14942,SCMS-259077,ASN-33479,South Africa,PMO - US,Direct Drop,DDP,Truck,09-11-14,10-09-14,24-Jul-15,24-Jul-15,24-Jul-15,ARV,Adult,PHARMACY DIRECT,"Etravirine 100mg [Intelence], tablets, 120 Tabs",Etravirine,Intelence,100mg,Tablet,120,1,27.51,27.51,0.23,"Janssen-Cilag, Latina, IT",TRUE,Weight Captured Separately,Freight Included in Commodity Cost,0.03
"34,143",116-ZA-T30,FPQ-14942,SCMS-259075,ASN-32122,South Africa,PMO - US,Direct Drop,DDP,Truck,09-11-14,05-11-15,12-May-15,12-May-15,12-May-15,ARV,Pediatric,PHARMACY DIRECT,"Lamivudine 10mg/ml, oral solution, Bottle, 240 ml",Lamivudine,Generic,10mg/ml,Oral solution,240,6,31.01,5.17,0.02,"Aurobindo Unit III, India",FALSE,Weight Captured Separately,Freight Included in Commodity Cost,0.03
"11,424",113-ZW-T01,Pre-PQ Process,SO-416,DN-252,Zimbabwe,PMO - US,From RDC,N/A - From RDC,,Pre-PQ Process,N/A - From RDC,30-Jul-07,30-Jul-07,30-Jul-07,ARV,Adult,SCMS from RDC,"Efavirenz 600mg, tablets, 30 Tabs",Efavirenz,Generic,600mg,Tablet,30,"3,200",52032.00,16.26,0.54,"Aurobindo Unit III, India",TRUE,280,"$1,300.45 ",83.25
"11,425",111-MZ-T01,Pre-PQ Process,SO-499,DN-258,Mozambique,PMO - US,From RDC,N/A - From RDC,Air,Pre-PQ Process,N/A - From RDC,15-Aug-07,15-Aug-07,15-Aug-07,ARV,Pediatric,SCMS from RDC,"Efavirenz 200mg, capsule, 90 Caps",Efavirenz,Generic,200mg,Capsule,90,422,7152.90,16.95,0.19,"Aurobindo Unit III, India",TRUE,514,$740.43 ,11.44
"11,426",104-CI-T01,Pre-PQ Process,SO-523,DN-260,Côte d'Ivoire,PMO - US,From RDC,N/A - From RDC,,Pre-PQ Process,N/A - From RDC,03-Aug-07,03-Aug-07,03-Aug-07,ARV,Adult,SCMS from RDC,"Abacavir/Lamivudine/Zidovudine 300/150/300mg [Trizivir], tablets, 60 Tabs",Abacavir/Lamivudine/Zidovudine,Trizivir,300/150/300mg,Tablet - FDC,60,400,28000.00,70,1.17,GSK Ware (UK),TRUE,2270,"$6,889 ",44.8
"34,235",116-ZA-T30,FPQ-5535,SCMS-71370,ASN-7373,South Africa,PMO - US,Direct Drop,DDP,Truck,4/19/2010,4/21/2010,31-May-10,31-May-10,31-May-10,ARV,Adult,S. BUYS WHOLESALER,"Lamivudine 150mg [Epivir], tablets, 60 Tabs",Lamivudine,Epivir,150mg,Tablet,60,"2,500",14939.06,5.98,0.1,GSK Ware (UK),FALSE,Weight Captured Separately,Freight Included in Commodity Cost,32.21
"11,431",104-CI-T01,Pre-PQ Process,SO-631,DN-306,Côte d'Ivoire,PMO - US,From RDC,N/A - From RDC,,Pre-PQ Process,N/A - From RDC,17-Aug-07,17-Aug-07,17-Aug-07,ARV,Adult,SCMS from RDC,"Ritonavir 100mg [Norvir], capsules, cool, 4 x 84 Caps",Ritonavir,Norvir,100mg,Capsule,336,"1,025",39319.00,38.36,0.11,ABBVIE (Abbott) France,TRUE,1436,"$5,911.50 ",62.91
"11,432",111-MZ-T01,Pre-PQ Process,SO-925,DN-307,Mozambique,PMO - US,From RDC,N/A - From RDC,Air,Pre-PQ Process,N/A - From RDC,04-Sep-07,04-Sep-07,04-Sep-07,ARV,Adult,SCMS from RDC,"Lamivudine/Zidovudine 150/300mg, tablets, 60 Tabs",Lamivudine/Zidovudine,Generic,150/300mg,Tablet - FDC,60,"10,800",102600.00,9.5,0.16,"Aurobindo Unit III, India",TRUE,1020,"$1,998.50 ",164.16
"11,433",111-MZ-T01,Pre-PQ Process,SO-927,DN-308,Mozambique,PMO - US,From RDC,N/A - From RDC,Air,Pre-PQ Process,N/A - From RDC,04-Sep-07,04-Sep-07,04-Sep-07,ARV,Adult,SCMS from RDC,"Stavudine 30mg, capsules, 60 Caps",Stavudine,Generic,30mg,Capsule,60,630,957.60,1.52,0.03,"Aurobindo Unit III, India",TRUE,36,"$1,998.50 ",1.53
"11,434",110-ZM-T01,Pre-PQ Process,SO-942,DN-309,Zambia,PMO - US,From RDC,N/A - From RDC,Air,Pre-PQ Process,N/A - From RDC,21-Aug-07,21-Aug-07,21-Aug-07,ARV,Pediatric,SCMS from RDC,"Nevirapine 10mg/ml, oral suspension, Bottle, 240 ml",Nevirapine,Generic,10mg/ml,Oral suspension,240,"10,624",65868.80,6.2,0.03,"Aurobindo Unit III, India",TRUE,3785,"$13,116 ",105.39
"34,336",116-ZA-T30,FPQ-13973,SCMS-238550,ASN-30792,South Africa,PMO - US,Direct Drop,DDP,Truck,4/30/2014,05-08-14,19-Feb-15,19-Feb-15,19-Feb-15,ARV,Adult,PHARMACY DIRECT,"Tenofovir Disoproxil Fumarate 300mg, tablets, 30 Tabs",Tenofovir Disoproxil Fumarate,Generic,300mg,Tablet,30,3,57.36,19.12,0.64,Mylan (formerly Matrix) Nashik,FALSE,Weight Captured Separately,Freight Included in Commodity Cost,0.06
"34,380",116-ZA-T30,FPQ-12523,SCMS-199315,ASN-27209,South Africa,PMO - US,Direct Drop,DDP,Truck,07-12-13,07-11-14,11-Jul-14,11-Jul-14,11-Jul-14,ARV,Pediatric,S. BUYS WHOLESALER,"Atazanavir 150mg [Reyataz], capsules, 60 Caps",Atazanavir,Reyataz,150mg,Capsule,60,2,51.37,25.68,0.43,"BMS Evansville, US",TRUE,Weight Captured Separately,Freight Included in Commodity Cost,0.06
"11,450",110-ZM-T01,Pre-PQ Process,SO-627,DN-340,Zambia,PMO - US,From RDC,N/A - From RDC,,Pre-PQ Process,N/A - From RDC,14-Sep-07,14-Sep-07,14-Sep-07,ARV,Pediatric,SCMS from RDC,"Lopinavir/Ritonavir 80/20mg/ml [Kaletra], oral solution, cool, Bottle 5 x 60 ml",Lopinavir/Ritonavir,Kaletra,80/20mg/ml,Oral solution,300,665,27331.50,41.1,0.14,ABBVIE (Abbott) Logis. UK,TRUE,603,"$2,839.20 ",43.73
"34,885",116-ZA-T30,FPQ-14942,SCMS-259073,ASN-30671,South Africa,PMO - US,Direct Drop,DDP,Truck,09-11-14,02-12-15,12-Feb-15,12-Feb-15,12-Feb-15,ARV,Adult,PHARMACY DIRECT,"Nevirapine 200mg, tablets, 60 Tabs",Nevirapine,Generic,200mg,Tablet,60,20,256.48,12.82,0.21,"Aurobindo Unit III, India",FALSE,Weight Captured Separately,Freight Included in Commodity Cost,0.26
"34,890",116-ZA-T30,FPQ-12522,SCMS-199289,ASN-28037,South Africa,PMO - US,Direct Drop,DDP,Truck,07-11-13,8/29/2014,29-Aug-14,29-Aug-14,29-Aug-14,ARV,Adult,S. BUYS WHOLESALER,"Lamivudine/Zidovudine 150/300mg, tablets, 60 Tabs",Lamivudine/Zidovudine,Generic,150/300mg,Tablet - FDC,60,215,7040.78,32.75,0.55,Hetero Unit III Hyderabad IN,FALSE,Weight Captured Separately,Freight Included in Commodity Cost,8.71
"11,456",110-ZM-T01,Pre-PQ Process,SO-1072,DN-353,Zambia,PMO - US,From RDC,N/A - From RDC,,Pre-PQ Process,N/A - From RDC,14-Sep-07,14-Sep-07,14-Sep-07,ARV,Pediatric,SCMS from RDC,"Stavudine 1mg/ml, powder for oral solution, 200 ml",Stavudine,Generic,1mg/ml,Oral solution,200,"9,050",13122.50,1.45,0.01,"Aurobindo Unit III, India",TRUE,1084,"$5,181 ",21
"11,458",110-ZM-T01,Pre-PQ Process,SO-978,DN-397,Zambia,PMO - US,From RDC,N/A - From RDC,,Pre-PQ Process,N/A - From RDC,26-Nov-07,26-Nov-07,26-Nov-07,ARV,Adult,SCMS from RDC,"Efavirenz 600mg, tablets, 30 Tabs",Efavirenz,Generic,600mg,Tablet,30,"44,135",548156.70,12.42,0.41,"Aurobindo Unit III, India",TRUE,4082,"$13,484.72 ",877.05
"34,942",116-ZA-T30,FPQ-3560,SCMS-49641,ASN-5136,South Africa,PMO - US,Direct Drop,DDP,Truck,05-07-09,7/21/2009,05-Aug-09,05-Aug-09,05-Aug-09,ARV,Pediatric,S. BUYS WHOLESALER,"Zidovudine 100mg, capsules, 100 Caps",Zidovudine,Generic,100mg,Capsule,100,944,22658.01,24,0.24,"Cipla, Goa, India",FALSE,Weight Captured Separately,Freight Included in Commodity Cost,44.41
"11,464",111-MZ-T01,Pre-PQ Process,SO-1110,DN-375,Mozambique,PMO - US,From RDC,N/A - From RDC,Air,Pre-PQ Process,N/A - From RDC,31-Oct-07,31-Oct-07,31-Oct-07,HRDT,HIV test,SCMS from RDC,"HIV 1/2, Determine Complete HIV Kit, 100 Tests","HIV 1/2, Determine Complete HIV Kit",Determine,,Test kit,100,"4,000",288000.00,72,0.72,ABBVIE GmbH & Co.KG Wiesbaden,TRUE,2526,"$1,871.05 ",460.8
"11,472",110-ZM-T01,Pre-PQ Process,SO-1073,DN-371,Zambia,PMO - US,From RDC,N/A - From RDC,,Pre-PQ Process,N/A - From RDC,21-Sep-07,21-Sep-07,21-Sep-07,ARV,Pediatric,SCMS from RDC,"Stavudine 1mg/ml, powder for oral solution, 200 ml",Stavudine,Generic,1mg/ml,Oral solution,200,"2,950",4277.50,1.45,0.01,"Aurobindo Unit III, India",TRUE,267,"$3,094 ",6.84
"34,961",116-ZA-T30,FPQ-3560,SCMS-49641,ASN-5159,South Africa,PMO - US,Direct Drop,DDP,Truck,05-07-09,7/21/2009,07-Aug-09,07-Aug-09,07-Aug-09,ARV,Pediatric,S. BUYS WHOLESALER,"Zidovudine 100mg [Retrovir], capsules, 100 Caps",Zidovudine,Retrovir,100mg,Capsule,100,"1,056",17046.74,16.14,0.16,GSK Crawley,TRUE,Weight Captured Separately,Freight Included in Commodity Cost,33.41
"11,474",100-ZW-T01,Pre-PQ Process,SO-706,DN-401,Zimbabwe,PMO - US,From RDC,N/A - From RDC,Air,Pre-PQ Process,N/A - From RDC,25-Nov-07,25-Nov-07,25-Nov-07,ARV,Adult,SCMS from RDC,"Efavirenz 600mg, tablets, 30 Tabs",Efavirenz,Generic,600mg,Tablet,30,"1,860",23101.20,12.42,0.41,"Cipla, Goa, India",TRUE,4256,"$5,145.86 ",36.96
"34,965",116-ZA-T30,FPQ-11828,SCMS-183950,ASN-19165,South Africa,South Africa Field Office,Direct Drop,DDP,Truck,3/18/2013,Date Not Captured,15-Apr-13,15-Apr-13,15-Apr-13,ARV,Pediatric,S. BUYS WHOLESALER,"Lamivudine 10mg/ml, oral solution, Bottle, 240 ml",Lamivudine,Generic,10mg/ml,Oral solution,240,25,184.76,7.39,0.03,"Cipla, Goa, India",TRUE,Weight Captured Separately,Freight Included in Commodity Cost,0.23
"34,989",116-ZA-T30,FPQ-4359,SCMS-54980,ASN-5373,South Africa,PMO - US,Direct Drop,DDP,Truck,10-08-09,10/15/2009,19-Oct-09,19-Oct-09,19-Oct-09,ARV,Adult,S. BUYS WHOLESALER,"Tenofovir Disoproxil Fumarate 300mg [Viread], tablets, 30 Tabs",Tenofovir Disoproxil Fumarate,Viread,300mg,Tablet,30,500,14278.99,28.56,0.95,"Aspen-OSD, Port Elizabeth, SA",FALSE,Weight Captured Separately,Freight Included in Commodity Cost,27.99
"35,031",116-ZA-T30,FPQ-14942,SCMS-259072,ASN-30377,South Africa,PMO - US,Direct Drop,DDP,Truck,09-11-14,1/26/2015,26-Jan-15,26-Jan-15,26-Jan-15,ARV,Pediatric,PHARMACY DIRECT,"Abacavir 20mg/ml, oral solution, Bottle, 240 ml",Abacavir,Generic,20mg/ml,Oral solution,240,27,478.20,17.71,0.07,"Aurobindo Unit III, India",FALSE,Weight Captured Separately,Freight Included in Commodity Cost,0.49
"11,478",111-MZ-T01,Pre-PQ Process,SO-945,DN-413,Mozambique,PMO - US,From RDC,N/A - From RDC,Air,Pre-PQ Process,N/A - From RDC,12-Nov-07,12-Nov-07,12-Nov-07,HRDT,HIV test,SCMS from RDC,"HIV 1/2, Uni-Gold HIV Kit, 20 Tests","HIV 1/2, Uni-Gold HIV Kit",Uni-Gold,,Test kit,20,"4,500",144000.00,32,1.6,"Trinity Biotech, Plc",TRUE,1482,"$1,566.19 ",230.4
"11,479",110-ZM-T01,Pre-PQ Process,SO-1363,DN-607,Zambia,PMO - US,From RDC,N/A - From RDC,Air,Pre-PQ Process,N/A - From RDC,26-Feb-08,26-Feb-08,26-Feb-08,ARV,Adult,SCMS from RDC,"Lamivudine/Zidovudine 150/300mg, tablets, 60 Tabs",Lamivudine/Zidovudine,Generic,150/300mg,Tablet - FDC,60,"27,681",262969.50,9.5,0.16,"Aurobindo Unit III, India",TRUE,2581,"$19,832.46 ",420.75
"11,480",104-CI-T01,Pre-PQ Process,SO-1546,DN-609,Côte d'Ivoire,PMO - US,From RDC,N/A - From RDC,Air,Pre-PQ Process,N/A - From RDC,19-Feb-08,19-Feb-08,19-Feb-08,ARV,Adult,SCMS from RDC,"Efavirenz 600mg, tablets, 30 Tabs",Efavirenz,Generic,600mg,Tablet,30,"24,561",294977.61,12.01,0.4,"Aurobindo Unit III, India",TRUE,7191,"$12,349.51 ",471.96
"35,231",116-ZA-T30,FPQ-14942,SCMS-259075,ASN-32122,South Africa,PMO - US,Direct Drop,DDP,Truck,09-11-14,05-11-15,12-May-15,12-May-15,12-May-15,ARV,Adult,PHARMACY DIRECT,"Tenofovir Disoproxil Fumarate 300mg, tablets, 30 Tabs",Tenofovir Disoproxil Fumarate,Generic,300mg,Tablet,30,30,414.50,13.82,0.46,Mylan (formerly Matrix) Nashik,FALSE,Weight Captured Separately,Freight Included in Commodity Cost,0.43
"11,483",104-CI-T01,Pre-PQ Process,SO-1101,DN-434,Côte d'Ivoire,PMO - US,From RDC,N/A - From RDC,Air,Pre-PQ Process,N/A - From RDC,22-Nov-07,22-Nov-07,22-Nov-07,ARV,Pediatric,SCMS from RDC,"Efavirenz 30mg/ml [Stocrin/Sustiva], oral solution, Bottle, 180 ml",Efavirenz,Stocrin/Sustiva,30mg/ml,Oral solution,180,"3,027",28756.50,9.5,0.05,"MSD, Haarlem, NL",TRUE,9248,"$25,563 ",46.01
"35,267",116-ZA-T30,FPQ-3560,SCMS-50960,ASN-5007,South Africa,PMO - US,Direct Drop,DDP,Truck,05-07-09,08-03-09,15-Sep-09,15-Sep-09,15-Sep-09,ARV,Adult,S. BUYS WHOLESALER,"Didanosine EC 400mg [Videx EC], delayed-release capsules, Blister 3 x 10 Caps",Didanosine EC,Videx EC,400mg,Delayed-release capsules - blister,30,600,16040.17,26.73,0.89,"BMS Meymac, France",TRUE,Weight Captured Separately,Freight Included in Commodity Cost,31.44
"11,485",110-ZM-T01,Pre-PQ Process,SO-1186,DN-447,Zambia,PMO - US,From RDC,N/A - From RDC,,Pre-PQ Process,N/A - From RDC,26-Nov-07,26-Nov-07,26-Nov-07,ARV,Adult,SCMS from RDC,"Emtricitabine/Tenofovir Disoproxil Fumarate 200/300mg [Truvada], tablets, 30 Tabs",Emtricitabine/Tenofovir Disoproxil Fumarate,Truvada,300/200mg,Tablet - FDC,30,"17,994",472342.50,26.25,0.88,"Aspen-OSD, Port Elizabeth, SA",TRUE,1620,"$6,785.10 ",755.75
"11,490",104-CI-T01,Pre-PQ Process,SO-1306,DN-441,Côte d'Ivoire,PMO - US,From RDC,N/A - From RDC,Air,Pre-PQ Process,N/A - From RDC,29-Nov-07,29-Nov-07,29-Nov-07,ARV,Adult,SCMS from RDC,"Lamivudine 150mg, tablets, 60 Tabs",Lamivudine,Generic,150mg,Tablet,60,"70,000",212800.00,3.04,0.05,"Aurobindo Unit III, India",TRUE,3681,"$10,666 ",340.48
"11,491",104-CI-T01,Pre-PQ Process,SO-1143,DN-443,Côte d'Ivoire,PMO - US,From RDC,N/A - From RDC,Air,Pre-PQ Process,N/A - From RDC,14-Dec-07,14-Dec-07,14-Dec-07,ARV,Adult,SCMS from RDC,"Nevirapine 200mg, tablets, 60 Tabs",Nevirapine,Generic,200mg,Tablet,60,"13,141",44679.40,3.4,0.06,"Aurobindo Unit III, India",TRUE,1271,"$10,722.75 ",71.49
"35,279",116-ZA-T30,FPQ-12522,SCMS-199289,ASN-28037,South Africa,PMO - US,Direct Drop,DDP,Truck,07-11-13,8/29/2014,29-Aug-14,29-Aug-14,29-Aug-14,ARV,Adult,S. BUYS WHOLESALER,"Efavirenz 600mg, tablets, 30 Tabs",Efavirenz,Generic,600mg,Tablet,30,768,12726.75,16.57,0.55,Hetero Unit III Hyderabad IN,FALSE,Weight Captured Separately,Freight Included in Commodity Cost,15.74
"35,298",116-ZA-T30,FPQ-14942,SCMS-259078,ASN-33470,South Africa,PMO - US,Direct Drop,DDP,Truck,09-11-14,10-09-14,24-Jul-15,24-Jul-15,24-Jul-15,ARV,Pediatric,PHARMACY DIRECT,"Lamivudine 10mg/ml, oral solution, Bottle, 240 ml",Lamivudine,Generic,10mg/ml,Oral solution,240,17,91.92,5.41,0.02,"Aurobindo Unit III, India",FALSE,Weight Captured Separately,Freight Included in Commodity Cost,0.09
"35,299",116-ZA-T30,FPQ-13214,SCMS-215410,ASN-23875,South Africa,PMO - US,Direct Drop,DDP,Truck,11/14/2013,12-02-13,13-Jan-14,13-Jan-14,13-Jan-14,ARV,Adult,S. BUYS WHOLESALER,"Stavudine 30mg, capsules, 60 Caps",Stavudine,Generic,30mg,Capsule,60,440,1734.76,3.94,0.07,"Aurobindo Unit III, India",FALSE,Weight Captured Separately,Freight Included in Commodity Cost,1.78
"35,559",116-ZA-T30,FPQ-12522,SCMS-199283,ASN-27976,South Africa,PMO - US,Direct Drop,DDP,Truck,07-11-13,8/27/2014,27-Aug-14,27-Aug-14,27-Aug-14,ARV,Pediatric,S. BUYS WHOLESALER,"Efavirenz 50mg, capsule, 30 Caps",Efavirenz,Generic,50mg,Capsule,30,18,59.69,3.32,0.11,"Aurobindo Unit III, India",FALSE,Weight Captured Separately,Freight Included in Commodity Cost,0.07
"11,496",110-ZM-T01,Pre-PQ Process,SO-755,DN-482,Zambia,PMO - US,From RDC,N/A - From RDC,,Pre-PQ Process,N/A - From RDC,22-Feb-08,22-Feb-08,22-Feb-08,ARV,Pediatric,SCMS from RDC,"Abacavir 20mg/ml, oral solution, Bottle, 240 ml",Abacavir,Generic,20mg/ml,Oral solution,240,"2,091",34501.50,16.5,0.07,"Aurobindo Unit III, India",TRUE,9386,"$33,363.16 ",55.2
"11,497",110-ZM-T01,Pre-PQ Process,SO-1032,DN-485,Zambia,PMO - US,From RDC,N/A - From RDC,,Pre-PQ Process,N/A - From RDC,08-Jan-08,08-Jan-08,08-Jan-08,ARV,Adult,SCMS from RDC,"Efavirenz 600mg, tablets, 30 Tabs",Efavirenz,Generic,600mg,Tablet,30,"44,135",548156.70,12.42,0.41,Mylan (formerly Matrix) Nashik,TRUE,3454,"$12,492 ",877.05
"11,500",119-NA-T01,Pre-PQ Process,SO-1418,DN-492,Namibia,PMO - US,From RDC,N/A - From RDC,Air,Pre-PQ Process,N/A - From RDC,30-Nov-07,30-Nov-07,30-Nov-07,HRDT,HIV test,SCMS from RDC,"HIV 1/2, Clearview Complete Kit, 25 Tests","HIV 1/2, Clearview Complete Kit",Clearview,,Test kit,25,100,7500.00,75,3,Inverness USA,TRUE,61,$870.40 ,12
"11,501",119-NA-T01,Pre-PQ Process,SO-1451,DN-490,Namibia,PMO - US,From RDC,N/A - From RDC,Air,Pre-PQ Process,N/A - From RDC,06-Dec-07,06-Dec-07,06-Dec-07,HRDT,HIV test,SCMS from RDC,"HIV 1/2, Clearview Complete Kit, 25 Tests","HIV 1/2, Clearview Complete Kit",Clearview,,Test kit,25,70,5250.00,75,3,Inverness USA,TRUE,43,"$1,542.15 ",8.4
"35,566",116-ZA-T30,FPQ-14942,SCMS-259075,ASN-32122,South Africa,PMO - US,Direct Drop,DDP,Truck,09-11-14,05-11-15,12-May-15,12-May-15,12-May-15,ARV,Adult,PHARMACY DIRECT,"Lamivudine/Zidovudine 150/300mg, tablets, 60 Tabs",Lamivudine/Zidovudine,Generic,150/300mg,Tablet - FDC,60,19,406.76,21.41,0.36,"Aurobindo Unit III, India",FALSE,Weight Captured Separately,Freight Included in Commodity Cost,0.42
"11,508",104-CI-T01,Pre-PQ Process,SO-1144,DN-538,Côte d'Ivoire,PMO - US,From RDC,N/A - From RDC,Air,Pre-PQ Process,N/A - From RDC,28-Dec-07,28-Dec-07,28-Dec-07,ARV,Pediatric,SCMS from RDC,"Nevirapine 10mg/ml, oral suspension, Bottle, 240 ml",Nevirapine,Generic,10mg/ml,Oral suspension,240,475,912.00,1.92,0.01,"Aurobindo Unit III, India",TRUE,170,"$1,301 ",1.46
"11,510",110-ZM-T01,Pre-PQ Process,SO-1187,DN-457,Zambia,PMO - US,From RDC,N/A - From RDC,Air,Pre-PQ Process,N/A - From RDC,24-Dec-07,24-Dec-07,24-Dec-07,ARV,Adult,SCMS from RDC,"Emtricitabine/Tenofovir Disoproxil Fumarate 200/300mg [Truvada], tablets, 30 Tabs",Emtricitabine/Tenofovir Disoproxil Fumarate,Truvada,300/200mg,Tablet - FDC,30,"17,706",464782.50,26.25,0.88,"Aspen-OSD, Port Elizabeth, SA",TRUE,1594,"$6,035.40 ",743.65
"11,511",113-ZW-T01,Pre-PQ Process,SO-1439,DN-477,Zimbabwe,PMO - US,From RDC,N/A - From RDC,Air,Pre-PQ Process,N/A - From RDC,11-Jan-08,11-Jan-08,11-Jan-08,HRDT,HIV test,SCMS from RDC,"HIV 1/2, Bioline 3.0 Kit, Lancets, Capillary pipets, Alcohol swabs included, 25 Tests","HIV 1/2, Bioline 3.0 Kit, Lancets, Capillary pipets, Alcohol swabs included",Bioline,,Test kit,25,"3,508",70160.00,20,0.8,"Standard Diagnostics, Korea",TRUE,1052,"$4,641.85 ",112.26
"35,637",116-ZA-T30,FPQ-13973,SCMS-238552,ASN-27606,South Africa,PMO - US,Direct Drop,DDP,Truck,4/30/2014,08-05-14,05-Aug-14,05-Aug-14,05-Aug-14,ARV,Adult,PHARMACY DIRECT,"Didanosine 400mg, delayed-release capsules, 30 Caps",Didanosine,Generic,400mg,Delayed-release capsules,30,1,19.68,19.68,0.66,"Aurobindo Unit III, India",FALSE,Weight Captured Separately,Freight Included in Commodity Cost,0.02
"35,652",116-ZA-T30,FPQ-12522,SCMS-199289,ASN-28037,South Africa,PMO - US,Direct Drop,DDP,Truck,07-11-13,8/29/2014,29-Aug-14,29-Aug-14,29-Aug-14,ARV,Pediatric,S. BUYS WHOLESALER,"Efavirenz 200mg, capsule, 90 Caps",Efavirenz,Generic,200mg,Capsule,90,59,1535.78,26.03,0.29,"Aurobindo Unit III, India",FALSE,Weight Captured Separately,Freight Included in Commodity Cost,1.9
"11,516",114-UG-T01,Pre-PQ Process,SO-1302,DN-489,Uganda,PMO - US,From RDC,N/A - From RDC,Air,Pre-PQ Process,N/A - From RDC,15-Jan-08,15-Jan-08,15-Jan-08,ARV,Adult,SCMS from RDC,"Lamivudine/Zidovudine 150/300mg, tablets, 60 Tabs",Lamivudine/Zidovudine,Generic,150/300mg,Tablet - FDC,60,"2,084",19798.00,9.5,0.16,"Aurobindo Unit III, India",TRUE,237,"$1,154.50 ",31.68
"11,517",107-RW-T01,Pre-PQ Process,SO-1534,DN-590,Rwanda,PMO - US,From RDC,N/A - From RDC,Air,Pre-PQ Process,N/A - From RDC,29-Feb-08,29-Feb-08,29-Feb-08,ARV,Adult,SCMS from RDC,"Lopinavir/Ritonavir 200/50mg [Aluvia], tablets, 120 Tabs",Lopinavir/Ritonavir,Aluvia,200/50mg,Tablet,120,600,24660.00,41.1,0.34,ABBVIE (Abbott) Logis. UK,TRUE,859,"$5,531.40 ",39.46
"35,904",116-ZA-T30,FPQ-13973,SCMS-238555,ASN-29257,South Africa,PMO - US,Direct Drop,DDP,Truck,4/30/2014,11-04-14,05-Nov-14,05-Nov-14,05-Nov-14,ARV,Pediatric,PHARMACY DIRECT,"Efavirenz 50mg, capsule, 30 Caps",Efavirenz,Generic,50mg,Capsule,30,24,72.14,3.01,0.1,"Aurobindo Unit III, India",FALSE,Weight Captured Separately,Freight Included in Commodity Cost,0.07
"11,520",117-ET-T01,Pre-PQ Process,SO-1512,DN-517,Ethiopia,PMO - US,From RDC,N/A - From RDC,Air,Pre-PQ Process,N/A - From RDC,14-Dec-07,14-Dec-07,14-Dec-07,ARV,Adult,SCMS from RDC,"Tenofovir Disoproxil Fumarate 300mg [Viread], tablets, 30 Tabs",Tenofovir Disoproxil Fumarate,Viread,300mg,Tablet,30,535,9095.00,17,0.57,Gilead(Nycomed) Oranienburg DE,TRUE,33,$755.50 ,14.55
"35,922",116-ZA-T30,FPQ-13035,SCMS-215370,ASN-24415,South Africa,PMO - US,Direct Drop,DDP,Truck,10-08-13,12-02-13,06-Feb-14,06-Feb-14,06-Feb-14,ARV,Adult,S. BUYS WHOLESALER,"Didanosine 400mg, delayed-release capsules, 30 Caps",Didanosine,Generic,400mg,Delayed-release capsules,30,20,389.71,19.49,0.65,"Aurobindo Unit III, India",FALSE,Weight Captured Separately,Freight Included in Commodity Cost,0.48
"11,522",117-ET-T01,Pre-PQ Process,SO-1601,DN-577,Ethiopia,PMO - US,From RDC,N/A - From RDC,Air,Pre-PQ Process,N/A - From RDC,07-Feb-08,07-Feb-08,07-Feb-08,ARV,Adult,SCMS from RDC,"Tenofovir Disoproxil Fumarate 300mg [Viread], tablets, 30 Tabs",Tenofovir Disoproxil Fumarate,Viread,300mg,Tablet,30,"4,394",74698.00,17,0.57,"Aspen-OSD, Port Elizabeth, SA",TRUE,317,"$1,628.18 ",119.52
"11,523",112-NG-T01,Pre-PQ Process,SO-1430,DN-551,Nigeria,PMO - US,From RDC,N/A - From RDC,Air,Pre-PQ Process,N/A - From RDC,16-Jan-08,16-Jan-08,16-Jan-08,ARV,Pediatric,SCMS from RDC,"Nevirapine 10mg/ml, oral suspension, Bottle, 240 ml",Nevirapine,Generic,10mg/ml,Oral suspension,240,792,4910.40,6.2,0.03,"Aurobindo Unit III, India",TRUE,272,"$2,047 ",7.86
"11,524",117-ET-T01,Pre-PQ Process,SO-1523,DN-540,Ethiopia,PMO - US,From RDC,N/A - From RDC,Air,Pre-PQ Process,N/A - From RDC,20-Dec-07,16-Jan-08,16-Jan-08,ARV,Adult,SCMS from RDC,"Lamivudine 150mg, tablets, 60 Tabs",Lamivudine,Generic,150mg,Tablet,60,"29,500",89680.00,3.04,0.05,"Ranbaxy, Paonta Shahib, India",TRUE,1650,"$11,339.50 ",143.49
"35,977",116-ZA-T30,FPQ-14942,SCMS-295800,ASN-33865,South Africa,PMO - US,Direct Drop,DDP,Truck,09-11-14,8/24/2015,24-Aug-15,24-Aug-15,24-Aug-15,ARV,Pediatric,PHARMACY DIRECT,"Efavirenz 200mg, capsule, 90 Caps",Efavirenz,Generic,200mg,Capsule,90,34,620.49,18.25,0.2,"Aurobindo Unit III, India",FALSE,Weight Captured Separately,Freight Included in Commodity Cost,0.64
"11,526",104-CI-T01,Pre-PQ Process,SO-1284,DN-586,Côte d'Ivoire,PMO - US,From RDC,N/A - From RDC,Air,Pre-PQ Process,N/A - From RDC,05-Feb-08,05-Feb-08,05-Feb-08,ARV,Adult,SCMS from RDC,"Indinavir 400mg [Crixivan], capsules, 180 Caps",Indinavir,Crixivan,400mg,Capsule,180,"1,550",77500.00,50,0.28,"MSD, Haarlem, NL",TRUE,345,"$1,888.48 ",124
"11,527",100-ZW-T01,Pre-PQ Process,SO-711,DN-604,Zimbabwe,PMO - US,From RDC,N/A - From RDC,Air,Pre-PQ Process,N/A - From RDC,05-Mar-08,05-Mar-08,05-Mar-08,ARV,Adult,SCMS from RDC,"Lamivudine/Nevirapine/Stavudine 150/200/30mg, tablets, 60 Tabs",Lamivudine/Nevirapine/Stavudine,Generic,150/200/30mg,Tablet - FDC,60,"2,508",18559.20,7.4,0.12,"Cipla, Goa, India",TRUE,4303,"$12,894.85 ",29.69
"36,053",116-ZA-T30,FPQ-3560,SCMS-50941,ASN-5498,South Africa,PMO - US,Direct Drop,DDP,Truck,05-07-09,08-03-09,30-Oct-09,30-Oct-09,30-Oct-09,ARV,Pediatric,S. BUYS WHOLESALER,"Efavirenz 50mg, capsule, 30 Caps",Efavirenz,Generic,50mg,Capsule,30,"6,690",26864.85,4.02,0.13,"Aurobindo Unit III, India",TRUE,Weight Captured Separately,Freight Included in Commodity Cost,52.66
"11,530",106-HT-T01,Pre-PQ Process,SO-2598,DN-783,Haiti,PMO - US,From RDC,N/A - From RDC,Air,Pre-PQ Process,N/A - From RDC,13-Jun-08,13-Jun-08,13-Jun-08,ARV,Adult,SCMS from RDC,"Nevirapine 200mg, tablets, 60 Tabs",Nevirapine,Generic,200mg,Tablet,60,"17,843",60666.20,3.4,0.06,"Aurobindo Unit III, India",TRUE,1667,"$19,069.17 ",97.07
"11,531",110-ZM-T01,Pre-PQ Process,SO-1895,DN-824,Zambia,PMO - US,From RDC,N/A - From RDC,Truck,Pre-PQ Process,N/A - From RDC,23-Jul-08,23-Jul-08,23-Jul-08,ARV,Adult,SCMS from RDC,"Efavirenz 600mg, tablets, 30 Tabs",Efavirenz,Generic,600mg,Tablet,30,"45,000",540450.00,12.01,0.4,Mylan (formerly Matrix) Nashik,TRUE,3457,"$1,934.31 ",864.72
"36,157",116-ZA-T30,FPQ-13214,SCMS-215410,ASN-23875,South Africa,PMO - US,Direct Drop,DDP,Truck,11/14/2013,12-02-13,13-Jan-14,13-Jan-14,13-Jan-14,ARV,Pediatric,S. BUYS WHOLESALER,"Efavirenz 50mg, capsule, 30 Caps",Efavirenz,Generic,50mg,Capsule,30,328,976.49,2.98,0.1,"Aurobindo Unit III, India",FALSE,Weight Captured Separately,Freight Included in Commodity Cost,1
"11,533",131-NG-T01,Pre-PQ Process,SO-2575,DN-737,Nigeria,PMO - US,From RDC,N/A - From RDC,Air,Pre-PQ Process,N/A - From RDC,14-May-08,14-May-08,14-May-08,ARV,Adult,SCMS from RDC,"Lamivudine/Nevirapine/Zidovudine 150/200/300mg, tablets, 60 Tabs",Lamivudine/Nevirapine/Zidovudine,Generic,150/300/200mg,Tablet - FDC,60,164,2177.92,13.28,0.22,"Aurobindo Unit III, India",TRUE,2095,"$10,098.25 ",3.48
"11,535",109-TZ-T01,Pre-PQ Process,SO-1942,DN-654,Tanzania,PMO - US,From RDC,N/A - From RDC,,Pre-PQ Process,N/A - From RDC,28-Mar-08,28-Mar-08,28-Mar-08,ARV,Adult,SCMS from RDC,"Efavirenz 600mg, tablets, 30 Tabs",Efavirenz,Generic,600mg,Tablet,30,"49,997",620962.74,12.42,0.41,"Aurobindo Unit III, India",TRUE,4345,"$14,637 ",993.54
"36,172",116-ZA-T30,FPQ-5535,SCMS-71370,ASN-7373,South Africa,PMO - US,Direct Drop,DDP,Truck,4/19/2010,4/21/2010,31-May-10,31-May-10,31-May-10,ARV,Pediatric,S. BUYS WHOLESALER,"Efavirenz 200mg, capsule, 90 Caps",Efavirenz,Generic,200mg,Capsule,90,80,2666.08,33.33,0.37,"Aurobindo Unit III, India",FALSE,Weight Captured Separately,Freight Included in Commodity Cost,5.75
"11,537",106-HT-T01,Pre-PQ Process,SO-2047,DN-742,Haiti,PMO - US,From RDC,N/A - From RDC,Air,Pre-PQ Process,N/A - From RDC,02-Jun-08,02-Jun-08,02-Jun-08,ARV,Pediatric,SCMS from RDC,"Didanosine 200mg, chewable/dispersible tablets, 60 Tabs",Didanosine,Generic,200mg,Chewable/dispersible tablet,60,98,1519.00,15.5,0.26,"Aurobindo Unit III, India",TRUE,77,$991.49 ,2.43
"36,209",116-ZA-T30,FPQ-12522,SCMS-199283,ASN-27978,South Africa,PMO - US,Direct Drop,DDP,Truck,07-11-13,8/27/2014,27-Aug-14,27-Aug-14,27-Aug-14,ARV,Adult,S. BUYS WHOLESALER,"Didanosine 400mg, delayed-release capsules, 30 Caps",Didanosine,Generic,400mg,Delayed-release capsules,30,16,349.87,21.87,0.73,"Aurobindo Unit III, India",FALSE,Weight Captured Separately,Freight Included in Commodity Cost,0.43
"36,212",116-ZA-T30,FPQ-13214,SCMS-215410,ASN-23875,South Africa,PMO - US,Direct Drop,DDP,Truck,11/14/2013,12-02-13,13-Jan-14,13-Jan-14,13-Jan-14,ARV,Adult,S. BUYS WHOLESALER,"Lamivudine/Zidovudine 150/300mg, tablets, 60 Tabs",Lamivudine/Zidovudine,Generic,150/300mg,Tablet - FDC,60,524,15533.57,29.64,0.49,"Cipla, Goa, India",FALSE,Weight Captured Separately,Freight Included in Commodity Cost,15.97
"36,411",116-ZA-T30,FPQ-14942,SCMS-259075,ASN-32138,South Africa,PMO - US,Direct Drop,DDP,Truck,09-11-14,05-11-15,12-May-15,12-May-15,12-May-15,ARV,Adult,PHARMACY DIRECT,"Abacavir 300mg, tablets, 60 Tabs",Abacavir,Generic,300mg,Tablet,60,3,149.56,49.85,0.83,"Aurobindo Unit III, India",FALSE,Weight Captured Separately,Freight Included in Commodity Cost,0.15
"11,542",106-HT-T01,Pre-PQ Process,SO-2601,DN-788,Haiti,PMO - US,From RDC,N/A - From RDC,Air,Pre-PQ Process,N/A - From RDC,01-Jul-08,01-Jul-08,01-Jul-08,ARV,Pediatric,SCMS from RDC,"Efavirenz 200mg, capsule, 90 Caps",Efavirenz,Generic,200mg,Capsule,90,105,1680.00,16,0.18,"Aurobindo Unit III, India",TRUE,14,"$1,015.24 ",2.69
"36,541",116-ZA-T30,FPQ-13035,SCMS-215370,ASN-24415,South Africa,PMO - US,Direct Drop,DDP,Truck,10-08-13,12-02-13,06-Feb-14,06-Feb-14,06-Feb-14,ARV,Pediatric,S. BUYS WHOLESALER,"Efavirenz 200mg, capsule, 90 Caps",Efavirenz,Generic,200mg,Capsule,90,85,1985.58,23.36,0.26,"Aurobindo Unit III, India",FALSE,Weight Captured Separately,Freight Included in Commodity Cost,2.46
"11,545",109-TZ-T01,Pre-PQ Process,SO-1651,DN-636,Tanzania,PMO - US,From RDC,N/A - From RDC,Air,Pre-PQ Process,N/A - From RDC,01-Apr-08,01-Apr-08,01-Apr-08,ARV,Pediatric,SCMS from RDC,"Didanosine 100mg, chewable/dispersible tablets, 60 Tabs",Didanosine,Generic,100mg,Chewable/dispersible tablet,60,"9,367",72594.25,7.75,0.13,"Aurobindo Unit III, India",TRUE,1955,"$6,923.30 ",116.15
"11,547",104-CI-T01,Pre-PQ Process,SO-1838,DN-632,Côte d'Ivoire,PMO - US,From RDC,N/A - From RDC,Air,Pre-PQ Process,N/A - From RDC,13-Mar-08,13-Mar-08,13-Mar-08,HRDT,HIV test - Ancillary,SCMS from RDC,"HIV, Lancet, Safety, for HIV Test kits, 100 Pcs","HIV, Lancet, Safety, for HIV Test kits, 100 Pcs",Generic,,Test kit - Ancillary,100,250,2.50,0.01,0,Inverness Japan,TRUE,61,"$1,225.42 ",0
"11,548",119-NA-T01,Pre-PQ Process,SO-1764,DN-635,Namibia,PMO - US,From RDC,N/A - From RDC,Air,Pre-PQ Process,N/A - From RDC,14-Mar-08,14-Mar-08,14-Mar-08,ARV,Adult,SCMS from RDC,"Efavirenz 600mg, tablets, 30 Tabs",Efavirenz,Generic,600mg,Tablet,30,"21,000",252210.00,12.01,0.4,"Aurobindo Unit III, India",TRUE,1815,"$6,074.62 ",403.54
"11,550",114-UG-T01,Pre-PQ Process,SO-1928,DN-652,Uganda,PMO - US,From RDC,N/A - From RDC,,Pre-PQ Process,N/A - From RDC,07-Apr-08,07-Apr-08,07-Apr-08,ARV,Adult,SCMS from RDC,"Lamivudine/Nevirapine/Zidovudine 150/200/300mg, tablets, 60 Tabs",Lamivudine/Nevirapine/Zidovudine,Generic,150/300/200mg,Tablet - FDC,60,"1,450",19575.00,13.5,0.22,"Cipla, Goa, India",TRUE,167,"$1,472.77 ",31.32
"11,551",106-HT-T01,Pre-PQ Process,SO-2072,DN-695,Haiti,PMO - US,From RDC,N/A - From RDC,Air,Pre-PQ Process,N/A - From RDC,11-Apr-08,11-Apr-08,11-Apr-08,ARV,Pediatric,SCMS from RDC,"Efavirenz 30mg/ml [Stocrin/Sustiva], oral solution, Bottle, 180 ml",Efavirenz,Stocrin/Sustiva,30mg/ml,Oral solution,180,34,576.64,16.96,0.09,"MSD, Haarlem, NL",TRUE,14,$896.55 ,0.92
"11,552",117-ET-T01,Pre-PQ Process,SO-1537,DN-631,Ethiopia,PMO - US,From RDC,N/A - From RDC,Air,Pre-PQ Process,N/A - From RDC,06-Mar-08,06-Mar-08,06-Mar-08,ARV,Adult,SCMS from RDC,"Lamivudine 150mg, tablets, 60 Tabs",Lamivudine,Generic,150mg,Tablet,60,"65,500",199120.00,3.04,0.05,"Ranbaxy, Paonta Shahib, India",TRUE,3858,"$12,047.80 ",318.59
"36,596",116-ZA-T30,FPQ-14942,SCMS-259077,ASN-33477,South Africa,PMO - US,Direct Drop,DDP,Truck,09-11-14,10-09-14,24-Jul-15,24-Jul-15,24-Jul-15,ARV,Adult,PHARMACY DIRECT,"Efavirenz 600mg, tablets, 30 Tabs",Efavirenz,Generic,600mg,Tablet,30,39,439.52,11.27,0.38,"Aurobindo Unit III, India",FALSE,Weight Captured Separately,Freight Included in Commodity Cost,0.45
"11,554",111-MZ-T01,Pre-PQ Process,SO-1876,DN-707,Mozambique,PMO - US,From RDC,N/A - From RDC,Air,Pre-PQ Process,N/A - From RDC,22-May-08,22-May-08,22-May-08,ARV,Adult,SCMS from RDC,"Lamivudine/Nevirapine/Stavudine 150/200/30mg, tablets, 60 Tabs",Lamivudine/Nevirapine/Stavudine,Generic,150/200/30mg,Tablet - FDC,60,"39,000",288600.00,7.4,0.12,"Cipla, Goa, India",TRUE,7719,"$6,260.71 ",461.76
"36,661",116-ZA-T30,FPQ-13035,SCMS-215370,ASN-24415,South Africa,PMO - US,Direct Drop,DDP,Truck,10-08-13,12-02-13,06-Feb-14,06-Feb-14,06-Feb-14,ARV,Pediatric,S. BUYS WHOLESALER,"Abacavir 20mg/ml, oral solution w/syringe, Bottle, 240 ml",Abacavir,Generic,20mg/ml,Oral solution,240,210,5097.32,24.27,0.1,"Aurobindo Unit III, India",FALSE,Weight Captured Separately,Freight Included in Commodity Cost,6.31
"36,679",116-ZA-T30,FPQ-12522,SCMS-199289,ASN-28033,South Africa,PMO - US,Direct Drop,DDP,Truck,07-11-13,8/29/2014,29-Aug-14,29-Aug-14,29-Aug-14,ARV,Pediatric,S. BUYS WHOLESALER,"Lamivudine 10mg/ml, oral solution w/syringe, Bottle, 240 ml",Lamivudine,Generic,10mg/ml,Oral solution,240,28,220.91,7.89,0.03,"Aurobindo Unit III, India",FALSE,Weight Captured Separately,Freight Included in Commodity Cost,0.27
"11,557",105-GY-T01,Pre-PQ Process,SO-2465,DN-728,Guyana,PMO - US,From RDC,N/A - From RDC,Air,Pre-PQ Process,N/A - From RDC,20-May-08,20-May-08,20-May-08,ARV,Adult,SCMS from RDC,"Lopinavir/Ritonavir 200/50mg [Aluvia], tablets, 120 Tabs",Lopinavir/Ritonavir,Aluvia,200/50mg,Tablet,120,"1,530",125766.00,82.2,0.68,ABBVIE Ludwigshafen Germany,TRUE,347,"$4,220.15 ",201.23
"11,558",109-TZ-T01,Pre-PQ Process,SO-2721,DN-766,Tanzania,PMO - US,From RDC,N/A - From RDC,Air,Pre-PQ Process,N/A - From RDC,10-Jul-08,10-Jul-08,10-Jul-08,ARV,Adult,SCMS from RDC,"Lamivudine 150mg, tablets, 60 Tabs",Lamivudine,Generic,150mg,Tablet,60,"11,352",33034.32,2.91,0.05,"Aurobindo Unit III, India",TRUE,572,"$4,152.56 ",52.85
"11,559",109-TZ-T01,Pre-PQ Process,SO-2682,DN-902,Tanzania,PMO - US,From RDC,N/A - From RDC,Air,Pre-PQ Process,N/A - From RDC,26-Sep-08,26-Sep-08,26-Sep-08,ARV,Adult,SCMS from RDC,"Lopinavir/Ritonavir 200/50mg [Aluvia], tablets, 120 Tabs",Lopinavir/Ritonavir,Aluvia,200/50mg,Tablet,120,"2,580",106038.00,41.1,0.34,ABBVIE Ludwigshafen Germany,TRUE,587,"$1,153.97 ",169.66
"11,560",117-ET-T01,Pre-PQ Process,SO-18340,DN-1003,Ethiopia,PMO - US,From RDC,N/A - From RDC,Air,Pre-PQ Process,N/A - From RDC,11-Nov-08,11-Nov-08,11-Nov-08,ARV,Adult,SCMS from RDC,"Zidovudine 300mg, tablets, 60 Tabs",Zidovudine,Generic,300mg,Tablet,60,"5,000",39500.00,7.9,0.13,"Aurobindo Unit III, India",TRUE,229,"$1,774.30 ",77.42
"11,561",113-ZW-T01,Pre-PQ Process,SO-13991,DN-1015,Zimbabwe,PMO - US,From RDC,N/A - From RDC,Truck,Pre-PQ Process,N/A - From RDC,19-Nov-08,19-Nov-08,19-Nov-08,ARV,Adult,SCMS from RDC,"Lamivudine/Stavudine 150/30mg, tablets, 30 Tabs",Lamivudine/Stavudine,Generic,150/30mg,Tablet - FDC,30,"8,000",16000.00,2,0.07,"Cipla, Goa, India",TRUE,8855,"$29,883.70 ",31.36
"11,562",110-ZM-T01,Pre-PQ Process,SO-19411,DN-1029,Zambia,PMO - US,From RDC,N/A - From RDC,Air,Pre-PQ Process,N/A - From RDC,11-Dec-08,11-Dec-08,11-Dec-08,ARV,Adult,SCMS from RDC,"Zidovudine 300mg, tablets, 60 Tabs",Zidovudine,Generic,300mg,Tablet,60,"2,306",18793.90,8.15,0.14,"Aurobindo Unit III, India",TRUE,132,"$1,659.48 ",36.84
"36,773",116-ZA-T30,FPQ-13214,SCMS-215410,ASN-23875,South Africa,PMO - US,Direct Drop,DDP,Truck,11/14/2013,12-02-13,13-Jan-14,13-Jan-14,13-Jan-14,ARV,Pediatric,S. BUYS WHOLESALER,"Efavirenz 200mg, capsule, 90 Caps",Efavirenz,Generic,200mg,Capsule,90,12,264.95,22.08,0.25,"Aurobindo Unit III, India",FALSE,Weight Captured Separately,Freight Included in Commodity Cost,0.27
"11,564",105-GY-T01,Pre-PQ Process,SO-18470,DN-1017,Guyana,PMO - US,From RDC,N/A - From RDC,Air,Pre-PQ Process,N/A - From RDC,21-Nov-08,21-Nov-08,21-Nov-08,ARV,Adult,SCMS from RDC,"Zidovudine 300mg, tablets, 60 Tabs",Zidovudine,Generic,300mg,Tablet,60,416,3286.40,7.9,0.13,"Aurobindo Unit III, India",TRUE,49,"$1,465.71 ",6.44
"11,565",114-UG-T01,Pre-PQ Process,SO-17790,DN-1082,Uganda,PMO - US,From RDC,N/A - From RDC,Air,Pre-PQ Process,N/A - From RDC,03-Mar-09,03-Mar-09,03-Mar-09,ARV,Adult,SCMS from RDC,"Zidovudine 300mg, tablets, 60 Tabs",Zidovudine,Generic,300mg,Tablet,60,50,395.00,7.9,0.13,"Aurobindo Unit III, India",TRUE,3,$978.92 ,0.77
"11,567",110-ZM-T01,Pre-PQ Process,SO-2490,DN-950,Zambia,PMO - US,From RDC,N/A - From RDC,Truck,Pre-PQ Process,N/A - From RDC,21-Oct-08,21-Oct-08,21-Oct-08,ARV,Adult,SCMS from RDC,"Nevirapine 200mg, tablets, 60 Tabs",Nevirapine,Generic,200mg,Tablet,60,"40,454",137543.60,3.4,0.06,"Aurobindo Unit III, India",TRUE,3787,"$4,060.55 ",269.59
"11,568",114-UG-T01,Pre-PQ Process,SO-17770,DN-998,Uganda,PMO - US,From RDC,N/A - From RDC,Truck,Pre-PQ Process,N/A - From RDC,15-Dec-08,15-Dec-08,15-Dec-08,ARV,Adult,SCMS from RDC,"Nevirapine 200mg, tablets, 60 Tabs",Nevirapine,Generic,200mg,Tablet,60,"2,523",8073.60,3.2,0.05,Hetero Unit III Hyderabad IN,TRUE,585,"$5,698.01 ",15.82
"11,569",107-RW-T01,Pre-PQ Process,SO-24620,DN-1117,Rwanda,PMO - US,From RDC,N/A - From RDC,Air,Pre-PQ Process,N/A - From RDC,06-Mar-09,06-Mar-09,06-Mar-09,ARV,Adult,SCMS from RDC,"Lamivudine/Zidovudine 150/300mg, tablets, 60 Tabs",Lamivudine/Zidovudine,Generic,150/300mg,Tablet - FDC,60,"15,000",131400.00,8.76,0.15,"Aurobindo Unit III, India",TRUE,1364,"$21,215.40 ",257.54
"11,570",112-NG-T01,Pre-PQ Process,SO-2729,DN-1008,Nigeria,PMO - US,From RDC,N/A - From RDC,Air,Pre-PQ Process,N/A - From RDC,17-Nov-08,17-Nov-08,17-Nov-08,ARV,Adult,SCMS from RDC,"Stavudine 30mg, capsules, 60 Caps",Stavudine,Generic,30mg,Capsule,60,948,1469.40,1.55,0.03,"Aurobindo Unit III, India",TRUE,127,"$4,984.40 ",2.88
"36,784",116-ZA-T30,FPQ-13035,SCMS-215370,ASN-24415,South Africa,PMO - US,Direct Drop,DDP,Truck,10-08-13,12-02-13,06-Feb-14,06-Feb-14,06-Feb-14,ARV,Pediatric,S. BUYS WHOLESALER,"Efavirenz 200mg, capsule, 90 Caps",Efavirenz,Generic,200mg,Capsule,90,168,3709.29,22.08,0.25,"Aurobindo Unit III, India",FALSE,Weight Captured Separately,Freight Included in Commodity Cost,4.59
"36,868",111-MZ-T30,FPQ-4740,SCMS-62331,ASN-6710,Mozambique,PMO - US,Direct Drop,CIP,Air,12/23/2009,1/25/2010,22-Apr-10,22-Apr-10,22-Apr-10,ARV,Adult,INTERNATIONAL HEALTHCARE DISTRIBUTORS,"Ritonavir 100mg [Norvir], capsules, cool, 84 Caps",Ritonavir,Norvir,100mg,Capsule,84,620,6417.00,10.35,0.12,ABBVIE (Abbott) Logis. UK,TRUE,Weight Captured Separately,Freight Included in Commodity Cost,13.84
"11,573",130-NG-T01,Pre-PQ Process,SO-10650,DN-1009,Nigeria,PMO - US,From RDC,N/A - From RDC,Air,Pre-PQ Process,N/A - From RDC,17-Nov-08,17-Nov-08,17-Nov-08,ARV,Adult,SCMS from RDC,"Nevirapine 200mg, tablets, 60 Tabs",Nevirapine,Generic,200mg,Tablet,60,"2,454",8343.60,3.4,0.06,"Aurobindo Unit III, India",TRUE,231,"$4,401.40 ",16.35
"11,574",130-NG-T01,Pre-PQ Process,SO-17690,DN-1012,Nigeria,PMO - US,From RDC,N/A - From RDC,Air,Pre-PQ Process,N/A - From RDC,26-Nov-08,26-Nov-08,26-Nov-08,ARV,Adult,SCMS from RDC,"Lamivudine/Zidovudine 150/300mg, tablets, 60 Tabs",Lamivudine/Zidovudine,Generic,150/300mg,Tablet - FDC,60,"2,780",25993.00,9.35,0.16,"Aurobindo Unit III, India",TRUE,262,"$2,426.80 ",50.95
"11,577",110-ZM-T01,Pre-PQ Process,SO-2486,DN-912,Zambia,PMO - US,From RDC,N/A - From RDC,Truck,Pre-PQ Process,N/A - From RDC,23-Sep-08,23-Sep-08,23-Sep-08,ARV,Adult,SCMS from RDC,"Lamivudine/Zidovudine 150/300mg, tablets, 60 Tabs",Lamivudine/Zidovudine,Generic,150/300mg,Tablet - FDC,60,"26,402",249498.90,9.45,0.16,"Aurobindo Unit III, India",TRUE,6986,"$6,269.70 ",399.2
"36,880",116-ZA-T30,FPQ-12522,SCMS-199283,ASN-27980,South Africa,PMO - US,Direct Drop,DDP,Truck,07-11-13,8/27/2014,27-Aug-14,27-Aug-14,27-Aug-14,ARV,Adult,S. BUYS WHOLESALER,"Abacavir 300mg, tablets, 60 Tabs",Abacavir,Generic,300mg,Tablet,60,45,3471.61,77.15,1.29,"Aurobindo Unit III, India",FALSE,Weight Captured Separately,Freight Included in Commodity Cost,4.29
"11,579",112-NG-T01,Pre-PQ Process,SO-12780,DN-911,Nigeria,PMO - US,From RDC,N/A - From RDC,Air,Pre-PQ Process,N/A - From RDC,12-Sep-08,12-Sep-08,12-Sep-08,ARV,Adult,SCMS from RDC,"Emtricitabine/Tenofovir Disoproxil Fumarate 200/300mg [Truvada], tablets, 30 Tabs",Emtricitabine/Tenofovir Disoproxil Fumarate,Truvada,300/200mg,Tablet - FDC,30,76,1995.00,26.25,0.88,"Aspen-OSD, Port Elizabeth, SA",TRUE,7,$747.50 ,3.19
"11,581",106-HT-T01,Pre-PQ Process,SO-15970,DN-1022,Haiti,PMO - US,From RDC,N/A - From RDC,Air,Pre-PQ Process,N/A - From RDC,10-Dec-08,10-Dec-08,10-Dec-08,ARV,Pediatric,SCMS from RDC,"Lamivudine 10mg/ml, oral solution, Bottle, 240 ml",Lamivudine,Generic,10mg/ml,Oral solution,240,"1,595",3030.50,1.9,0.01,"Aurobindo Unit III, India",TRUE,598,"$6,338.09 ",5.94
"11,582",110-ZM-T01,Pre-PQ Process,SO-2493,DN-967,Zambia,PMO - US,From RDC,N/A - From RDC,Truck,Pre-PQ Process,N/A - From RDC,07-Nov-08,07-Nov-08,07-Nov-08,ARV,Adult,SCMS from RDC,"Nevirapine 200mg, tablets, 60 Tabs",Nevirapine,Generic,200mg,Tablet,60,"50,000",170000.00,3.4,0.06,Hetero Unit III Hyderabad IN,TRUE,2773,"$2,938.92 ",333.2
"11,583",111-MZ-T01,Pre-PQ Process,SO-15091,DN-989,Mozambique,PMO - US,From RDC,N/A - From RDC,Air,Pre-PQ Process,N/A - From RDC,18-Dec-08,18-Dec-08,18-Dec-08,ARV,Adult,SCMS from RDC,"Lamivudine/Nevirapine/Stavudine 150/200/30mg, tablets, 60 Tabs",Lamivudine/Nevirapine/Stavudine,Generic,150/200/30mg,Tablet - FDC,60,"92,950",669240.00,7.2,0.12,"Strides, Bangalore, India.",TRUE,6883,"$7,534.18 ","1,311.71"
"11,584",102-KE-T01,Pre-PQ Process,SO-11470,DN-991,Kenya,PMO - US,From RDC,N/A - From RDC,Truck,Pre-PQ Process,N/A - From RDC,31-Oct-08,31-Oct-08,31-Oct-08,HRDT,HIV test,SCMS from RDC,"HIV 1/2, Uni-Gold HIV Kit, 20 Tests","HIV 1/2, Uni-Gold HIV Kit",Uni-Gold,,Test kit,20,"1,250",40000.00,32,1.6,"Trinity Biotech, Plc",TRUE,394,$157.50 ,78.4
"11,585",119-NA-T01,Pre-PQ Process,SO-15510,DN-953,Namibia,PMO - US,From RDC,N/A - From RDC,Truck,Pre-PQ Process,N/A - From RDC,30-Oct-08,30-Oct-08,30-Oct-08,ARV,Pediatric,SCMS from RDC,"Lamivudine/Nevirapine/Stavudine 30/50/6mg, dispersible tablets, 60 Tabs",Lamivudine/Nevirapine/Stavudine,Generic,30/50/6mg,Chewable/dispersible tablet - FDC,60,"1,008",2509.92,2.49,0.04,"Cipla, Goa, India",TRUE,303,"$2,989.45 ",4.92
"36,890",116-ZA-T30,FPQ-4770,SCMS-60170,ASN-5933,South Africa,PMO - US,Direct Drop,DDP,Truck,12/17/2009,12/23/2009,29-Dec-09,29-Dec-09,29-Dec-09,ARV,Adult,S. BUYS WHOLESALER,"Tenofovir Disoproxil Fumarate 300mg [Viread], tablets, 30 Tabs",Tenofovir Disoproxil Fumarate,Viread,300mg,Tablet,30,500,14105.11,28.21,0.94,"Aspen-OSD, Port Elizabeth, SA",FALSE,Weight Captured Separately,Freight Included in Commodity Cost,30.41
"11,587",117-ET-T01,Pre-PQ Process,SO-23980,DN-1107,Ethiopia,PMO - US,From RDC,N/A - From RDC,Air,Pre-PQ Process,N/A - From RDC,04-Mar-09,04-Mar-09,04-Mar-09,ARV,Adult,SCMS from RDC,"Lamivudine/Nevirapine/Stavudine 150/200/30mg, tablets, 60 Tabs",Lamivudine/Nevirapine/Stavudine,Generic,150/200/30mg,Tablet - FDC,60,"41,922",298484.64,7.12,0.12,"Strides, Bangalore, India.",TRUE,3190,"$14,732.36 ",585.03
"11,590",104-CI-T01,Pre-PQ Process,SO-11840,DN-947,Côte d'Ivoire,PMO - US,From RDC,N/A - From RDC,Air,Pre-PQ Process,N/A - From RDC,01-Dec-08,01-Dec-08,01-Dec-08,ARV,Pediatric,SCMS from RDC,"Stavudine 1mg/ml, powder for oral solution, 200 ml",Stavudine,Generic,1mg/ml,Oral solution,200,"3,250",4550.00,1.4,0.01,"Aurobindo Unit III, India",TRUE,315,"$6,381.87 ",8.92
"36,892",116-ZA-T30,FPQ-13035,SCMS-215370,ASN-24415,South Africa,PMO - US,Direct Drop,DDP,Truck,10-08-13,12-02-13,06-Feb-14,06-Feb-14,06-Feb-14,ARV,Adult,S. BUYS WHOLESALER,"Lamivudine 150mg [Epivir], tablets, 60 Tabs",Lamivudine,Epivir,150mg,Tablet,60,"3,519",38242.38,10.87,0.18,GSK Cape Town Factory (South Africa),FALSE,Weight Captured Separately,Freight Included in Commodity Cost,47.31
"36,922",116-ZA-T30,FPQ-12522,SCMS-199289,ASN-28037,South Africa,PMO - US,Direct Drop,DDP,Truck,07-11-13,8/29/2014,29-Aug-14,29-Aug-14,29-Aug-14,ARV,Adult,S. BUYS WHOLESALER,"Lopinavir/Ritonavir 200/50mg [Aluvia], tablets, 120 Tabs",Lopinavir/Ritonavir,Aluvia,200/50mg,Tablet,120,87,2241.10,25.76,0.21,ABBVIE Ludwigshafen Germany,FALSE,Weight Captured Separately,Freight Included in Commodity Cost,2.77
"11,593",114-UG-T01,Pre-PQ Process,SO-17440,DN-969,Uganda,PMO - US,From RDC,N/A - From RDC,Air,Pre-PQ Process,N/A - From RDC,04-Nov-08,04-Nov-08,04-Nov-08,ARV,Adult,SCMS from RDC,"Emtricitabine/Tenofovir Disoproxil Fumarate 200/300mg [Truvada], tablets, 30 Tabs",Emtricitabine/Tenofovir Disoproxil Fumarate,Truvada,300/200mg,Tablet - FDC,30,67,1758.75,26.25,0.88,Gilead(Nycomed) Oranienburg DE,TRUE,666,"$4,503 ",3.45
"37,040",116-ZA-T30,FPQ-3596,SCMS-50360,ASN-5454,South Africa,PMO - US,Direct Drop,DDP,Truck,05-07-09,9/22/2009,27-Oct-09,27-Oct-09,27-Oct-09,ARV,Adult,S. BUYS WHOLESALER,"Nevirapine 200mg [Viramune], tablets, 60 Tabs",Nevirapine,Viramune,200mg,Tablet,60,"5,000",101541.09,20.31,0.34,"Boehringer Ing., Koropi, GR",TRUE,Weight Captured Separately,Freight Included in Commodity Cost,199.02
"11,595",110-ZM-T01,Pre-PQ Process,SO-17600,DN-1116,Zambia,PMO - US,From RDC,N/A - From RDC,Air,Pre-PQ Process,N/A - From RDC,17-Mar-09,17-Mar-09,17-Mar-09,ARV,Adult,SCMS from RDC,"Efavirenz 600mg, tablets, 30 Tabs",Efavirenz,Generic,600mg,Tablet,30,"100,000",1100000.00,11,0.37,"Aurobindo Unit III, India",TRUE,8645,"$14,041.17 ","2,156"
"11,596",109-TZ-T01,Pre-PQ Process,SO-1697,DN-893,Tanzania,PMO - US,From RDC,N/A - From RDC,,Pre-PQ Process,N/A - From RDC,15-Sep-08,15-Sep-08,15-Sep-08,ARV,Adult,SCMS from RDC,"Lamivudine/Zidovudine 150/300mg, tablets, 60 Tabs",Lamivudine/Zidovudine,Generic,150/300mg,Tablet - FDC,60,"58,086",551817.00,9.5,0.16,"Aurobindo Unit III, India",TRUE,8343,"$9,001.03 ",882.91
"37,052",116-ZA-T30,FPQ-12522,SCMS-199283,ASN-27979,South Africa,PMO - US,Direct Drop,DDP,Truck,07-11-13,8/27/2014,27-Aug-14,27-Aug-14,27-Aug-14,ARV,Adult,S. BUYS WHOLESALER,"Didanosine 250mg, delayed-release capsules, 30 Caps",Didanosine,Generic,250mg,Delayed-release capsules,30,7,119.16,17.02,0.57,"Aurobindo Unit III, India",FALSE,Weight Captured Separately,Freight Included in Commodity Cost,0.15
"37,068",116-ZA-T30,FPQ-14942,SCMS-259074,ASN-31070,South Africa,PMO - US,Direct Drop,DDP,Truck,09-11-14,03-09-15,09-Mar-15,09-Mar-15,09-Mar-15,ARV,Adult,PHARMACY DIRECT,"Tenofovir Disoproxil Fumarate 300mg, tablets, 30 Tabs",Tenofovir Disoproxil Fumarate,Generic,300mg,Tablet,30,138,1906.70,13.82,0.46,Mylan (formerly Matrix) Nashik,FALSE,Weight Captured Separately,Freight Included in Commodity Cost,1.96
"11,600",111-MZ-T01,Pre-PQ Process,SO-15082,DN-1054,Mozambique,PMO - US,From RDC,N/A - From RDC,Air,Pre-PQ Process,N/A - From RDC,26-Feb-09,26-Feb-09,26-Feb-09,ARV,Adult,SCMS from RDC,"Lamivudine/Nevirapine/Stavudine 150/200/30mg, tablets, 60 Tabs",Lamivudine/Nevirapine/Stavudine,Generic,150/200/30mg,Tablet - FDC,60,"92,933",669117.60,7.2,0.12,"Strides, Bangalore, India.",TRUE,7011,"$7,199.72 ","1,311.47"
"11,601",104-CI-T01,Pre-PQ Process,SO-11831,DN-949,Côte d'Ivoire,PMO - US,From RDC,N/A - From RDC,Air,Pre-PQ Process,N/A - From RDC,01-Dec-08,01-Dec-08,01-Dec-08,ARV,Adult,SCMS from RDC,"Lamivudine/Stavudine 150/30mg, tablets, 60 Tabs",Lamivudine/Stavudine,Generic,150/30mg,Tablet - FDC,60,"21,542",84013.80,3.9,0.06,Mylan (formerly Matrix) Nashik,TRUE,1583,"$6,381.87 ",164.67
"11,602",114-UG-T01,Pre-PQ Process,SO-17700,DN-992,Uganda,PMO - US,From RDC,N/A - From RDC,Air,Pre-PQ Process,N/A - From RDC,09-Jan-09,09-Jan-09,09-Jan-09,ARV,Adult,SCMS from RDC,"Lamivudine/Nevirapine/Stavudine 150/200/30mg, tablets, 60 Tabs",Lamivudine/Nevirapine/Stavudine,Generic,150/200/30mg,Tablet - FDC,60,"1,511",10879.20,7.2,0.12,"Strides, Bangalore, India.",TRUE,205,"$2,202.02 ",21.32
"37,087",116-ZA-T30,FPQ-14942,SCMS-259076,ASN-32524,South Africa,PMO - US,Direct Drop,DDP,Truck,09-11-14,06-02-15,02-Jun-15,02-Jun-15,02-Jun-15,ARV,Adult,PHARMACY DIRECT,"Tenofovir Disoproxil Fumarate 300mg, tablets, 30 Tabs",Tenofovir Disoproxil Fumarate,Generic,300mg,Tablet,30,24,331.60,13.82,0.46,Mylan (formerly Matrix) Nashik,FALSE,Weight Captured Separately,Freight Included in Commodity Cost,0.34
"11,605",114-UG-T01,Pre-PQ Process,SO-10180,DN-898,Uganda,PMO - US,From RDC,N/A - From RDC,Air,Pre-PQ Process,N/A - From RDC,25-Sep-08,25-Sep-08,25-Sep-08,ARV,Pediatric,SCMS from RDC,"Zidovudine 10mg/ml, oral solution, Bottle, 240 ml",Zidovudine,Generic,10mg/ml,Oral solution,240,"14,668",30802.80,2.1,0.01,"Aurobindo Unit III, India",TRUE,5511,"$7,876.44 ",49.28
"11,606",109-TZ-T01,Pre-PQ Process,SO-2563,DN-899,Tanzania,PMO - US,From RDC,N/A - From RDC,Air,Pre-PQ Process,N/A - From RDC,26-Sep-08,26-Sep-08,26-Sep-08,ARV,Adult,SCMS from RDC,"Efavirenz 600mg, tablets, 30 Tabs",Efavirenz,Generic,600mg,Tablet,30,"131,808",1583014.08,12.01,0.4,Mylan (formerly Matrix) Nashik,TRUE,9996,"$8,399.76 ","2,532.82"
"37,334",116-ZA-T30,FPQ-12523,SCMS-199310,ASN-29450,South Africa,PMO - US,Direct Drop,DDP,Truck,07-12-13,8/13/2013,19-Nov-14,19-Nov-14,19-Nov-14,ARV,Adult,S. BUYS WHOLESALER,"Saquinavir 200mg [Invirase], capsules, 270 Caps",Saquinavir,Invirase,200mg,Capsule,270,30,2542.45,84.75,0.31,Roche Madrid,FALSE,Weight Captured Separately,Freight Included in Commodity Cost,3.15
"37,362",116-ZA-T30,FPQ-12522,SCMS-199289,ASN-28034,South Africa,PMO - US,Direct Drop,DDP,Truck,07-11-13,8/29/2014,29-Aug-14,29-Aug-14,29-Aug-14,ARV,Adult,S. BUYS WHOLESALER,"Didanosine 250mg, delayed-release capsules, 30 Caps",Didanosine,Generic,250mg,Delayed-release capsules,30,8,134.55,16.82,0.56,"Aurobindo Unit III, India",FALSE,Weight Captured Separately,Freight Included in Commodity Cost,0.17
"37,410",116-ZA-T30,FPQ-13035,SCMS-215370,ASN-24415,South Africa,PMO - US,Direct Drop,DDP,Truck,10-08-13,12-02-13,06-Feb-14,06-Feb-14,06-Feb-14,ARV,Adult,S. BUYS WHOLESALER,"Abacavir 300mg, tablets, 60 Tabs",Abacavir,Generic,300mg,Tablet,60,97,6627.47,68.32,1.14,"Aurobindo Unit III, India",FALSE,Weight Captured Separately,Freight Included in Commodity Cost,8.2
"11,610",100-PK-T01,Pre-PQ Process,SO-22440,DN-1147,Pakistan,PMO - US,From RDC,N/A - From RDC,Air,Pre-PQ Process,N/A - From RDC,01-Apr-09,01-Apr-09,01-Apr-09,HRDT,HIV test,SCMS from RDC,"HIV 1/2, Uni-Gold HIV Kit, 20 Tests","HIV 1/2, Uni-Gold HIV Kit",Uni-Gold,,Test kit,20,15,540.00,36,1.8,"Trinity Biotech, Plc",TRUE,16,"$1,764.93 ",1.06
"11,612",110-ZM-T01,Pre-PQ Process,SO-2489,DN-865,Zambia,PMO - US,From RDC,N/A - From RDC,Truck,Pre-PQ Process,N/A - From RDC,27-Aug-08,27-Aug-08,27-Aug-08,ARV,Adult,SCMS from RDC,"Nevirapine 200mg, tablets, 60 Tabs",Nevirapine,Generic,200mg,Tablet,60,"44,440",151096.00,3.4,0.06,"Aurobindo Unit III, India",TRUE,8276,"$6,120.06 ",241.75
"11,613",132-NG-T01,Pre-PQ Process,SO-11810,DN-882,Nigeria,PMO - US,From RDC,N/A - From RDC,Air,Pre-PQ Process,N/A - From RDC,24-Aug-08,24-Aug-08,24-Aug-08,ARV,Adult,SCMS from RDC,"Emtricitabine/Tenofovir Disoproxil Fumarate 200/300mg [Truvada], tablets, 30 Tabs",Emtricitabine/Tenofovir Disoproxil Fumarate,Truvada,300/200mg,Tablet - FDC,30,"15,000",393750.00,26.25,0.88,"Aspen-OSD, Port Elizabeth, SA",TRUE,1317,"$8,924.98 ",630
"37,416",116-ZA-T30,FPQ-14942,SCMS-259082,ASN-30448,South Africa,PMO - US,Direct Drop,DDP,Truck,09-11-14,1/29/2015,29-Jan-15,29-Jan-15,29-Jan-15,ARV,Pediatric,PHARMACY DIRECT,"Lopinavir/Ritonavir 80/20mg/ml [Kaletra], oral solution, cool, Bottle 5 x 60 ml",Lopinavir/Ritonavir,Kaletra,80/20mg/ml,Oral solution,300,2,31.89,15.94,0.05,ABBVIE (Abbott) Logis. UK,TRUE,Weight Captured Separately,Freight Included in Commodity Cost,0.03
"37,452",116-ZA-T30,FPQ-14942,SCMS-259075,ASN-32122,South Africa,PMO - US,Direct Drop,DDP,Truck,09-11-14,05-11-15,12-May-15,12-May-15,12-May-15,ARV,Pediatric,PHARMACY DIRECT,"Abacavir 20mg/ml, oral solution, Bottle, 240 ml",Abacavir,Generic,20mg/ml,Oral solution,240,14,247.96,17.71,0.07,"Aurobindo Unit III, India",FALSE,Weight Captured Separately,Freight Included in Commodity Cost,0.25
"11,616",114-UG-T01,Pre-PQ Process,SO-17820,DN-985,Uganda,PMO - US,From RDC,N/A - From RDC,Air,Pre-PQ Process,N/A - From RDC,09-Jan-09,09-Jan-09,09-Jan-09,ARV,Adult,SCMS from RDC,"Lamivudine/Nevirapine/Stavudine 150/200/30mg, tablets, 60 Tabs",Lamivudine/Nevirapine/Stavudine,Generic,150/200/30mg,Tablet - FDC,60,"3,374",24292.80,7.2,0.12,"Strides, Bangalore, India.",TRUE,250,"$2,331.03 ",47.61
"37,487",116-ZA-T30,FPQ-12522,SCMS-199289,ASN-28033,South Africa,PMO - US,Direct Drop,DDP,Truck,07-11-13,8/29/2014,29-Aug-14,29-Aug-14,29-Aug-14,ARV,Pediatric,S. BUYS WHOLESALER,"Lopinavir/Ritonavir 100/25mg [Aluvia], tablets, 60 Tabs",Lopinavir/Ritonavir,Generic,100/25mg,Tablet,60,6,38.64,6.44,0.11,ABBVIE Ludwigshafen Germany,FALSE,Weight Captured Separately,Freight Included in Commodity Cost,0.05
"11,618",117-ET-T01,Pre-PQ Process,SO-22000,DN-1060,Ethiopia,PMO - US,From RDC,N/A - From RDC,Air,Pre-PQ Process,N/A - From RDC,18-Feb-09,18-Feb-09,18-Feb-09,ARV,Adult,SCMS from RDC,"Lamivudine/Nevirapine/Stavudine 150/200/30mg, tablets, 60 Tabs",Lamivudine/Nevirapine/Stavudine,Generic,150/200/30mg,Tablet - FDC,60,"8,258",58796.96,7.12,0.12,"Strides, Bangalore, India.",TRUE,5147,"$29,336.46 ",115.24
"11,619",117-ET-T01,Pre-PQ Process,SO-22040,DN-1110,Ethiopia,PMO - US,From RDC,N/A - From RDC,Air,Pre-PQ Process,N/A - From RDC,04-Mar-09,04-Mar-09,04-Mar-09,ARV,Adult,SCMS from RDC,"Lamivudine/Nevirapine/Zidovudine 150/200/300mg, tablets, 60 Tabs",Lamivudine/Nevirapine/Zidovudine,Generic,150/300/200mg,Tablet - FDC,60,"27,588",325538.40,11.8,0.2,"Aurobindo Unit III, India",TRUE,3146,"$14,538.36 ",638.06
"11,620",112-NG-T01,Pre-PQ Process,SO-20960,DN-1124,Nigeria,PMO - US,From RDC,N/A - From RDC,Air Charter,Pre-PQ Process,N/A - From RDC,19-Mar-09,19-Mar-09,19-Mar-09,ARV,Adult,SCMS from RDC,"Lamivudine/Nevirapine/Stavudine 150/200/30mg, tablets, 60 Tabs",Lamivudine/Nevirapine/Stavudine,Generic,150/200/30mg,Tablet - FDC,60,"11,608",82648.96,7.12,0.12,"Cipla, Goa, India",TRUE,1871,"$11,492.86 ",161.99
"11,622",151-NG-T01,Pre-PQ Process,SO-21781,DN-1130,Nigeria,PMO - US,From RDC,N/A - From RDC,Air,Pre-PQ Process,N/A - From RDC,24-Mar-09,24-Mar-09,24-Mar-09,ARV,Adult,SCMS from RDC,"Emtricitabine/Tenofovir Disoproxil Fumarate 200/300mg [Truvada], tablets, 30 Tabs",Emtricitabine/Tenofovir Disoproxil Fumarate,Truvada,300/200mg,Tablet - FDC,30,143,3753.75,26.25,0.88,"Aspen-OSD, Port Elizabeth, SA",TRUE,14,"$6,443.61 ",7.36
"11,623",151-NG-T01,Pre-PQ Process,SO-21785,DN-1133,Nigeria,PMO - US,From RDC,N/A - From RDC,Air,Pre-PQ Process,N/A - From RDC,24-Mar-09,24-Mar-09,24-Mar-09,ARV,Adult,SCMS from RDC,"Emtricitabine/Tenofovir Disoproxil Fumarate 200/300mg [Truvada], tablets, 30 Tabs",Emtricitabine/Tenofovir Disoproxil Fumarate,Truvada,300/200mg,Tablet - FDC,30,326,8557.50,26.25,0.88,"Aspen-OSD, Port Elizabeth, SA",TRUE,35,"$6,443.61 ",16.77
"11,624",151-NG-T01,Pre-PQ Process,SO-21784,DN-1132,Nigeria,PMO - US,From RDC,N/A - From RDC,Air,Pre-PQ Process,N/A - From RDC,24-Mar-09,24-Mar-09,24-Mar-09,ARV,Adult,SCMS from RDC,"Emtricitabine/Tenofovir Disoproxil Fumarate 200/300mg [Truvada], tablets, 30 Tabs",Emtricitabine/Tenofovir Disoproxil Fumarate,Truvada,300/200mg,Tablet - FDC,30,873,22916.25,26.25,0.88,"Aspen-OSD, Port Elizabeth, SA",TRUE,76,"$6,443.61 ",44.92
"11,626",107-RW-T01,Pre-PQ Process,SO-17230,DN-961,Rwanda,PMO - US,From RDC,N/A - From RDC,Truck,Pre-PQ Process,N/A - From RDC,28-Oct-08,28-Oct-08,28-Oct-08,ARV,Adult,SCMS from RDC,"Nevirapine 200mg, tablets, 60 Tabs",Nevirapine,Generic,200mg,Tablet,60,288,921.60,3.2,0.05,"Aurobindo Unit III, India",TRUE,28,$896.26 ,1.81
"11,627",123-NG-T01,Pre-PQ Process,SO-19380,DN-1050,Nigeria,PMO - US,From RDC,N/A - From RDC,Air,Pre-PQ Process,N/A - From RDC,19-Jan-09,19-Jan-09,19-Jan-09,ARV,Adult,SCMS from RDC,"Emtricitabine/Tenofovir Disoproxil Fumarate 200/300mg [Truvada], tablets, 30 Tabs",Emtricitabine/Tenofovir Disoproxil Fumarate,Truvada,300/200mg,Tablet - FDC,30,"32,696",858270.00,26.25,0.88,"Aspen-OSD, Port Elizabeth, SA",TRUE,2873,"$7,363.73 ","1,682.21"
"37,489",116-ZA-T30,FPQ-3560,SCMS-49640,ASN-5441,South Africa,PMO - US,Direct Drop,DDP,Truck,05-07-09,7/21/2009,30-Sep-09,30-Sep-09,30-Sep-09,ARV,Adult,S. BUYS WHOLESALER,"Efavirenz 600mg, tablets, 30 Tabs",Efavirenz,Generic,600mg,Tablet,30,"2,285",40375.94,17.67,0.59,"Cipla, Goa, India",TRUE,Weight Captured Separately,Freight Included in Commodity Cost,79.14
"11,629",112-NG-T01,Pre-PQ Process,SO-20961,DN-1165,Nigeria,PMO - US,From RDC,N/A - From RDC,Air,Pre-PQ Process,N/A - From RDC,02-Apr-09,02-Apr-09,02-Apr-09,ARV,Adult,SCMS from RDC,"Emtricitabine/Tenofovir Disoproxil Fumarate 200/300mg [Truvada], tablets, 30 Tabs",Emtricitabine/Tenofovir Disoproxil Fumarate,Truvada,300/200mg,Tablet - FDC,30,50,1312.50,26.25,0.88,"Aspen-OSD, Port Elizabeth, SA",TRUE,5,$286.65 ,2.57
"11,630",123-NG-T01,Pre-PQ Process,SO-22832,DN-1184,Nigeria,PMO - US,From RDC,N/A - From RDC,Air,Pre-PQ Process,N/A - From RDC,30-Apr-09,30-Apr-09,30-Apr-09,ARV,Adult,SCMS from RDC,"Nevirapine 200mg, tablets, 60 Tabs",Nevirapine,Generic,200mg,Tablet,60,"5,754",18412.80,3.2,0.05,Hetero Unit III Hyderabad IN,TRUE,318,"$3,515.96 ",36.09
"37,720",116-ZA-T30,FPQ-12522,SCMS-199289,ASN-28036,South Africa,PMO - US,Direct Drop,DDP,Truck,07-11-13,8/29/2014,29-Aug-14,29-Aug-14,29-Aug-14,ARV,Adult,S. BUYS WHOLESALER,"Nevirapine 200mg, tablets, 60 Tabs",Nevirapine,Generic,200mg,Tablet,60,121,2368.94,19.58,0.33,"Aurobindo Unit III, India",FALSE,Weight Captured Separately,Freight Included in Commodity Cost,2.93
"37,775",116-ZA-T30,FPQ-3596,SCMS-50372,ASN-6124,South Africa,PMO - US,Direct Drop,DDP,Truck,05-07-09,9/22/2009,27-Jan-10,27-Jan-10,27-Jan-10,ARV,Adult,S. BUYS WHOLESALER,"Stavudine 30mg, capsules, 60 Caps",Stavudine,Generic,30mg,Capsule,60,"8,000",36968.24,4.62,0.08,"Aurobindo Unit III, India",TRUE,Weight Captured Separately,Freight Included in Commodity Cost,72.46
"11,636",106-HT-T01,Pre-PQ Process,SO-24840,DN-1221,Haiti,PMO - US,From RDC,N/A - From RDC,Air,Pre-PQ Process,N/A - From RDC,22-May-09,22-May-09,22-May-09,ARV,Adult,SCMS from RDC,"Stavudine 30mg, capsules, 60 Caps",Stavudine,Generic,30mg,Capsule,60,"4,860",7241.40,1.49,0.02,"Aurobindo Unit III, India",TRUE,2034,"$23,441.88 ",14.19
"11,637",114-UG-T01,Pre-PQ Process,SO-26161,DN-1226,Uganda,PMO - US,From RDC,N/A - From RDC,Air,Pre-PQ Process,N/A - From RDC,01-Jun-09,01-Jun-09,01-Jun-09,ARV,Adult,SCMS from RDC,"Lamivudine/Zidovudine 150/300mg, tablets, 60 Tabs",Lamivudine/Zidovudine,Generic,150/300mg,Tablet - FDC,60,685,6000.60,8.76,0.15,Mylan (formerly Matrix) Nashik,TRUE,67,"$1,122.87 ",11.76
"11,638",110-ZM-T01,Pre-PQ Process,SO-17611,DN-1228,Zambia,PMO - US,From RDC,N/A - From RDC,Truck,Pre-PQ Process,N/A - From RDC,08-Jun-09,08-Jun-09,08-Jun-09,ARV,Adult,SCMS from RDC,"Efavirenz 600mg, tablets, 30 Tabs",Efavirenz,Generic,600mg,Tablet,30,"28,454",312994.00,11,0.37,"Aurobindo Unit III, India",TRUE,3279,"$8,288.78 ",613.47
"37,820",116-ZA-T30,FPQ-13973,SCMS-238556,ASN-31854,South Africa,PMO - US,Direct Drop,DDP,Truck,4/30/2014,4/28/2015,28-Apr-15,28-Apr-15,28-Apr-15,ARV,Adult,PHARMACY DIRECT,"Tenofovir Disoproxil Fumarate 300mg, tablets, 30 Tabs",Tenofovir Disoproxil Fumarate,Generic,300mg,Tablet,30,60,1147.25,19.12,0.64,Mylan (formerly Matrix) Nashik,FALSE,Weight Captured Separately,Freight Included in Commodity Cost,1.18
"38,021",116-ZA-T30,FPQ-14942,SCMS-259077,ASN-33477,South Africa,PMO - US,Direct Drop,DDP,Truck,09-11-14,10-09-14,24-Jul-15,24-Jul-15,24-Jul-15,ARV,Adult,PHARMACY DIRECT,"Abacavir 300mg, tablets, 60 Tabs",Abacavir,Generic,300mg,Tablet,60,33,1645.14,49.85,0.83,"Aurobindo Unit III, India",FALSE,Weight Captured Separately,Freight Included in Commodity Cost,1.69
"38,095",116-ZA-T30,FPQ-13973,SCMS-238551,ASN-26882,South Africa,PMO - US,Direct Drop,DDP,Truck,4/30/2014,6/25/2014,25-Jun-14,25-Jun-14,25-Jun-14,ARV,Adult,PHARMACY DIRECT,"Didanosine 250mg, delayed-release capsules, 30 Caps",Didanosine,Generic,250mg,Delayed-release capsules,30,5,76.23,15.25,0.51,"Aurobindo Unit III, India",FALSE,Weight Captured Separately,Freight Included in Commodity Cost,0.08
"11,646",114-UG-T01,Pre-PQ Process,SO-30111,DN-1253,Uganda,PMO - US,From RDC,N/A - From RDC,Air,Pre-PQ Process,N/A - From RDC,23-Jun-09,23-Jun-09,23-Jun-09,ARV,Adult,SCMS from RDC,"Lamivudine/Nevirapine/Zidovudine 150/200/300mg, tablets, 60 Tabs",Lamivudine/Nevirapine/Zidovudine,Generic,150/300/200mg,Tablet - FDC,60,"10,371",117710.85,11.35,0.19,Mylan (formerly Matrix) Nashik,TRUE,1273,"$7,493.50 ",230.71
"11,647",153-NG-T01,Pre-PQ Process,SO-31170,DN-1261,Nigeria,PMO - US,From RDC,N/A - From RDC,Air Charter,Pre-PQ Process,N/A - From RDC,16-Jun-09,16-Jun-09,16-Jun-09,ARV,Adult,SCMS from RDC,"Nevirapine 200mg, tablets, 60 Tabs",Nevirapine,Generic,200mg,Tablet,60,24,72.00,3,0.05,"Aurobindo Unit III, India",TRUE,21,"$7,329.83 ",0.14
"11,652",106-HT-T01,Pre-PQ Process,SO-24833,DN-1279,Haiti,PMO - US,From RDC,N/A - From RDC,Air,Pre-PQ Process,N/A - From RDC,18-Jun-09,18-Jun-09,18-Jun-09,ARV,Pediatric,SCMS from RDC,"Nevirapine 10mg/ml, oral suspension, Bottle, 240 ml",Nevirapine,Generic,10mg/ml,Oral suspension,240,"3,035",5827.20,1.92,0.01,"Aurobindo Unit III, India",TRUE,1133,"$7,789.85 ",11.42
"38,243",116-ZA-T30,FPQ-13973,SCMS-238555,ASN-29257,South Africa,PMO - US,Direct Drop,DDP,Truck,4/30/2014,11-04-14,05-Nov-14,05-Nov-14,05-Nov-14,ARV,Adult,PHARMACY DIRECT,"Didanosine 400mg, delayed-release capsules, 30 Caps",Didanosine,Generic,400mg,Delayed-release capsules,30,7,137.73,19.68,0.66,"Aurobindo Unit III, India",FALSE,Weight Captured Separately,Freight Included in Commodity Cost,0.14
"11,654",114-UG-T01,Pre-PQ Process,SO-31450,DN-1282,Uganda,PMO - US,From RDC,N/A - From RDC,Air,Pre-PQ Process,N/A - From RDC,23-Jun-09,23-Jun-09,23-Jun-09,ARV,Adult,SCMS from RDC,"Lamivudine/Zidovudine 150/300mg, tablets, 60 Tabs",Lamivudine/Zidovudine,Generic,150/300mg,Tablet - FDC,60,"6,000",52560.00,8.76,0.15,Mylan (formerly Matrix) Nashik,TRUE,486,"$3,338.35 ",103.02
"38,293",116-ZA-T30,FPQ-13035,SCMS-215370,ASN-24415,South Africa,PMO - US,Direct Drop,DDP,Truck,10-08-13,12-02-13,06-Feb-14,06-Feb-14,06-Feb-14,ARV,Pediatric,S. BUYS WHOLESALER,"Lamivudine 10mg/ml, oral solution w/syringe, Bottle, 240 ml",Lamivudine,Generic,10mg/ml,Oral solution,240,78,522.23,6.7,0.03,"Aurobindo Unit III, India",FALSE,Weight Captured Separately,Freight Included in Commodity Cost,0.65
"38,418",116-ZA-T30,FPQ-14942,SCMS-259075,ASN-32122,South Africa,PMO - US,Direct Drop,DDP,Truck,09-11-14,05-11-15,12-May-15,12-May-15,12-May-15,ARV,Adult,PHARMACY DIRECT,"Lamivudine 150mg, tablets, 60 Tabs",Lamivudine,Generic,150mg,Tablet,60,56,369.98,6.61,0.11,"Aurobindo Unit III, India",FALSE,Weight Captured Separately,Freight Included in Commodity Cost,0.38
"11,657",104-CI-T01,Pre-PQ Process,SO-27550,DN-1308,Côte d'Ivoire,PMO - US,From RDC,N/A - From RDC,Air,Date Not Captured,N/A - From RDC,08-Jul-09,08-Jul-09,08-Jul-09,ARV,Pediatric,SCMS from RDC,"Lamivudine 10mg/ml, oral solution, Bottle, 240 ml",Lamivudine,Generic,10mg/ml,Oral solution,240,"3,500",6650.00,1.9,0.01,"Aurobindo Unit III, India",TRUE,1208,"$4,329.01 ",13.03
"38,507",116-ZA-T30,FPQ-11828,SCMS-183950,ASN-19166,South Africa,South Africa Field Office,Direct Drop,DDP,Truck,3/18/2013,Date Not Captured,16-Apr-13,16-Apr-13,16-Apr-13,ARV,Adult,S. BUYS WHOLESALER,"Zidovudine 300mg [Retrovir], tablets, 60 Tabs",Zidovudine,Retrovir,300mg,Tablet,60,13,242.73,18.67,0.31,GSK Aranda,FALSE,Weight Captured Separately,Freight Included in Commodity Cost,0.3
"11,662",110-ZM-T01,Pre-PQ Process,SO-32490,DN-1328,Zambia,PMO - US,From RDC,N/A - From RDC,Truck,Date Not Captured,N/A - From RDC,04-Sep-09,04-Sep-09,04-Sep-09,ARV,Adult,SCMS from RDC,"Lamivudine/Nevirapine/Stavudine 150/200/30mg, tablets, 60 Tabs",Lamivudine/Nevirapine/Stavudine,Generic,150/200/30mg,Tablet - FDC,60,"40,126",285697.12,7.12,0.12,"Cipla, Goa, India",TRUE,4414,"$4,506.20 ",559.97
"11,663",111-MZ-T01,Pre-PQ Process,SO-26423,DN-1332,Mozambique,PMO - US,From RDC,N/A - From RDC,Truck,Date Not Captured,N/A - From RDC,27-Aug-09,27-Aug-09,27-Aug-09,ARV,Adult,SCMS from RDC,"Lamivudine/Zidovudine 150/300mg, tablets, 60 Tabs",Lamivudine/Zidovudine,Generic,150/300mg,Tablet - FDC,60,"2,484",21759.84,8.76,0.15,"Aurobindo Unit III, India",TRUE,2078,"$2,400.25 ",42.65
"11,664",111-MZ-T01,Pre-PQ Process,SO-32200,DN-1336,Mozambique,PMO - US,From RDC,N/A - From RDC,Air,Date Not Captured,N/A - From RDC,03-Sep-09,03-Sep-09,03-Sep-09,ARV,Adult,SCMS from RDC,"Stavudine 30mg, capsules, 60 Caps",Stavudine,Generic,30mg,Capsule,60,370,551.30,1.49,0.02,"Strides, Bangalore, India.",TRUE,18,$423.89 ,1.08
"11,665",151-NG-T01,Pre-PQ Process,SO-32645,DN-1339,Nigeria,PMO - US,From RDC,N/A - From RDC,Air Charter,Date Not Captured,N/A - From RDC,04-Aug-09,04-Aug-09,04-Aug-09,ARV,Adult,SCMS from RDC,"Lamivudine/Nevirapine/Zidovudine 150/200/300mg, tablets, 60 Tabs",Lamivudine/Nevirapine/Zidovudine,Generic,150/300/200mg,Tablet - FDC,60,"4,501",51311.40,11.4,0.19,"Aurobindo Unit III, India",TRUE,507,"$7,445.80 ",100.57
"11,666",151-NG-T01,Pre-PQ Process,SO-27814,DN-1349,Nigeria,PMO - US,From RDC,N/A - From RDC,Air Charter,Date Not Captured,N/A - From RDC,04-Aug-09,04-Aug-09,04-Aug-09,ARV,Adult,SCMS from RDC,"Emtricitabine/Tenofovir Disoproxil Fumarate 200/300mg [Truvada], tablets, 30 Tabs",Emtricitabine/Tenofovir Disoproxil Fumarate,Truvada,300/200mg,Tablet - FDC,30,873,22916.25,26.25,0.88,"Aspen-OSD, Port Elizabeth, SA",TRUE,76,"$7,445.80 ",44.92
"11,667",151-NG-T01,Pre-PQ Process,SO-27816,DN-1350,Nigeria,PMO - US,From RDC,N/A - From RDC,Air Charter,Date Not Captured,N/A - From RDC,04-Aug-09,04-Aug-09,04-Aug-09,ARV,Adult,SCMS from RDC,"Emtricitabine/Tenofovir Disoproxil Fumarate 200/300mg [Truvada], tablets, 30 Tabs",Emtricitabine/Tenofovir Disoproxil Fumarate,Truvada,300/200mg,Tablet - FDC,30,"149,824",3932880.00,26.25,0.88,"Aspen-OSD, Port Elizabeth, SA",TRUE,13037,"$7,445.80 ","7,708.44"
"11,668",104-CI-T01,Pre-PQ Process,SO-27541,DN-1355,Côte d'Ivoire,PMO - US,From RDC,N/A - From RDC,Air,Date Not Captured,N/A - From RDC,04-Aug-09,04-Aug-09,04-Aug-09,ARV,Adult,SCMS from RDC,"Lamivudine/Zidovudine 150/300mg, tablets, 60 Tabs",Lamivudine/Zidovudine,Generic,150/300mg,Tablet - FDC,60,214,1874.64,8.76,0.15,"Aurobindo Unit III, India",TRUE,19,"$1,133 ",3.67
"11,669",114-UG-T01,Pre-PQ Process,SO-31460,DN-1300,Uganda,PMO - US,From RDC,N/A - From RDC,Air,Date Not Captured,N/A - From RDC,15-Sep-09,15-Sep-09,15-Sep-09,ARV,Adult,SCMS from RDC,"Emtricitabine/Tenofovir Disoproxil Fumarate 200/300mg [Truvada], tablets, 30 Tabs",Emtricitabine/Tenofovir Disoproxil Fumarate,Truvada,300/200mg,Tablet - FDC,30,"1,201",31526.25,26.25,0.88,"Aspen-OSD, Port Elizabeth, SA",TRUE,327,"$2,737.97 ",61.79
"11,670",106-HT-T01,Pre-PQ Process,SO-32740,DN-1371,Haiti,PMO - US,From RDC,N/A - From RDC,Air,Date Not Captured,N/A - From RDC,31-Jul-09,31-Jul-09,31-Jul-09,ARV,Pediatric,SCMS from RDC,"Stavudine 1mg/ml, powder for oral solution, 200 ml",Stavudine,Generic,1mg/ml,Oral solution,200,400,560.00,1.4,0.01,"Aurobindo Unit III, India",TRUE,39,"$6,811.39 ",1.1
"38,573",116-ZA-T30,FPQ-5535,SCMS-71490,ASN-7428,South Africa,PMO - US,Direct Drop,DDP,Truck,4/19/2010,4/21/2010,11-Jun-10,11-Jun-10,11-Jun-10,ARV,Adult,S. BUYS WHOLESALER,"Ritonavir 100mg [Norvir], capsules, cool, 84 Caps",Ritonavir,Norvir,100mg,Capsule,84,30,330.11,11,0.13,ABBVIE (Abbott) Logis. UK,FALSE,Weight Captured Separately,Freight Included in Commodity Cost,0.71
"11,673",110-ZM-T01,Pre-PQ Process,SO-29040,DN-1386,Zambia,PMO - US,From RDC,N/A - From RDC,Truck,Date Not Captured,N/A - From RDC,15-Sep-09,15-Sep-09,15-Sep-09,ARV,Adult,SCMS from RDC,"Efavirenz 600mg, tablets, 30 Tabs",Efavirenz,Generic,600mg,Tablet,30,"120,000",960000.00,8,0.27,"Aurobindo Unit III, India",TRUE,20144,"$8,281.69 ","1,881.60"
"11,674",104-CI-T01,Pre-PQ Process,SO-32830,DN-1387,Côte d'Ivoire,PMO - US,From RDC,N/A - From RDC,Air,Date Not Captured,N/A - From RDC,25-Aug-09,25-Aug-09,25-Aug-09,ARV,Pediatric,SCMS from RDC,"Nevirapine 10mg/ml, oral suspension, Bottle, 240 ml",Nevirapine,Generic,10mg/ml,Oral suspension,240,"2,917",5600.64,1.92,0.01,"Aurobindo Unit III, India",TRUE,1348,"$5,233.52 ",10.98
"38,600",116-ZA-T30,FPQ-12522,SCMS-199289,ASN-28036,South Africa,PMO - US,Direct Drop,DDP,Truck,07-11-13,8/29/2014,29-Aug-14,29-Aug-14,29-Aug-14,ARV,Adult,S. BUYS WHOLESALER,"Abacavir 300mg, tablets, 60 Tabs",Abacavir,Generic,300mg,Tablet,60,118,8980.79,76.11,1.27,"Aurobindo Unit III, India",FALSE,Weight Captured Separately,Freight Included in Commodity Cost,11.11
"11,677",110-ZM-T01,Pre-PQ Process,SO-32500,DN-1394,Zambia,PMO - US,From RDC,N/A - From RDC,Truck,Date Not Captured,N/A - From RDC,21-Aug-09,21-Aug-09,21-Aug-09,ARV,Adult,SCMS from RDC,"Lamivudine/Nevirapine/Stavudine 150/200/30mg, tablets, 60 Tabs",Lamivudine/Nevirapine/Stavudine,Generic,150/200/30mg,Tablet - FDC,60,"2,393",17038.16,7.12,0.12,"Cipla, Goa, India",TRUE,256,"$2,014.86 ",33.39
"11,678",114-UG-T01,Pre-PQ Process,SO-32920,DN-1397,Uganda,PMO - US,From RDC,N/A - From RDC,Air,Date Not Captured,N/A - From RDC,24-Aug-09,24-Aug-09,24-Aug-09,ARV,Adult,SCMS from RDC,"Nevirapine 200mg, tablets, 60 Tabs",Nevirapine,Generic,200mg,Tablet,60,"4,564",13235.60,2.9,0.05,"Aurobindo Unit III, India",TRUE,847,"$4,999.48 ",25.94
"11,679",104-CI-T01,Pre-PQ Process,SO-32240,DN-1398,Côte d'Ivoire,PMO - US,From RDC,N/A - From RDC,Air,Date Not Captured,N/A - From RDC,08-Sep-09,08-Sep-09,08-Sep-09,ARV,Adult,SCMS from RDC,"Efavirenz 600mg, tablets, 30 Tabs",Efavirenz,Generic,600mg,Tablet,30,"15,000",102750.00,6.85,0.23,"Aurobindo Unit III, India",TRUE,1582,"$6,037.19 ",201.39
"11,680",114-UG-T01,Pre-PQ Process,SO-32150,DN-1418,Uganda,PMO - US,From RDC,N/A - From RDC,Air,Date Not Captured,N/A - From RDC,11-Sep-09,11-Sep-09,11-Sep-09,ARV,Adult,SCMS from RDC,"Lamivudine/Zidovudine 150/300mg, tablets, 60 Tabs",Lamivudine/Zidovudine,Generic,150/300mg,Tablet - FDC,60,"13,000",113880.00,8.76,0.15,Mylan (formerly Matrix) Nashik,TRUE,1051,"$6,575.70 ",223.2
"11,681",110-ZM-T01,Pre-PQ Process,SO-29030,DN-1407,Zambia,PMO - US,From RDC,N/A - From RDC,Truck,Date Not Captured,N/A - From RDC,19-Oct-09,19-Oct-09,19-Oct-09,ARV,Adult,SCMS from RDC,"Nevirapine 200mg, tablets, 60 Tabs",Nevirapine,Generic,200mg,Tablet,60,"84,282",252846.00,3,0.05,"Aurobindo Unit III, India",TRUE,13680,"$16,339.98 ",495.58
"11,682",104-CI-T01,Pre-PQ Process,SO-33220,DN-1422,Côte d'Ivoire,PMO - US,From RDC,N/A - From RDC,Air,Date Not Captured,N/A - From RDC,16-Sep-09,16-Sep-09,16-Sep-09,ARV,Pediatric,SCMS from RDC,"Zidovudine 10mg/ml, oral solution, Bottle, 240 ml",Zidovudine,Generic,10mg/ml,Oral solution,240,"5,527",11606.70,2.1,0.01,"Aurobindo Unit III, India",TRUE,5317,"$11,005.67 ",22.75
"11,683",104-CI-T01,Pre-PQ Process,SO-33230,DN-1427,Côte d'Ivoire,PMO - US,From RDC,N/A - From RDC,Air,Date Not Captured,N/A - From RDC,25-Sep-09,25-Sep-09,25-Sep-09,ARV,Adult,SCMS from RDC,"Lamivudine 150mg, tablets, 60 Tabs",Lamivudine,Generic,150mg,Tablet,60,"4,400",10736.00,2.44,0.04,"Aurobindo Unit III, India",TRUE,640,"$5,678.70 ",21.04
"11,684",151-NG-T01,Pre-PQ Process,SO-33335,DN-1436,Nigeria,PMO - US,From RDC,N/A - From RDC,Air Charter,Date Not Captured,N/A - From RDC,20-Oct-09,20-Oct-09,20-Oct-09,ARV,Adult,SCMS from RDC,"Lamivudine/Nevirapine/Zidovudine 150/200/300mg, tablets, 60 Tabs",Lamivudine/Nevirapine/Zidovudine,Generic,150/300/200mg,Tablet - FDC,60,"5,060",57684.00,11.4,0.19,"Aurobindo Unit III, India",TRUE,570,"$9,341.49 ",113.06
"11,685",151-NG-T01,Pre-PQ Process,SO-27825,DN-1444,Nigeria,PMO - US,From RDC,N/A - From RDC,Air Charter,Date Not Captured,N/A - From RDC,20-Oct-09,20-Oct-09,20-Oct-09,ARV,Adult,SCMS from RDC,"Emtricitabine/Tenofovir Disoproxil Fumarate 200/300mg, tablets, 30 Tabs",Emtricitabine/Tenofovir Disoproxil Fumarate,Generic,200/300mg,Tablet - FDC,30,243,2855.25,11.75,0.39,Mylan (formerly Matrix) Nashik,TRUE,22,"$9,341.49 ",5.6
"11,687",111-MZ-T01,Pre-PQ Process,SO-26424,DN-1457,Mozambique,PMO - US,From RDC,N/A - From RDC,Truck,Date Not Captured,N/A - From RDC,07-Oct-09,07-Oct-09,07-Oct-09,ARV,Adult,SCMS from RDC,"Lamivudine/Zidovudine 150/300mg, tablets, 60 Tabs",Lamivudine/Zidovudine,Generic,150/300mg,Tablet - FDC,60,"9,288",81362.88,8.76,0.15,"Aurobindo Unit III, India",TRUE,979,"$1,588.06 ",159.47
"11,688",111-MZ-T01,Pre-PQ Process,SO-33580,DN-1467,Mozambique,PMO - US,From RDC,N/A - From RDC,Air,Date Not Captured,N/A - From RDC,07-Nov-09,07-Nov-09,07-Nov-09,ARV,Adult,SCMS from RDC,"Lamivudine/Zidovudine 150/300mg, tablets, 60 Tabs",Lamivudine/Zidovudine,Generic,150/300mg,Tablet - FDC,60,"16,524",144750.24,8.76,0.15,"Aurobindo Unit III, India",TRUE,1488,"$4,764.16 ",283.71
"11,689",114-UG-T01,Pre-PQ Process,SO-33000,DN-1468,Uganda,PMO - US,From RDC,N/A - From RDC,Air,Date Not Captured,N/A - From RDC,12-Oct-09,12-Oct-09,12-Oct-09,ARV,Adult,SCMS from RDC,"Lamivudine/Nevirapine/Zidovudine 150/200/300mg, tablets, 60 Tabs",Lamivudine/Nevirapine/Zidovudine,Generic,150/300/200mg,Tablet - FDC,60,350,3972.50,11.35,0.19,"Aurobindo Unit III, India",TRUE,45,$749.25 ,7.79
"11,740",109-TZ-T01,Pre-PQ Process,SO-757,DN-237,Tanzania,PMO - US,From RDC,N/A - From RDC,,Pre-PQ Process,N/A - From RDC,19-Jul-07,19-Jul-07,19-Jul-07,HRDT,HIV test,SCMS from RDC,"HIV 1/2, Capillus HIV Kit, 100 Tests","HIV 1/2, Capillus HIV Kit",Capillus,,Test kit,100,300,41700.00,139,1.39,"Trinity Biotech, Plc",TRUE,176,"$2,102 ",66.72
"38,914",116-ZA-T30,FPQ-5381,SCMS-69590,ASN-6724,South Africa,PMO - US,Direct Drop,DDP,Truck,3/23/2010,3/25/2010,01-Apr-10,01-Apr-10,01-Apr-10,ARV,Adult,S. BUYS WHOLESALER,"Emtricitabine/Tenofovir Disoproxil Fumarate 200/300mg [Truvada], tablets, 30 Tabs",Emtricitabine/Tenofovir Disoproxil Fumarate,Truvada,300/200mg,Tablet - FDC,30,240,11495.46,47.9,1.6,"Aspen-OSD, Port Elizabeth, SA",TRUE,Weight Captured Separately,Freight Included in Commodity Cost,24.78
"11,691",117-ET-T01,Pre-PQ Process,SO-33750,DN-1484,Ethiopia,PMO - US,From RDC,N/A - From RDC,Air,Date Not Captured,N/A - From RDC,20-Oct-09,20-Oct-09,20-Oct-09,ARV,Pediatric,SCMS from RDC,"Abacavir 20mg/ml, oral solution, Bottle, 240 ml",Abacavir,Generic,20mg/ml,Oral solution,240,100,1464.00,14.64,0.06,"Aurobindo Unit III, India",TRUE,18,$523.45 ,3.16
"11,692",151-NG-T01,Pre-PQ Process,SO-33333,DN-1483,Nigeria,PMO - US,From RDC,N/A - From RDC,Air,Date Not Captured,N/A - From RDC,18-Dec-09,18-Dec-09,18-Dec-09,ARV,Adult,SCMS from RDC,"Lamivudine/Nevirapine/Zidovudine 150/200/300mg, tablets, 60 Tabs",Lamivudine/Nevirapine/Zidovudine,Generic,150/300/200mg,Tablet - FDC,60,"60,840",693576.00,11.4,0.19,Mylan (formerly Matrix) Nashik,TRUE,7663,"$33,279.39 ","1,495.35"
"38,951",116-ZA-T30,FPQ-14942,SCMS-259079,ASN-33852,South Africa,PMO - US,Direct Drop,DDP,Truck,09-11-14,10-09-14,24-Aug-15,24-Aug-15,24-Aug-15,ARV,Adult,PHARMACY DIRECT,"Didanosine 400mg, delayed-release capsules, 30 Caps",Didanosine,Generic,400mg,Delayed-release capsules,30,9,137.45,15.27,0.51,"Aurobindo Unit III, India",FALSE,Weight Captured Separately,Freight Included in Commodity Cost,0.14
"39,017",116-ZA-T30,FPQ-12522,SCMS-199289,ASN-28037,South Africa,PMO - US,Direct Drop,DDP,Truck,07-11-13,8/29/2014,29-Aug-14,29-Aug-14,29-Aug-14,ARV,Pediatric,S. BUYS WHOLESALER,"Lamivudine 10mg/ml, oral solution w/syringe, Bottle, 240 ml",Lamivudine,Generic,10mg/ml,Oral solution,240,31,244.58,7.89,0.03,"Aurobindo Unit III, India",FALSE,Weight Captured Separately,Freight Included in Commodity Cost,0.3
"11,695",110-ZM-T01,Pre-PQ Process,SO-33620,DN-1496,Zambia,PMO - US,From RDC,N/A - From RDC,Truck,Date Not Captured,N/A - From RDC,29-Oct-09,29-Oct-09,29-Oct-09,ARV,Adult,SCMS from RDC,"Lamivudine/Zidovudine 150/300mg, tablets, 60 Tabs",Lamivudine/Zidovudine,Generic,150/300mg,Tablet - FDC,60,"31,240",273662.40,8.76,0.15,"Aurobindo Unit III, India",TRUE,2832,"$4,897.42 ",590.02
"11,697",117-ET-T01,Pre-PQ Process,SO-34570,DN-1558,Ethiopia,PMO - US,From RDC,N/A - From RDC,Air,Date Not Captured,N/A - From RDC,26-Nov-09,26-Nov-09,26-Nov-09,ARV,Adult,SCMS from RDC,"Nevirapine 200mg, tablets, 60 Tabs",Nevirapine,Generic,200mg,Tablet,60,"6,661",19316.90,2.9,0.05,"Aurobindo Unit III, India",TRUE,778,"$4,702.02 ",41.65
"39,065",116-ZA-T30,FPQ-13973,SCMS-238553,ASN-28021,South Africa,PMO - US,Direct Drop,DDP,Truck,4/30/2014,8/28/2014,28-Aug-14,28-Aug-14,28-Aug-14,ARV,Adult,PHARMACY DIRECT,"Nevirapine 200mg, tablets, 60 Tabs",Nevirapine,Generic,200mg,Tablet,60,27,479.17,17.75,0.3,"Aurobindo Unit III, India",FALSE,Weight Captured Separately,Freight Included in Commodity Cost,0.49
"39,105",116-ZA-T30,FPQ-12522,SCMS-199288,ASN-27196,South Africa,PMO - US,Direct Drop,DDP,Truck,07-11-13,07-10-14,10-Jul-14,10-Jul-14,10-Jul-14,ARV,Pediatric,S. BUYS WHOLESALER,"Lopinavir/Ritonavir 80/20mg/ml [Kaletra], oral solution, cool, Bottle 5 x 60 ml",Lopinavir/Ritonavir,Kaletra,80/20mg/ml,Oral solution,300,5,117.26,23.45,0.08,ABBVIE (Abbott) Logis. UK,TRUE,Weight Captured Separately,Freight Included in Commodity Cost,0.15
"11,706",102-GY-T01,Pre-PQ Process,SO-387,DN-42,Guyana,PMO - US,From RDC,N/A - From RDC,Air,Pre-PQ Process,N/A - From RDC,08-Mar-07,08-Mar-07,08-Mar-07,HRDT,HIV test,SCMS from RDC,"HIV 1/2, Determine Complete HIV Kit, 100 Tests","HIV 1/2, Determine Complete HIV Kit",Determine,,Test kit,100,210,16800.00,80,0.8,ABBVIE GmbH & Co.KG Wiesbaden,TRUE,60,"$6,012 ",
"11,707",110-ZM-T01,Pre-PQ Process,SO-355,DN-87,Zambia,PMO - US,From RDC,N/A - From RDC,,Pre-PQ Process,N/A - From RDC,03-May-07,03-May-07,03-May-07,HRDT,HIV test,SCMS from RDC,"HIV 1/2, Uni-Gold HIV Kit, 20 Tests","HIV 1/2, Uni-Gold HIV Kit",Uni-Gold,,Test kit,20,"3,500",112000.00,32,1.6,"Trinity Biotech, Plc",TRUE,1109,"$9,437.24 ",
"11,708",111-MZ-T01,Pre-PQ Process,SO-458,DN-90,Mozambique,PMO - US,From RDC,N/A - From RDC,Air,Pre-PQ Process,N/A - From RDC,04-May-07,04-May-07,04-May-07,ARV,Adult,SCMS from RDC,"Zidovudine 300mg, tablets, 60 Tabs",Zidovudine,Generic,300mg,Tablet,60,"4,000",34080.00,8.52,0.14,"Ranbaxy, Paonta Shahib, India",TRUE,Weight Captured Separately,$596.40 ,
"39,226",116-ZA-T30,FPQ-14942,SCMS-259074,ASN-31070,South Africa,PMO - US,Direct Drop,DDP,Truck,09-11-14,03-09-15,09-Mar-15,09-Mar-15,09-Mar-15,ARV,Adult,PHARMACY DIRECT,"Abacavir 300mg, tablets, 60 Tabs",Abacavir,Generic,300mg,Tablet,60,5,249.26,49.85,0.83,"Aurobindo Unit III, India",FALSE,Weight Captured Separately,Freight Included in Commodity Cost,0.26
"11,710",112-NG-T01,Pre-PQ Process,SO-342,DN-94,Nigeria,PMO - US,From RDC,N/A - From RDC,,Pre-PQ Process,N/A - From RDC,17-Apr-07,17-Apr-07,17-Apr-07,ARV,Adult,SCMS from RDC,"Lamivudine/Zidovudine+Nevirapine 150/300+200mg, tablets, co-blister, 60+60 Tabs",Lamivudine/Zidovudine+Nevirapine,Generic,150/300+200mg,Tablet - FDC + co-blister,120,"2,703",55411.50,20.5,0.17,"Aspen-OSD, Port Elizabeth, SA",TRUE,401,"$2,208 ",
"11,711",100-HT-T01,Pre-PQ Process,SO-419,DN-111,Haiti,PMO - US,From RDC,N/A - From RDC,,Pre-PQ Process,N/A - From RDC,11-May-07,11-May-07,11-May-07,HRDT,HIV test,SCMS from RDC,"HIV 1/2, OraQuick Advance HIV Rapid Antibody Kit, 100 Tests","HIV 1/2, OraQuick Advance HIV Rapid Antibody Kit",OraQuick,,Test kit,100,10,4000.00,400,4,"Pacific Biotech, Thailand",TRUE,24,"$1,027 ",
"11,712",100-HT-T01,Pre-PQ Process,SO-504,DN-112,Haiti,PMO - US,From RDC,N/A - From RDC,Air,Pre-PQ Process,N/A - From RDC,08-May-07,08-May-07,08-May-07,HRDT,HIV test,SCMS from RDC,"HIV 1/2, OraQuick Advance HIV Rapid Antibody Kit, 100 Tests","HIV 1/2, OraQuick Advance HIV Rapid Antibody Kit",OraQuick,,Test kit,100,15,6000.00,400,4,"Pacific Biotech, Thailand",TRUE,Weight Captured Separately,$977.64 ,
"11,713",100-CI-T01,Pre-PQ Process,SO-391,DN-52,Côte d'Ivoire,PMO - US,From RDC,N/A - From RDC,,Pre-PQ Process,N/A - From RDC,04-May-07,04-May-07,04-May-07,ARV,Adult,SCMS from RDC,"Efavirenz 600mg, tablets, 30 Tabs",Efavirenz,Generic,600mg,Tablet,30,"10,000",162500.00,16.25,0.54,"Aurobindo Unit III, India",TRUE,910,"$3,026 ",
"39,452",116-ZA-T30,FPQ-15950,SCMS-277983,ASN-33453,South Africa,PMO - US,Direct Drop,DDP,Truck,2/20/2015,2/24/2015,23-Jul-15,23-Jul-15,23-Jul-15,ARV,Pediatric,PHARMACY DIRECT,"Ritonavir 80mg/ml [Norvir], oral solution, cool, Bottle, 90 ml",Ritonavir,Norvir,80mg/ml,Oral solution,90,12,59.62,4.97,0.06,ABBVIE (Abbott) France,TRUE,Weight Captured Separately,Freight Included in Commodity Cost,0.07
"11,715",102-GY-T01,Pre-PQ Process,SO-509,DN-128,Guyana,PMO - US,From RDC,N/A - From RDC,,Pre-PQ Process,N/A - From RDC,07-Jun-07,07-Jun-07,07-Jun-07,HRDT,HIV test,SCMS from RDC,"HIV 1/2, Determine Complete HIV Kit, 100 Tests","HIV 1/2, Determine Complete HIV Kit",Determine,,Test kit,100,100,8000.00,80,0.8,ABBVIE GmbH & Co.KG Wiesbaden,TRUE,32,$944.67 ,
"11,716",102-NG-T01,Pre-PQ Process,SO-473,DN-116,Nigeria,PMO - US,From RDC,N/A - From RDC,,Pre-PQ Process,N/A - From RDC,30-Apr-07,30-Apr-07,30-Apr-07,HRDT,HIV test,SCMS from RDC,"HIV 1/2, Stat-Pak HIV, Kit, 20 Tests","HIV 1/2, Stat-Pak HIV, Kit",Stat-Pak,,Test kit,20,"5,250",141750.00,27,1.35,Chembio Diagnostics Sys. Inc.,TRUE,1699,"$8,526.94 ",
"11,718",100-CI-T01,Pre-PQ Process,SO-439,DN-86,Côte d'Ivoire,PMO - US,From RDC,N/A - From RDC,,Pre-PQ Process,N/A - From RDC,30-Apr-07,30-Apr-07,30-Apr-07,ARV,Adult,SCMS from RDC,"Lamivudine/Nevirapine/Stavudine 150/200/30mg, tablets, 60 Tabs",Lamivudine/Nevirapine/Stavudine,Generic,150/200/30mg,Tablet - FDC,60,"9,000",67500.00,7.5,0.12,"Cipla, Goa, India",TRUE,992,"$3,205 ",
"39,509",116-ZA-T30,FPQ-12522,SCMS-199280,ASN-24433,South Africa,PMO - US,Direct Drop,DDP,Truck,07-11-13,8/13/2013,07-Feb-14,07-Feb-14,07-Feb-14,ARV,Adult,S. BUYS WHOLESALER,"Didanosine 400mg, delayed-release capsules, 30 Caps",Didanosine,Generic,400mg,Delayed-release capsules,30,10,217.06,21.71,0.72,"Aurobindo Unit III, India",FALSE,Weight Captured Separately,Freight Included in Commodity Cost,0.27
"11,721",100-CI-T01,Pre-PQ Process,SO-393,DN-62,Côte d'Ivoire,PMO - US,From RDC,N/A - From RDC,,Pre-PQ Process,N/A - From RDC,04-May-07,04-May-07,04-May-07,ARV,Adult,SCMS from RDC,"Lamivudine/Zidovudine 150/300mg, tablets, 60 Tabs",Lamivudine/Zidovudine,Generic,150/300mg,Tablet - FDC,60,"10,000",102500.00,10.25,0.17,"Aurobindo Unit III, India",TRUE,963,"$3,142 ",
"11,722",100-CI-T01,Pre-PQ Process,SO-440,DN-79,Côte d'Ivoire,PMO - US,From RDC,N/A - From RDC,,Pre-PQ Process,N/A - From RDC,30-Apr-07,30-Apr-07,30-Apr-07,ARV,Adult,SCMS from RDC,"Lamivudine/Nevirapine/Stavudine 150/200/30mg, tablets, 60 Tabs",Lamivudine/Nevirapine/Stavudine,Generic,150/200/30mg,Tablet - FDC,60,"1,000",7500.00,7.5,0.12,"Cipla, Goa, India",TRUE,104,"$1,458 ",
"11,723",100-CI-T01,Pre-PQ Process,SO-435,DN-81,Côte d'Ivoire,PMO - US,From RDC,N/A - From RDC,,Pre-PQ Process,N/A - From RDC,30-Apr-07,30-Apr-07,30-Apr-07,ARV,Adult,SCMS from RDC,"Lamivudine/Nevirapine/Stavudine 150/200/30mg, tablets, 60 Tabs",Lamivudine/Nevirapine/Stavudine,Generic,150/200/30mg,Tablet - FDC,60,"9,000",67500.00,7.5,0.12,"Cipla, Goa, India",TRUE,969,"$3,155 ",
"39,575",116-ZA-T30,FPQ-4359,SCMS-54980,ASN-5373,South Africa,PMO - US,Direct Drop,DDP,Truck,10-08-09,10/15/2009,19-Oct-09,19-Oct-09,19-Oct-09,ARV,Adult,S. BUYS WHOLESALER,"Efavirenz 600mg, tablets, 30 Tabs",Efavirenz,Generic,600mg,Tablet,30,600,11761.67,19.6,0.65,"Cipla, Goa, India",FALSE,Weight Captured Separately,Freight Included in Commodity Cost,23.05
"11,725",110-ZM-T01,Pre-PQ Process,SO-615,DN-201,Zambia,PMO - US,From RDC,N/A - From RDC,Air,Pre-PQ Process,N/A - From RDC,26-Jun-07,26-Jun-07,26-Jun-07,ARV,Pediatric,SCMS from RDC,"Efavirenz 200mg, capsule, 90 Caps",Efavirenz,Generic,200mg,Capsule,90,"3,436",58240.20,16.95,0.19,"Aurobindo Unit III, India",TRUE,395,"$1,848.37 ",93.18
"39,658",116-ZA-T30,FPQ-14942,SCMS-259079,ASN-33854,South Africa,PMO - US,Direct Drop,DDP,Truck,09-11-14,10-09-14,24-Aug-15,24-Aug-15,24-Aug-15,ARV,Adult,PHARMACY DIRECT,"Darunavir 600mg [Prezista], tablets, 60 Tabs",Darunavir,Prezista,600mg,Tablet,60,3,151.99,50.66,0.84,"Janssen-Cilag, Latina, IT",FALSE,Weight Captured Separately,Freight Included in Commodity Cost,0.16
"11,732",109-TZ-T01,Pre-PQ Process,SO-632,DN-169,Tanzania,PMO - US,From RDC,N/A - From RDC,Air,Pre-PQ Process,N/A - From RDC,06-Jul-07,06-Jul-07,06-Jul-07,ARV,Adult,SCMS from RDC,"Efavirenz 600mg, tablets, 30 Tabs",Efavirenz,Generic,600mg,Tablet,30,"28,665",466092.90,16.26,0.54,"Aurobindo Unit III, India",TRUE,2515,"$6,834 ",
"11,733",112-NG-T01,Pre-PQ Process,SO-555,DN-180,Nigeria,PMO - US,From RDC,N/A - From RDC,,Pre-PQ Process,N/A - From RDC,26-Jun-07,26-Jun-07,26-Jun-07,ARV,Adult,SCMS from RDC,"Lamivudine/Nevirapine/Stavudine 150/200/40mg, tablets, 60 Tabs",Lamivudine/Nevirapine/Stavudine,Generic,150/200/40mg,Tablet - FDC,60,"1,370",10549.00,7.7,0.13,"Cipla, Goa, India",TRUE,142,"$1,489.52 ",
"39,823",116-ZA-T30,FPQ-15269,SCMS-267020,ASN-29764,South Africa,PMO - US,Direct Drop,DDP,Truck,10/29/2014,12-10-14,10-Dec-14,10-Dec-14,10-Dec-14,ARV,Adult,S. BUYS WHOLESALER,"Lamivudine/Zidovudine 150/300mg, tablets, 60 Tabs",Lamivudine/Zidovudine,Generic,150/300mg,Tablet - FDC,60,225,5964.40,26.51,0.44,"Cipla, Goa, India",FALSE,Weight Captured Separately,Freight Included in Commodity Cost,7.02
"11,737",120-AO-T01,Pre-PQ Process,SO-779,DN-249,Angola,PMO - US,From RDC,N/A - From RDC,Truck,Pre-PQ Process,N/A - From RDC,15-Oct-07,15-Oct-07,15-Oct-07,HRDT,HIV test,SCMS from RDC,"HIV 1/2, Uni-Gold HIV Kit, 20 Tests","HIV 1/2, Uni-Gold HIV Kit",Uni-Gold,,Test kit,20,150,4800.00,32,1.6,"Trinity Biotech, Plc",TRUE,54,$952.04 ,7.68
"11,738",100-ZW-T01,Pre-PQ Process,SO-720,DN-269,Zimbabwe,PMO - US,From RDC,N/A - From RDC,Truck,Pre-PQ Process,N/A - From RDC,17-Aug-07,17-Aug-07,17-Aug-07,ARV,Adult,SCMS from RDC,"Lamivudine/Stavudine 150/30mg, tablets, 30 Tabs",Lamivudine/Stavudine,Generic,150/30mg,Tablet - FDC,30,"6,400",12800.00,2,0.07,"Cipla, Goa, India",TRUE,570,"$5,348 ",20.48
"40,044",116-ZA-T30,FPQ-12523,SCMS-199310,ASN-29450,South Africa,PMO - US,Direct Drop,DDP,Truck,07-12-13,8/13/2013,19-Nov-14,19-Nov-14,19-Nov-14,ARV,Adult,S. BUYS WHOLESALER,"Etravirine 100mg [Intelence], tablets, 120 Tabs",Etravirine,Intelence,100mg,Tablet,120,39,1523.85,39.07,0.33,"Janssen-Cilag, Latina, IT",FALSE,Weight Captured Separately,Freight Included in Commodity Cost,1.89
"11,741",109-TZ-T01,Pre-PQ Process,SO-769,DN-275,Tanzania,PMO - US,From RDC,N/A - From RDC,Air,Pre-PQ Process,N/A - From RDC,22-Aug-07,22-Aug-07,22-Aug-07,ARV,Adult,SCMS from RDC,"Nevirapine 200mg, tablets, 60 Tabs",Nevirapine,Generic,200mg,Tablet,60,"11,807",42150.99,3.57,0.06,"Aurobindo Unit III, India",TRUE,1802,"$3,267 ",67.44
"11,742",109-TZ-T01,Pre-PQ Process,SO-307,DN-276,Tanzania,PMO - US,From RDC,N/A - From RDC,Air,Pre-PQ Process,N/A - From RDC,22-Aug-07,22-Aug-07,22-Aug-07,HRDT,HIV test,SCMS from RDC,"HIV 1/2, Uni-Gold HIV Kit, 20 Tests","HIV 1/2, Uni-Gold HIV Kit",Uni-Gold,,Test kit,20,100,3200.00,32,1.6,"Trinity Biotech, Plc",TRUE,36,$939.62 ,5.12
"11,743",110-ZM-T01,Pre-PQ Process,SO-751,DN-284,Zambia,PMO - US,From RDC,N/A - From RDC,,Pre-PQ Process,N/A - From RDC,07-Aug-07,07-Aug-07,07-Aug-07,ARV,Pediatric,SCMS from RDC,"Abacavir 20mg/ml, oral solution, Bottle, 240 ml",Abacavir,Generic,20mg/ml,Oral solution,240,500,8250.00,16.5,0.07,"Aurobindo Unit III, India",TRUE,178,"$1,105.90 ",13.2
"11,744",109-TZ-T01,Pre-PQ Process,SO-445,DN-241,Tanzania,PMO - US,From RDC,N/A - From RDC,Air,Pre-PQ Process,N/A - From RDC,30-Jul-07,30-Jul-07,30-Jul-07,ARV,Adult,SCMS from RDC,"Lamivudine/Zidovudine 150/300mg, tablets, 60 Tabs",Lamivudine/Zidovudine,Generic,150/300mg,Tablet - FDC,60,"10,977",117234.36,10.68,0.18,"Aurobindo Unit III, India",TRUE,957,"$3,243 ",187.57
"11,745",110-ZM-T01,Pre-PQ Process,SO-315,DN-228,Zambia,PMO - US,From RDC,N/A - From RDC,,Pre-PQ Process,N/A - From RDC,09-Jul-07,09-Jul-07,09-Jul-07,ARV,Adult,SCMS from RDC,"Emtricitabine/Tenofovir Disoproxil Fumarate 200/300mg [Truvada], tablets, 30 Tabs",Emtricitabine/Tenofovir Disoproxil Fumarate,Truvada,300/200mg,Tablet - FDC,30,"12,000",315000.00,26.25,0.88,Gilead(Nycomed) Oranienburg DE,TRUE,1005,"$4,407.26 ",504
"11,747",109-TZ-T01,Pre-PQ Process,SO-633,DN-243,Tanzania,PMO - US,From RDC,N/A - From RDC,Air,Pre-PQ Process,N/A - From RDC,30-Jul-07,30-Jul-07,30-Jul-07,ARV,Adult,SCMS from RDC,"Lopinavir/Ritonavir 200/50mg [Aluvia], tablets, 120 Tabs",Lopinavir/Ritonavir,Aluvia,200/50mg,Tablet,120,"1,155",47470.50,41.1,0.34,ABBVIE Ludwigshafen Germany,TRUE,255,"$1,388 ",75.95
"11,749",109-TZ-T01,Pre-PQ Process,SO-748,DN-230,Tanzania,PMO - US,From RDC,N/A - From RDC,Air,Pre-PQ Process,N/A - From RDC,18-Jul-07,18-Jul-07,18-Jul-07,HRDT,HIV test,SCMS from RDC,"HIV 1/2, Bioline 3.0 Kit, Lancets, Capillary pipets, Alcohol swabs included, 25 Tests","HIV 1/2, Bioline 3.0 Kit, Lancets, Capillary pipets, Alcohol swabs included",Bioline,,Test kit,25,"6,356",127120.00,20,0.8,"Standard Diagnostics, Korea",TRUE,1879,"$9,538.74 ",203.39
"11,750",110-ZM-T01,Pre-PQ Process,SO-538,DN-254,Zambia,PMO - US,From RDC,N/A - From RDC,,Pre-PQ Process,N/A - From RDC,27-Jul-07,27-Jul-07,27-Jul-07,HRDT,HIV test,SCMS from RDC,"HIV 1/2, Uni-Gold HIV Kit, 20 Tests","HIV 1/2, Uni-Gold HIV Kit",Uni-Gold,,Test kit,20,"2,453",78496.00,32,1.6,"Trinity Biotech, Plc",TRUE,821,"$5,234.80 ",125.59
"40,070",116-ZA-T30,FPQ-14942,SCMS-259076,ASN-32524,South Africa,PMO - US,Direct Drop,DDP,Truck,09-11-14,06-02-15,02-Jun-15,02-Jun-15,02-Jun-15,ARV,Adult,PHARMACY DIRECT,"Abacavir 300mg, tablets, 60 Tabs",Abacavir,Generic,300mg,Tablet,60,31,1545.41,49.85,0.83,"Aurobindo Unit III, India",FALSE,Weight Captured Separately,Freight Included in Commodity Cost,1.59
"40,100",116-ZA-T30,FPQ-12522,SCMS-199283,ASN-27980,South Africa,PMO - US,Direct Drop,DDP,Truck,07-11-13,8/27/2014,27-Aug-14,27-Aug-14,27-Aug-14,ARV,Adult,S. BUYS WHOLESALER,"Lamivudine/Zidovudine 150/300mg, tablets, 60 Tabs",Lamivudine/Zidovudine,Generic,150/300mg,Tablet - FDC,60,19,626.77,32.99,0.55,Hetero Unit III Hyderabad IN,FALSE,Weight Captured Separately,Freight Included in Commodity Cost,0.78
"11,754",109-TZ-T01,Pre-PQ Process,SO-771,DN-293,Tanzania,PMO - US,From RDC,N/A - From RDC,,Pre-PQ Process,N/A - From RDC,26-Sep-07,26-Sep-07,26-Sep-07,ARV,Adult,SCMS from RDC,"Abacavir 300mg, tablets, 60 Tabs",Abacavir,Generic,300mg,Tablet,60,"7,661",274263.80,35.8,0.6,"Aurobindo Unit III, India",TRUE,750,"$3,901.78 ",438.82
"40,136",116-ZA-T30,FPQ-14942,SCMS-259076,ASN-32524,South Africa,PMO - US,Direct Drop,DDP,Truck,09-11-14,06-02-15,02-Jun-15,02-Jun-15,02-Jun-15,ARV,Pediatric,PHARMACY DIRECT,"Efavirenz 200mg, capsule, 90 Caps",Efavirenz,Generic,200mg,Capsule,90,8,136.35,17.04,0.19,"Aurobindo Unit III, India",FALSE,Weight Captured Separately,Freight Included in Commodity Cost,0.14
"40,152",116-ZA-T30,FPQ-14942,SCMS-259071,ASN-29597,South Africa,PMO - US,Direct Drop,DDP,Truck,09-11-14,11/28/2014,28-Nov-14,28-Nov-14,28-Nov-14,ARV,Pediatric,PHARMACY DIRECT,"Abacavir 20mg/ml, oral solution, Bottle, 240 ml",Abacavir,Generic,20mg/ml,Oral solution,240,8,141.69,17.71,0.07,"Aurobindo Unit III, India",FALSE,Weight Captured Separately,Freight Included in Commodity Cost,0.15
"11,757",104-CI-T01,Pre-PQ Process,SO-589,DN-314,Côte d'Ivoire,PMO - US,From RDC,N/A - From RDC,,Pre-PQ Process,N/A - From RDC,24-Aug-07,24-Aug-07,24-Aug-07,ARV,Pediatric,SCMS from RDC,"Efavirenz 50mg [Stocrin/Sustiva], capsule, 30 Caps",Efavirenz,Stocrin/Sustiva,50mg,Capsule,30,485,1682.95,3.47,0.12,"MSD, Haarlem, NL",TRUE,285,"$1,786 ",2.69
"40,364",161-ZA-T30,FPQ-5648,SCMS-75660,ASN-8693,South Africa,PMO - US,Direct Drop,DDP,Ocean,06-02-10,6/17/2010,12-Oct-10,15-Dec-10,15-Dec-10,ARV,Adult,Aurobindo Pharma Limited,"Efavirenz 600mg, tablets, 30 Tabs",Efavirenz,Generic,600mg,Tablet,30,"52,516",236847.16,4.51,0.15,"Aurobindo Unit III, India",TRUE,Weight Captured Separately,Freight Included in Commodity Cost,510.64
"11,761",113-ZW-T01,Pre-PQ Process,SO-892,DN-300,Zimbabwe,PMO - US,From RDC,N/A - From RDC,Truck,Pre-PQ Process,N/A - From RDC,24-Aug-07,24-Aug-07,24-Aug-07,HRDT,HIV test,SCMS from RDC,"HIV 1/2, Determine Complete HIV Kit, 100 Tests","HIV 1/2, Determine Complete HIV Kit",Determine,,Test kit,100,"1,500",120000.00,80,0.8,ABBVIE GmbH & Co.KG Wiesbaden,TRUE,343,"$1,645.12 ",192
"11,762",100-ZW-T01,Pre-PQ Process,SO-718,DN-303,Zimbabwe,PMO - US,From RDC,N/A - From RDC,Truck,Pre-PQ Process,N/A - From RDC,28-Aug-07,28-Aug-07,28-Aug-07,ARV,Adult,SCMS from RDC,"Lamivudine/Nevirapine/Stavudine 150/200/30mg, tablets, 60 Tabs",Lamivudine/Nevirapine/Stavudine,Generic,150/200/30mg,Tablet - FDC,60,"125,000",925000.00,7.4,0.12,"Cipla, Goa, India",TRUE,12779,"$41,772.09 ","1,480"
"11,764",113-ZW-T01,Pre-PQ Process,SO-292,DN-317,Zimbabwe,PMO - US,From RDC,N/A - From RDC,,Pre-PQ Process,N/A - From RDC,28-Aug-07,28-Aug-07,28-Aug-07,ARV,Adult,SCMS from RDC,"Nevirapine 200mg, tablets, 60 Tabs",Nevirapine,Generic,200mg,Tablet,60,"1,629",5978.43,3.67,0.06,"Aurobindo Unit III, India",TRUE,152,$912.45 ,9.57
"11,765",110-ZM-T01,Pre-PQ Process,SO-908,DN-319,Zambia,PMO - US,From RDC,N/A - From RDC,Air,Pre-PQ Process,N/A - From RDC,29-Aug-07,29-Aug-07,29-Aug-07,ARV,Adult,SCMS from RDC,"Stavudine 20mg, capsules, 60 Caps",Stavudine,Generic,20mg,Capsule,60,"1,119",1958.25,1.75,0.03,"Aurobindo Unit III, India",TRUE,1581,"$5,663 ",3.13
"40,379",116-ZA-T30,FPQ-13973,SCMS-238550,ASN-30792,South Africa,PMO - US,Direct Drop,DDP,Truck,4/30/2014,05-08-14,19-Feb-15,19-Feb-15,19-Feb-15,ARV,Pediatric,PHARMACY DIRECT,"Abacavir 20mg/ml, oral solution, Bottle, 240 ml",Abacavir,Generic,20mg/ml,Oral solution,240,3,73.53,24.51,0.1,"Aurobindo Unit III, India",FALSE,Weight Captured Separately,Freight Included in Commodity Cost,0.08
"40,496",116-ZA-T30,FPQ-13973,SCMS-238552,ASN-27610,South Africa,PMO - US,Direct Drop,DDP,Truck,4/30/2014,08-05-14,05-Aug-14,05-Aug-14,05-Aug-14,ARV,Adult,PHARMACY DIRECT,"Darunavir 300mg [Prezista], tablets, 120 Tabs",Darunavir,Prezista,300mg,Tablet,120,18,1254.77,69.71,0.58,"Janssen-Cilag, Latina, IT",TRUE,Weight Captured Separately,Freight Included in Commodity Cost,1.29
"11,769",119-NA-T01,Pre-PQ Process,SO-1007,DN-358,Namibia,PMO - US,From RDC,N/A - From RDC,Air,Pre-PQ Process,N/A - From RDC,21-Sep-07,21-Sep-07,21-Sep-07,HRDT,HIV test,SCMS from RDC,"HIV 1/2, Determine Complete HIV Kit, 100 Tests","HIV 1/2, Determine Complete HIV Kit",Determine,,Test kit,100,170,13600.00,80,0.8,ABBVIE GmbH & Co.KG Wiesbaden,TRUE,39,$541.42 ,21.76
"40,598",116-ZA-T30,FPQ-12522,SCMS-199289,ASN-28034,South Africa,PMO - US,Direct Drop,DDP,Truck,07-11-13,8/29/2014,29-Aug-14,29-Aug-14,29-Aug-14,ARV,Adult,S. BUYS WHOLESALER,"Emtricitabine/Tenofovir Disoproxil Fumarate 200/300mg, tablets, 30 Tabs",Emtricitabine/Tenofovir Disoproxil Fumarate,Generic,200/300mg,Tablet - FDC,30,334,11131.80,33.33,1.11,"Aurobindo Unit III, India",FALSE,Weight Captured Separately,Freight Included in Commodity Cost,13.77
"11,787",100-ZW-T01,Pre-PQ Process,SO-705,DN-355,Zimbabwe,PMO - US,From RDC,N/A - From RDC,Truck,Pre-PQ Process,N/A - From RDC,20-Sep-07,20-Sep-07,20-Sep-07,ARV,Adult,SCMS from RDC,"Efavirenz 600mg, tablets, 30 Tabs",Efavirenz,Generic,600mg,Tablet,30,"1,860",23101.20,12.42,0.41,"Cipla, Goa, India",TRUE,3951,"$13,788.25 ",36.96
"40,790",116-ZA-T30,FPQ-12522,SCMS-199283,ASN-27976,South Africa,PMO - US,Direct Drop,DDP,Truck,07-11-13,8/27/2014,27-Aug-14,27-Aug-14,27-Aug-14,ARV,Adult,S. BUYS WHOLESALER,"Lopinavir/Ritonavir 200/50mg [Aluvia], tablets, 120 Tabs",Lopinavir/Ritonavir,Aluvia,200/50mg,Tablet,120,62,1597.10,25.76,0.21,ABBVIE Ludwigshafen Germany,FALSE,Weight Captured Separately,Freight Included in Commodity Cost,1.98
"40,841",116-ZA-T30,FPQ-12522,SCMS-199283,ASN-27976,South Africa,PMO - US,Direct Drop,DDP,Truck,07-11-13,8/27/2014,27-Aug-14,27-Aug-14,27-Aug-14,ARV,Adult,S. BUYS WHOLESALER,"Tenofovir Disoproxil Fumarate 300mg, tablets, 30 Tabs",Tenofovir Disoproxil Fumarate,Generic,300mg,Tablet,30,273,6169.93,22.6,0.75,"Aurobindo Unit III, India",FALSE,Weight Captured Separately,Freight Included in Commodity Cost,7.63
"40,868",116-ZA-T30,FPQ-11828,SCMS-183970,ASN-19157,South Africa,South Africa Field Office,Direct Drop,DDP,Truck,3/18/2013,Date Not Captured,12-Apr-13,12-Apr-13,12-Apr-13,ARV,Pediatric,S. BUYS WHOLESALER,"Lopinavir/Ritonavir 80/20mg/ml [Kaletra], oral solution, cool, Bottle 5 x 60 ml",Lopinavir/Ritonavir,Kaletra,80/20mg/ml,Oral solution,300,48,1199.64,24.99,0.08,ABBVIE (Abbott) Logis. UK,TRUE,Weight Captured Separately,Freight Included in Commodity Cost,1.48
"11,801",109-TZ-T01,Pre-PQ Process,SO-750,DN-390,Tanzania,PMO - US,From RDC,N/A - From RDC,Air,Pre-PQ Process,N/A - From RDC,04-Dec-07,04-Dec-07,04-Dec-07,HRDT,HIV test,SCMS from RDC,"HIV 1/2, Bioline 3.0 Kit, Lancets, Capillary pipets, Alcohol swabs included, 25 Tests","HIV 1/2, Bioline 3.0 Kit, Lancets, Capillary pipets, Alcohol swabs included",Bioline,,Test kit,25,"9,200",184000.00,20,0.8,"Standard Diagnostics, Korea",TRUE,3327,"$13,606.40 ",294.4
"11,802",104-CI-T01,Pre-PQ Process,SO-1105,DN-393,Côte d'Ivoire,PMO - US,From RDC,N/A - From RDC,Air,Pre-PQ Process,N/A - From RDC,22-Nov-07,22-Nov-07,22-Nov-07,ARV,Pediatric,SCMS from RDC,"Zidovudine 10mg/ml, oral solution, Bottle, 240 ml",Zidovudine,Generic,10mg/ml,Oral solution,240,"6,777",14570.55,2.15,0.01,"Aurobindo Unit III, India",TRUE,2510,"$23,907.05 ",23.31
"11,803",104-CI-T01,Pre-PQ Process,SO-1146,DN-402,Côte d'Ivoire,PMO - US,From RDC,N/A - From RDC,Air,Pre-PQ Process,N/A - From RDC,14-Dec-07,14-Dec-07,14-Dec-07,ARV,Adult,SCMS from RDC,"Tenofovir Disoproxil Fumarate 300mg [Viread], tablets, 30 Tabs",Tenofovir Disoproxil Fumarate,Viread,300mg,Tablet,30,"2,989",50813.00,17,0.57,Gilead(Nycomed) Oranienburg DE,TRUE,186,"$2,056.98 ",81.3
"11,804",110-ZM-T01,Pre-PQ Process,SO-1030,DN-419,Zambia,PMO - US,From RDC,N/A - From RDC,Air,Pre-PQ Process,N/A - From RDC,13-Nov-07,13-Nov-07,13-Nov-07,ARV,Adult,SCMS from RDC,"Lopinavir/Ritonavir 200/50mg [Aluvia], tablets, 120 Tabs",Lopinavir/Ritonavir,Aluvia,200/50mg,Tablet,120,"12,240",503064.00,41.1,0.34,ABBVIE (Abbott) Logis. UK,TRUE,2678,"$9,008.48 ",804.9
"40,923",161-ZA-T30,FPQ-6262,SCMS-83770,ASN-10212,South Africa,PMO - US,Direct Drop,DDP,Ocean,8/31/2010,9/24/2010,26-Apr-11,26-May-11,26-May-11,ARV,Adult,Aurobindo Pharma Limited,"Efavirenz 600mg, tablets, 30 Tabs",Efavirenz,Generic,600mg,Tablet,30,"125,247",567368.91,4.53,0.15,"Aurobindo Unit III, India",TRUE,Weight Captured Separately,Freight Included in Commodity Cost,"1,223.25"
"11,994",110-ZM-T01,Pre-PQ Process,SO-17641,DN-1326,Zambia,PMO - US,From RDC,N/A - From RDC,Truck,Date Not Captured,N/A - From RDC,04-Sep-09,04-Sep-09,04-Sep-09,ARV,Adult,SCMS from RDC,"Efavirenz 600mg, tablets, 30 Tabs",Efavirenz,Generic,600mg,Tablet,30,"12,740",140140.00,11,0.37,Hetero Unit III Hyderabad IN,TRUE,987,"$2,448.71 ",274.67
"40,933",116-ZA-T30,FPQ-3560,SCMS-49661,ASN-5051,South Africa,PMO - US,Direct Drop,DDP,Truck,05-07-09,7/21/2009,27-Aug-09,27-Aug-09,27-Aug-09,ARV,Adult,S. BUYS WHOLESALER,"Ritonavir 100mg [Norvir], capsules, cool, 84 Caps",Ritonavir,Norvir,100mg,Capsule,84,123,1348.43,10.96,0.13,ABBVIE (Abbott) Logis. UK,TRUE,Weight Captured Separately,Freight Included in Commodity Cost,2.64
"11,807",110-ZM-T01,Pre-PQ Process,SO-995,DN-414,Zambia,PMO - US,From RDC,N/A - From RDC,Air,Pre-PQ Process,N/A - From RDC,12-Nov-07,12-Nov-07,12-Nov-07,ARV,Pediatric,SCMS from RDC,"Lamivudine 10mg/ml, oral solution, Bottle, 240 ml",Lamivudine,Generic,10mg/ml,Oral solution,240,"13,124",25854.28,1.97,0.01,"Aurobindo Unit III, India",TRUE,5309,"$17,358.74 ",41.37
"40,942",106-HT-T30,FPQ-4389,SCMS-58040,ASN-7322,Haiti,PMO - US,Direct Drop,CIP,Air,11-03-09,11/24/2009,29-Jun-10,29-Jun-10,29-Jun-10,ARV,Pediatric,MERCK SHARP & DOHME IDEA GMBH (FORMALLY MERCK SHARP & DOHME B.V.),"Efavirenz 30mg/ml [Stocrin/Sustiva], oral solution, Bottle, 180 ml",Efavirenz,Stocrin/Sustiva,30mg/ml,Oral solution,180,180,3052.80,16.96,0.09,"MSD, Haarlem, NL",TRUE,Weight Captured Separately,Freight Included in Commodity Cost,6.58
"11,810",100-ZW-T01,Pre-PQ Process,SO-1150,DN-425,Zimbabwe,PMO - US,From RDC,N/A - From RDC,Air,Pre-PQ Process,N/A - From RDC,16-Nov-07,16-Nov-07,16-Nov-07,ARV,Adult,SCMS from RDC,"Lamivudine/Nevirapine/Stavudine 150/200/30mg, tablets, 60 Tabs",Lamivudine/Nevirapine/Stavudine,Generic,150/200/30mg,Tablet - FDC,60,"22,240",164576.00,7.4,0.12,"Cipla, Goa, India",TRUE,2262,"$7,364.52 ",263.32
"41,011",116-ZA-T30,FPQ-12522,SCMS-199289,ASN-28037,South Africa,PMO - US,Direct Drop,DDP,Truck,07-11-13,8/29/2014,29-Aug-14,29-Aug-14,29-Aug-14,ARV,Pediatric,S. BUYS WHOLESALER,"Abacavir 20mg/ml, oral solution w/syringe, Bottle, 240 ml",Abacavir,Generic,20mg/ml,Oral solution,240,143,3866.47,27.04,0.11,"Aurobindo Unit III, India",FALSE,Weight Captured Separately,Freight Included in Commodity Cost,4.78
"41,032",116-ZA-T30,FPQ-13973,SCMS-238554,ASN-28627,South Africa,PMO - US,Direct Drop,DDP,Truck,4/30/2014,10-03-14,03-Oct-14,03-Oct-14,03-Oct-14,ARV,Adult,PHARMACY DIRECT,"Efavirenz 600mg, tablets, 30 Tabs",Efavirenz,Generic,600mg,Tablet,30,51,795.40,15.6,0.52,"Aurobindo Unit III, India",FALSE,Weight Captured Separately,Freight Included in Commodity Cost,0.82
"41,056",116-ZA-T30,FPQ-13214,SCMS-215410,ASN-23875,South Africa,PMO - US,Direct Drop,DDP,Truck,11/14/2013,12-02-13,13-Jan-14,13-Jan-14,13-Jan-14,ARV,Pediatric,S. BUYS WHOLESALER,"Lopinavir/Ritonavir 100/25mg [Aluvia], tablets, 60 Tabs",Lopinavir/Ritonavir,Generic,100/25mg,Tablet,60,8,46.26,5.78,0.1,ABBVIE Ludwigshafen Germany,FALSE,Weight Captured Separately,Freight Included in Commodity Cost,0.05
"11,814",106-HT-T01,Pre-PQ Process,SO-1286,DN-458,Haiti,PMO - US,From RDC,N/A - From RDC,Air,Pre-PQ Process,N/A - From RDC,05-Dec-07,05-Dec-07,05-Dec-07,ARV,Adult,SCMS from RDC,"Lopinavir/Ritonavir 200/50mg [Aluvia], tablets, 120 Tabs",Lopinavir/Ritonavir,Aluvia,200/50mg,Tablet,120,100,4110.00,41.1,0.34,ABBVIE Ludwigshafen Germany,TRUE,285,"$2,523.60 ",6.58
"11,815",104-CI-T01,Pre-PQ Process,SO-1277,DN-439,Côte d'Ivoire,PMO - US,From RDC,N/A - From RDC,Air,Pre-PQ Process,N/A - From RDC,16-Nov-07,16-Nov-07,16-Nov-07,HRDT,HIV test,SCMS from RDC,"HIV 2, New LAV Blot 2 HIV Kit, 18 Tests","HIV 2, New LAV Blot 2 HIV Kit",LAV,,Test kit,18,12,3698.04,308.17,17.12,Bio-Rad Laboratories,TRUE,39,"$1,278 ",5.92
"11,817",104-CI-T01,Pre-PQ Process,SO-1482,DN-545,Côte d'Ivoire,PMO - US,From RDC,N/A - From RDC,Air,Pre-PQ Process,N/A - From RDC,25-Jan-08,25-Jan-08,25-Jan-08,HRDT,HIV test,SCMS from RDC,"HIV 1/2, Determine HIV Kit, without Lancets, 100 Tests","HIV 1/2, Determine HIV Kit, without Lancets",Determine,,Test kit,100,"1,250",89987.50,71.99,0.72,Inverness Japan,TRUE,296,"$2,372.80 ",143.98
"41,132",116-ZA-T30,FPQ-12523,SCMS-199316,ASN-27044,South Africa,PMO - US,Direct Drop,DDP,Truck,07-12-13,07-04-14,04-Jul-14,04-Jul-14,04-Jul-14,ARV,Adult,S. BUYS WHOLESALER,"Ritonavir 100mg [Norvir], capsules, cool, 84 Caps",Ritonavir,Norvir,100mg,Capsule,84,3,19.05,6.35,0.08,ABBVIE (Abbott) Logis. UK,TRUE,Weight Captured Separately,Freight Included in Commodity Cost,0.02
"41,201",116-ZA-T30,FPQ-3596,SCMS-50362,ASN-5862,South Africa,PMO - US,Direct Drop,DDP,Truck,05-07-09,9/22/2009,08-Dec-09,08-Dec-09,08-Dec-09,ARV,Adult,S. BUYS WHOLESALER,"Lamivudine 150mg, tablets, 60 Tabs",Lamivudine,Generic,150mg,Tablet,60,46,470.75,10.23,0.17,"Aurobindo Unit III, India",TRUE,Weight Captured Separately,Freight Included in Commodity Cost,0.92
"11,824",117-ET-T01,Pre-PQ Process,SO-1009,DN-495,Ethiopia,PMO - US,From RDC,N/A - From RDC,,Pre-PQ Process,N/A - From RDC,20-Dec-07,20-Dec-07,20-Dec-07,ARV,Pediatric,SCMS from RDC,"Nevirapine 10mg/ml, oral suspension, Bottle, 240 ml",Nevirapine,Generic,10mg/ml,Oral suspension,240,"11,168",69241.60,6.2,0.03,"Aurobindo Unit III, India",TRUE,4583,"$14,554.50 ",110.79
"11,825",110-ZM-T01,Pre-PQ Process,SO-1328,DN-464,Zambia,PMO - US,From RDC,N/A - From RDC,,Pre-PQ Process,N/A - From RDC,02-Jan-08,02-Jan-08,02-Jan-08,ARV,Pediatric,SCMS from RDC,"Efavirenz 200mg, capsule, 90 Caps",Efavirenz,Generic,200mg,Capsule,90,672,10752.00,16,0.18,"Aurobindo Unit III, India",TRUE,128,$845 ,17.2
"11,826",112-NG-T01,Pre-PQ Process,SO-1494,DN-505,Nigeria,PMO - US,From RDC,N/A - From RDC,Air,Pre-PQ Process,N/A - From RDC,17-Dec-07,17-Dec-07,17-Dec-07,ARV,Pediatric,SCMS from RDC,"Efavirenz 200mg, capsule, 90 Caps",Efavirenz,Generic,200mg,Capsule,90,400,6400.00,16,0.18,"Aurobindo Unit III, India",TRUE,48,"$1,260.10 ",10.24
"41,279",116-ZA-T30,FPQ-14942,SCMS-259079,ASN-33854,South Africa,PMO - US,Direct Drop,DDP,Truck,09-11-14,10-09-14,24-Aug-15,24-Aug-15,24-Aug-15,ARV,Pediatric,PHARMACY DIRECT,"Atazanavir 150mg [Reyataz], capsules, 60 Caps",Atazanavir,Reyataz,150mg,Capsule,60,3,47.70,15.9,0.26,"BMS Evansville, US",FALSE,Weight Captured Separately,Freight Included in Commodity Cost,0.05
"11,830",117-ET-T01,Pre-PQ Process,SO-1531,DN-526,Ethiopia,PMO - US,From RDC,N/A - From RDC,Air,Pre-PQ Process,N/A - From RDC,20-Dec-07,20-Dec-07,20-Dec-07,ARV,Pediatric,SCMS from RDC,"Zidovudine 10mg/ml, oral solution, Bottle, 240 ml",Zidovudine,Generic,10mg/ml,Oral solution,240,"3,286",7064.90,2.15,0.01,"Aurobindo Unit III, India",TRUE,1215,"$8,586 ",11.3
"41,301",116-ZA-T30,FPQ-14942,SCMS-259073,ASN-30673,South Africa,PMO - US,Direct Drop,DDP,Truck,09-11-14,02-12-15,12-Feb-15,12-Feb-15,12-Feb-15,ARV,Adult,PHARMACY DIRECT,"Etravirine 100mg [Intelence], tablets, 120 Tabs",Etravirine,Intelence,100mg,Tablet,120,2,51.19,25.6,0.21,"Janssen-Cilag, Latina, IT",TRUE,Weight Captured Separately,Freight Included in Commodity Cost,0.05
"41,414",116-ZA-T30,FPQ-12522,SCMS-199283,ASN-27976,South Africa,PMO - US,Direct Drop,DDP,Truck,07-11-13,8/27/2014,27-Aug-14,27-Aug-14,27-Aug-14,ARV,Adult,S. BUYS WHOLESALER,"Efavirenz 600mg, tablets, 30 Tabs",Efavirenz,Generic,600mg,Tablet,30,257,4298.60,16.73,0.56,Hetero Unit III Hyderabad IN,FALSE,Weight Captured Separately,Freight Included in Commodity Cost,5.32
"11,834",107-RW-T01,Pre-PQ Process,SO-1516,DN-511,Rwanda,PMO - US,From RDC,N/A - From RDC,Air,Pre-PQ Process,N/A - From RDC,31-Jan-08,31-Jan-08,31-Jan-08,ARV,Adult,SCMS from RDC,"Efavirenz 600mg, tablets, 30 Tabs",Efavirenz,Generic,600mg,Tablet,30,"37,258",462744.36,12.42,0.41,"Aurobindo Unit III, India",TRUE,3195,"$36,417.89 ",740.39
"41,418",116-ZA-T30,FPQ-3596,SCMS-50370,ASN-5461,South Africa,PMO - US,Direct Drop,DDP,Truck,05-07-09,9/22/2009,28-Oct-09,28-Oct-09,28-Oct-09,ARV,Pediatric,S. BUYS WHOLESALER,"Stavudine 1mg/ml, powder for oral solution, 200 ml",Stavudine,Generic,1mg/ml,Oral solution,200,"4,500",12317.21,2.74,0.01,"Aurobindo Unit III, India",TRUE,Weight Captured Separately,Freight Included in Commodity Cost,24.14
"41,500",116-ZA-T30,FPQ-5381,SCMS-69590,ASN-6724,South Africa,PMO - US,Direct Drop,DDP,Truck,3/23/2010,3/25/2010,01-Apr-10,01-Apr-10,01-Apr-10,ARV,Adult,S. BUYS WHOLESALER,"Stavudine 30mg, capsules, 60 Caps",Stavudine,Generic,30mg,Capsule,60,"1,200",5558.60,4.63,0.08,"Aurobindo Unit III, India",FALSE,Weight Captured Separately,Freight Included in Commodity Cost,11.98
"11,840",107-RW-T01,Pre-PQ Process,SO-1223,DN-572,Rwanda,PMO - US,From RDC,N/A - From RDC,Air,Pre-PQ Process,N/A - From RDC,28-Jan-08,28-Jan-08,28-Jan-08,HRDT,HIV test,SCMS from RDC,"HIV 1/2, Determine HIV Kit, without Lancets, 100 Tests","HIV 1/2, Determine HIV Kit, without Lancets",Determine,,Test kit,100,"1,250",89987.50,71.99,0.72,Inverness Japan,TRUE,362,"$8,143.19 ",143.98
"11,841",110-ZM-T01,Pre-PQ Process,SO-1675,DN-579,Zambia,PMO - US,From RDC,N/A - From RDC,,Pre-PQ Process,N/A - From RDC,21-Jan-08,26-Nov-07,26-Nov-07,ARV,Adult,SCMS from RDC,"Efavirenz 600mg, tablets, 30 Tabs",Efavirenz,Generic,600mg,Tablet,30,"44,135",548156.70,12.42,0.41,"Aurobindo Unit III, India",TRUE,4082,"$17,600.24 ",877.05
"11,842",104-CI-T01,Pre-PQ Process,SO-1544,DN-547,Côte d'Ivoire,PMO - US,From RDC,N/A - From RDC,Air,Pre-PQ Process,N/A - From RDC,15-Jan-08,15-Jan-08,15-Jan-08,ARV,Pediatric,SCMS from RDC,"Nevirapine 10mg/ml, oral suspension, Bottle, 240 ml",Nevirapine,Generic,10mg/ml,Oral suspension,240,965,1852.80,1.92,0.01,"Aurobindo Unit III, India",TRUE,344,"$1,729 ",2.96
"11,843",104-CI-T01,Pre-PQ Process,SO-1144,DN-549,Côte d'Ivoire,PMO - US,From RDC,N/A - From RDC,Air,Pre-PQ Process,N/A - From RDC,28-Dec-07,15-Jan-08,15-Jan-08,ARV,Pediatric,SCMS from RDC,"Nevirapine 10mg/ml, oral suspension, Bottle, 240 ml",Nevirapine,Generic,10mg/ml,Oral suspension,240,"5,581",10715.52,1.92,0.01,"Aurobindo Unit III, India",TRUE,1988,"$6,146 ",17.14
"11,845",117-ET-T01,Pre-PQ Process,SO-1536,DN-576,Ethiopia,PMO - US,From RDC,N/A - From RDC,Air,Pre-PQ Process,N/A - From RDC,01-Feb-08,01-Feb-08,01-Feb-08,ARV,Adult,SCMS from RDC,"Lamivudine 150mg, tablets, 60 Tabs",Lamivudine,Generic,150mg,Tablet,60,"48,671",147959.84,3.04,0.05,"Ranbaxy, Paonta Shahib, India",TRUE,2533,"$9,187.80 ",236.74
"11,846",114-UG-T01,Pre-PQ Process,SO-1304,DN-550,Uganda,PMO - US,From RDC,N/A - From RDC,Air,Pre-PQ Process,N/A - From RDC,11-Mar-08,11-Mar-08,11-Mar-08,ARV,Adult,SCMS from RDC,"Efavirenz 600mg, tablets, 30 Tabs",Efavirenz,Generic,600mg,Tablet,30,"3,364",41780.88,12.42,0.41,"Aurobindo Unit III, India",TRUE,369,"$1,902.90 ",66.85
"41,603",116-ZA-T30,FPQ-14942,SCMS-295800,ASN-33865,South Africa,PMO - US,Direct Drop,DDP,Truck,09-11-14,8/24/2015,24-Aug-15,24-Aug-15,24-Aug-15,ARV,Adult,PHARMACY DIRECT,"Efavirenz 600mg, tablets, 30 Tabs",Efavirenz,Generic,600mg,Tablet,30,39,471.65,12.09,0.4,"Aurobindo Unit III, India",FALSE,Weight Captured Separately,Freight Included in Commodity Cost,0.48
"11,850",117-ET-T01,Pre-PQ Process,SO-1528,DN-542,Ethiopia,PMO - US,From RDC,N/A - From RDC,Air,Pre-PQ Process,N/A - From RDC,29-Jan-08,29-Jan-08,29-Jan-08,ARV,Adult,SCMS from RDC,"Nevirapine 200mg, tablets, 60 Tabs",Nevirapine,Generic,200mg,Tablet,60,"55,560",188904.00,3.4,0.06,"Aurobindo Unit III, India",TRUE,5181,"$17,975.21 ",302.25
"41,784",116-ZA-T30,FPQ-11828,SCMS-183950,ASN-19166,South Africa,South Africa Field Office,Direct Drop,DDP,Truck,3/18/2013,Date Not Captured,16-Apr-13,16-Apr-13,16-Apr-13,ARV,Adult,S. BUYS WHOLESALER,"Lamivudine/Zidovudine 150/300mg [Combivir], tablets, 60 Tabs",Lamivudine/Zidovudine,Combivir,150/300mg,Tablet - FDC,60,7,117.60,16.8,0.28,"GSK, U1, Poznan, Poland",FALSE,Weight Captured Separately,Freight Included in Commodity Cost,0.15
"41,841",116-ZA-T30,FPQ-13035,SCMS-215370,ASN-24415,South Africa,PMO - US,Direct Drop,DDP,Truck,10-08-13,12-02-13,06-Feb-14,06-Feb-14,06-Feb-14,ARV,Adult,S. BUYS WHOLESALER,"Abacavir 300mg, tablets, 60 Tabs",Abacavir,Generic,300mg,Tablet,60,53,3422.75,64.58,1.08,"Cipla, Patalganga, India",FALSE,Weight Captured Separately,Freight Included in Commodity Cost,4.23
"41,852",116-ZA-T30,FPQ-14942,SCMS-259073,ASN-30671,South Africa,PMO - US,Direct Drop,DDP,Truck,09-11-14,02-12-15,12-Feb-15,12-Feb-15,12-Feb-15,ARV,Pediatric,PHARMACY DIRECT,"Lamivudine 10mg/ml, oral solution, Bottle, 240 ml",Lamivudine,Generic,10mg/ml,Oral solution,240,7,36.18,5.17,0.02,"Aurobindo Unit III, India",FALSE,Weight Captured Separately,Freight Included in Commodity Cost,0.04
"41,875",116-ZA-T30,FPQ-13214,SCMS-215410,ASN-23875,South Africa,PMO - US,Direct Drop,DDP,Truck,11/14/2013,12-02-13,13-Jan-14,13-Jan-14,13-Jan-14,ARV,Adult,S. BUYS WHOLESALER,"Didanosine 400mg, delayed-release capsules, 30 Caps",Didanosine,Generic,400mg,Delayed-release capsules,30,26,506.63,19.49,0.65,"Aurobindo Unit III, India",FALSE,Weight Captured Separately,Freight Included in Commodity Cost,0.52
"41,957",116-ZA-T30,FPQ-14942,SCMS-259075,ASN-32137,South Africa,PMO - US,Direct Drop,DDP,Truck,09-11-14,05-11-15,12-May-15,12-May-15,12-May-15,ARV,Adult,PHARMACY DIRECT,"Etravirine 100mg [Intelence], tablets, 120 Tabs",Etravirine,Intelence,100mg,Tablet,120,2,51.19,25.6,0.21,"Janssen-Cilag, Latina, IT",TRUE,Weight Captured Separately,Freight Included in Commodity Cost,0.05
"42,061",116-ZA-T30,FPQ-14942,SCMS-259079,ASN-33851,South Africa,PMO - US,Direct Drop,DDP,Truck,09-11-14,10-09-14,24-Aug-15,24-Aug-15,24-Aug-15,ARV,Adult,PHARMACY DIRECT,"Abacavir 300mg, tablets, 60 Tabs",Abacavir,Generic,300mg,Tablet,60,88,4713.55,53.56,0.89,"Aurobindo Unit III, India",FALSE,Weight Captured Separately,Freight Included in Commodity Cost,4.85
"11,858",112-NG-T01,Pre-PQ Process,SO-2351,DN-717,Nigeria,PMO - US,From RDC,N/A - From RDC,Air,Pre-PQ Process,N/A - From RDC,18-Apr-08,18-Apr-08,18-Apr-08,ARV,Adult,SCMS from RDC,"Tenofovir Disoproxil Fumarate 300mg [Viread], tablets, 30 Tabs",Tenofovir Disoproxil Fumarate,Viread,300mg,Tablet,30,109,1853.00,17,0.57,Gilead(Nycomed) Oranienburg DE,TRUE,422,"$2,812.30 ",2.96
"42,094",116-ZA-T30,FPQ-13035,SCMS-215370,ASN-24415,South Africa,PMO - US,Direct Drop,DDP,Truck,10-08-13,12-02-13,06-Feb-14,06-Feb-14,06-Feb-14,ARV,Adult,S. BUYS WHOLESALER,"Stavudine 30mg, capsules, 60 Caps",Stavudine,Generic,30mg,Capsule,60,"1,022",3808.14,3.73,0.06,"Aurobindo Unit III, India",FALSE,Weight Captured Separately,Freight Included in Commodity Cost,4.71
"11,860",106-HT-T01,Pre-PQ Process,SO-2596,DN-762,Haiti,PMO - US,From RDC,N/A - From RDC,Air,Pre-PQ Process,N/A - From RDC,18-Jun-08,18-Jun-08,18-Jun-08,ARV,Adult,SCMS from RDC,"Lopinavir/Ritonavir 200/50mg [Aluvia], tablets, 120 Tabs",Lopinavir/Ritonavir,Aluvia,200/50mg,Tablet,120,240,9864.00,41.1,0.34,ABBVIE Ludwigshafen Germany,TRUE,52,"$1,422.32 ",15.78
"42,116",116-ZA-T30,FPQ-4359,SCMS-54970,ASN-5473,South Africa,PMO - US,Direct Drop,DDP,Truck,10-08-09,10/15/2009,27-Oct-09,27-Oct-09,27-Oct-09,ARV,Pediatric,S. BUYS WHOLESALER,"Efavirenz 50mg, capsule, 30 Caps",Efavirenz,Generic,50mg,Capsule,30,500,2112.45,4.22,0.14,"Aurobindo Unit III, India",TRUE,Weight Captured Separately,Freight Included in Commodity Cost,4.14
"11,862",131-NG-T01,Pre-PQ Process,SO-2578,DN-739,Nigeria,PMO - US,From RDC,N/A - From RDC,Air,Pre-PQ Process,N/A - From RDC,14-May-08,14-May-08,14-May-08,ARV,Adult,SCMS from RDC,"Emtricitabine/Tenofovir Disoproxil Fumarate 200/300mg [Truvada], tablets, 30 Tabs",Emtricitabine/Tenofovir Disoproxil Fumarate,Truvada,300/200mg,Tablet - FDC,30,"3,359",88173.75,26.25,0.88,"Aspen-OSD, Port Elizabeth, SA",TRUE,300,"$2,204 ",141.08
"11,863",131-NG-T01,Pre-PQ Process,SO-2579,DN-740,Nigeria,PMO - US,From RDC,N/A - From RDC,Air,Pre-PQ Process,N/A - From RDC,20-May-08,20-May-08,20-May-08,ARV,Adult,SCMS from RDC,"Emtricitabine/Tenofovir Disoproxil Fumarate 200/300mg [Truvada], tablets, 30 Tabs",Emtricitabine/Tenofovir Disoproxil Fumarate,Truvada,300/200mg,Tablet - FDC,30,641,16826.25,26.25,0.88,"Aspen-OSD, Port Elizabeth, SA",TRUE,58,"$1,110.50 ",26.92
"11,864",110-ZM-T01,Pre-PQ Process,SO-2475,DN-749,Zambia,PMO - US,From RDC,N/A - From RDC,Air,Pre-PQ Process,N/A - From RDC,29-May-08,29-May-08,29-May-08,ARV,Adult,SCMS from RDC,"Nevirapine 200mg, tablets, 60 Tabs",Nevirapine,Generic,200mg,Tablet,60,"50,000",170000.00,3.4,0.06,"Aurobindo Unit III, India",TRUE,4733,"$6,002.19 ",272
"11,865",131-NG-T01,Pre-PQ Process,SO-2664,DN-750,Nigeria,PMO - US,From RDC,N/A - From RDC,Air,Pre-PQ Process,N/A - From RDC,27-May-08,27-May-08,27-May-08,ARV,Adult,SCMS from RDC,"Lamivudine/Nevirapine/Zidovudine 150/200/300mg, tablets, 60 Tabs",Lamivudine/Nevirapine/Zidovudine,Generic,150/300/200mg,Tablet - FDC,60,"16,610",220580.80,13.28,0.22,"Aurobindo Unit III, India",TRUE,1832,"$11,815.12 ",352.93
"11,866",100-ZW-T01,Pre-PQ Process,SO-2667,DN-756,Zimbabwe,PMO - US,From RDC,N/A - From RDC,Air,Pre-PQ Process,N/A - From RDC,11-Jun-08,11-Jun-08,11-Jun-08,ARV,Adult,SCMS from RDC,"Lamivudine/Nevirapine/Stavudine 150/200/30mg, tablets, 60 Tabs",Lamivudine/Nevirapine/Stavudine,Generic,150/200/30mg,Tablet - FDC,60,"37,240",275576.00,7.4,0.12,"Cipla, Goa, India",TRUE,7806,"$45,047.32 ",440.92
"42,159",114-UG-T30,FPQ-13600,SCMS-225710,ASN-27170,Uganda,PMO - US,Direct Drop,CIP,Air,1/28/2014,02-04-14,30-Jul-14,30-Jul-14,06-Aug-14,ARV,Adult,MERCK SHARP & DOHME IDEA GMBH (FORMALLY MERCK SHARP & DOHME B.V.),"Raltegravir 400mg [Isentress], tablets, 60 Tabs",Raltegravir,Isentress,400mg,Tablet,60,"1,300",72150.00,55.5,0.92,"MSD, Haarlem, NL",TRUE,Weight Captured Separately,Freight Included in Commodity Cost,74.17
"11,868",110-ZM-T01,Pre-PQ Process,SO-2488,DN-767,Zambia,PMO - US,From RDC,N/A - From RDC,Truck,Pre-PQ Process,N/A - From RDC,17-Jun-08,17-Jun-08,17-Jun-08,ARV,Adult,SCMS from RDC,"Nevirapine 200mg, tablets, 60 Tabs",Nevirapine,Generic,200mg,Tablet,60,"55,560",188904.00,3.4,0.06,Hetero Unit III Hyderabad IN,TRUE,3224,"$4,217.45 ",302.25
"11,869",111-MZ-T01,Pre-PQ Process,SO-1824,DN-624,Mozambique,PMO - US,From RDC,N/A - From RDC,Air,Pre-PQ Process,N/A - From RDC,31-Mar-08,31-Mar-08,31-Mar-08,ARV,Adult,SCMS from RDC,"Ritonavir 100mg [Norvir], capsules, cool, 84 Caps",Ritonavir,Norvir,100mg,Capsule,84,630,6041.70,9.59,0.11,ABBVIE (Abbott) Logis. UK,TRUE,185,"$1,214.20 ",9.67
"42,179",116-ZA-T30,FPQ-12522,SCMS-199283,ASN-27980,South Africa,PMO - US,Direct Drop,DDP,Truck,07-11-13,8/27/2014,27-Aug-14,27-Aug-14,27-Aug-14,ARV,Adult,S. BUYS WHOLESALER,"Nevirapine 200mg, tablets, 60 Tabs",Nevirapine,Generic,200mg,Tablet,60,22,433.80,19.72,0.33,"Aurobindo Unit III, India",FALSE,Weight Captured Separately,Freight Included in Commodity Cost,0.54
"42,186",116-ZA-T30,FPQ-13973,SCMS-238550,ASN-30792,South Africa,PMO - US,Direct Drop,DDP,Truck,4/30/2014,05-08-14,19-Feb-15,19-Feb-15,19-Feb-15,ARV,Pediatric,PHARMACY DIRECT,"Lamivudine 10mg/ml, oral solution, Bottle, 240 ml",Lamivudine,Generic,10mg/ml,Oral solution,240,3,21.46,7.15,0.03,"Aurobindo Unit III, India",FALSE,Weight Captured Separately,Freight Included in Commodity Cost,0.02
"11,874",104-CI-T01,Pre-PQ Process,SO-794,DN-674,Côte d'Ivoire,PMO - US,From RDC,N/A - From RDC,,Pre-PQ Process,N/A - From RDC,27-Mar-08,27-Mar-08,27-Mar-08,HRDT,HIV test,SCMS from RDC,"#108853** HIV, Genie II HIV-1/HIV-2 Kit, 40 Tests","HIV, Genie II HIV-1/HIV-2 Kit",Genie,,Test kit,40,415,31540.00,76,1.9,Bio-Rad Laboratories,TRUE,453,"$1,606.93 ",50.46
"42,195",116-ZA-T30,FPQ-11828,SCMS-183950,ASN-19166,South Africa,South Africa Field Office,Direct Drop,DDP,Truck,3/18/2013,Date Not Captured,16-Apr-13,16-Apr-13,16-Apr-13,ARV,Adult,S. BUYS WHOLESALER,"Tenofovir Disoproxil Fumarate 300mg, tablets, 30 Tabs",Tenofovir Disoproxil Fumarate,Generic,300mg,Tablet,30,"6,304",129614.89,20.56,0.69,"Cipla, Goa, India",FALSE,Weight Captured Separately,Freight Included in Commodity Cost,160.33
"42,243",116-ZA-T30,FPQ-14942,SCMS-259074,ASN-31070,South Africa,PMO - US,Direct Drop,DDP,Truck,09-11-14,03-09-15,09-Mar-15,09-Mar-15,09-Mar-15,ARV,Adult,PHARMACY DIRECT,"Emtricitabine/Tenofovir Disoproxil Fumarate 200/300mg, tablets, 30 Tabs",Emtricitabine/Tenofovir Disoproxil Fumarate,Generic,200/300mg,Tablet - FDC,30,9,196.47,21.83,0.73,"Aurobindo Unit III, India",FALSE,Weight Captured Separately,Freight Included in Commodity Cost,0.2
"11,877",132-NG-T01,Pre-PQ Process,SO-2708,DN-806,Nigeria,PMO - US,From RDC,N/A - From RDC,Air,Pre-PQ Process,N/A - From RDC,27-Jun-08,27-Jun-08,27-Jun-08,ARV,Adult,SCMS from RDC,"Efavirenz 600mg, tablets, 30 Tabs",Efavirenz,Generic,600mg,Tablet,30,"25,000",300250.00,12.01,0.4,"Aurobindo Unit III, India",TRUE,2173,"$9,906.63 ",480.4
"42,300",116-ZA-T30,FPQ-14942,SCMS-295800,ASN-33865,South Africa,PMO - US,Direct Drop,DDP,Truck,09-11-14,8/24/2015,24-Aug-15,24-Aug-15,24-Aug-15,ARV,Adult,PHARMACY DIRECT,"Emtricitabine/Tenofovir Disoproxil Fumarate 200/300mg, tablets, 30 Tabs",Emtricitabine/Tenofovir Disoproxil Fumarate,Generic,200/300mg,Tablet - FDC,30,10,234.38,23.44,0.78,"Aurobindo Unit III, India",FALSE,Weight Captured Separately,Freight Included in Commodity Cost,0.24
"42,361",116-ZA-T30,FPQ-15269,SCMS-267020,ASN-29764,South Africa,PMO - US,Direct Drop,DDP,Truck,10/29/2014,12-10-14,10-Dec-14,10-Dec-14,10-Dec-14,ARV,Adult,S. BUYS WHOLESALER,"Zidovudine 300mg, tablets, 60 Tabs",Zidovudine,Generic,300mg,Tablet,60,13,287.28,22.1,0.37,"Aurobindo Unit III, India",FALSE,Weight Captured Separately,Freight Included in Commodity Cost,0.34
"42,505",116-ZA-T30,FPQ-12522,SCMS-199289,ASN-28033,South Africa,PMO - US,Direct Drop,DDP,Truck,07-11-13,8/29/2014,29-Aug-14,29-Aug-14,29-Aug-14,ARV,Adult,S. BUYS WHOLESALER,"Emtricitabine/Tenofovir Disoproxil Fumarate 200/300mg, tablets, 30 Tabs",Emtricitabine/Tenofovir Disoproxil Fumarate,Generic,200/300mg,Tablet - FDC,30,55,1833.08,33.33,1.11,"Aurobindo Unit III, India",FALSE,Weight Captured Separately,Freight Included in Commodity Cost,2.27
"42,667",116-ZA-T30,FPQ-14942,SCMS-295800,ASN-33865,South Africa,PMO - US,Direct Drop,DDP,Truck,09-11-14,8/24/2015,24-Aug-15,24-Aug-15,24-Aug-15,ARV,Adult,PHARMACY DIRECT,"Abacavir 300mg, tablets, 60 Tabs",Abacavir,Generic,300mg,Tablet,60,70,3749.42,53.56,0.89,"Aurobindo Unit III, India",FALSE,Weight Captured Separately,Freight Included in Commodity Cost,3.85
"42,882",101-ZA-T30,FPQ-12932,SCMS-206100,ASN-24547,South Africa,PMO - US,Direct Drop,DDP,Truck,09-07-13,9/19/2013,17-Feb-14,17-Feb-14,17-Feb-14,ARV,Adult,PHARMACY DIRECT,"Efavirenz 600mg, tablets, 30 Tabs",Efavirenz,Generic,600mg,Tablet,30,"2,500",37672.35,15.07,0.5,Hetero Unit III Hyderabad IN,TRUE,Weight Captured Separately,Freight Included in Commodity Cost,46.6
"11,883",109-TZ-T01,Pre-PQ Process,SO-1943,DN-664,Tanzania,PMO - US,From RDC,N/A - From RDC,Air,Pre-PQ Process,N/A - From RDC,23-Apr-08,23-Apr-08,23-Apr-08,ARV,Pediatric,SCMS from RDC,"Didanosine 100mg, chewable/dispersible tablets, 60 Tabs",Didanosine,Generic,100mg,Chewable/dispersible tablet,60,"11,640",90210.00,7.75,0.13,"Aurobindo Unit III, India",TRUE,2427,"$8,381.22 ",144.34
"11,884",104-CI-T01,Pre-PQ Process,SO-2043,DN-684,Côte d'Ivoire,PMO - US,From RDC,N/A - From RDC,Air,Pre-PQ Process,N/A - From RDC,08-Apr-08,08-Apr-08,08-Apr-08,ARV,Pediatric,SCMS from RDC,"Efavirenz 30mg/ml [Stocrin/Sustiva], oral solution, Bottle, 180 ml",Efavirenz,Stocrin/Sustiva,30mg/ml,Oral solution,180,"1,503",25490.88,16.96,0.09,"MSD, Haarlem, NL",TRUE,608,"$1,996.68 ",40.79
"43,060",133-NG-T30,FPQ-10765,SCMS-162440,ASN-18174,Nigeria,PMO - US,Direct Drop,EXW,Air,10-05-12,10/16/2012,09-Jan-13,26-Feb-13,26-Feb-13,HRDT,HIV test,"Orgenics, Ltd","HIV 1/2, Determine Complete HIV Kit, 100 Tests","HIV 1/2, Determine Complete HIV Kit",Determine,,Test kit,100,"1,960",174440.00,89,0.89,"Alere Medical Co., Ltd.",TRUE,882,Freight Included in Commodity Cost,244.56
"11,888",106-HT-T01,Pre-PQ Process,SO-1287,DN-640,Haiti,PMO - US,From RDC,N/A - From RDC,Air,Pre-PQ Process,N/A - From RDC,04-Mar-08,04-Mar-08,04-Mar-08,ARV,Adult,SCMS from RDC,"Lamivudine 150mg, tablets, 60 Tabs",Lamivudine,Generic,150mg,Tablet,60,"2,871",8727.84,3.04,0.05,"Aurobindo Unit III, India",TRUE,144,"$2,504.44 ",13.96
"11,890",104-CI-T01,Pre-PQ Process,SO-1547,DN-705,Côte d'Ivoire,PMO - US,From RDC,N/A - From RDC,Air,Pre-PQ Process,N/A - From RDC,17-Apr-08,17-Apr-08,17-Apr-08,ARV,Adult,SCMS from RDC,"Saquinavir 200mg [Invirase], capsules, 270 Caps",Saquinavir,Invirase,200mg,Capsule,270,977,76831.28,78.64,0.29,Roche Basel,TRUE,490,"$1,765.40 ",122.93
"11,995",110-ZM-T01,Pre-PQ Process,SO-29050,DN-1327,Zambia,PMO - US,From RDC,N/A - From RDC,Truck,Date Not Captured,N/A - From RDC,04-Sep-09,04-Sep-09,04-Sep-09,ARV,Adult,SCMS from RDC,"Efavirenz 600mg, tablets, 30 Tabs",Efavirenz,Generic,600mg,Tablet,30,"120,000",960000.00,8,0.27,Mylan (formerly Matrix) Nashik,TRUE,9022,"$4,506.18 ","1,881.60"
"43,116",116-ZA-T30,FPQ-13035,SCMS-215370,ASN-24415,South Africa,PMO - US,Direct Drop,DDP,Truck,10-08-13,12-02-13,06-Feb-14,06-Feb-14,06-Feb-14,ARV,Pediatric,S. BUYS WHOLESALER,"Lamivudine 10mg/ml, oral solution w/syringe, Bottle, 240 ml",Lamivudine,Generic,10mg/ml,Oral solution,240,44,311.64,7.08,0.03,"Aurobindo Unit III, India",FALSE,Weight Captured Separately,Freight Included in Commodity Cost,0.39
"11,892",109-TZ-T01,Pre-PQ Process,SO-1999,DN-696,Tanzania,PMO - US,From RDC,N/A - From RDC,Air,Pre-PQ Process,N/A - From RDC,23-Apr-08,23-Apr-08,23-Apr-08,ARV,Adult,SCMS from RDC,"Efavirenz 600mg, tablets, 30 Tabs",Efavirenz,Generic,600mg,Tablet,30,"18,451",229161.42,12.42,0.41,"Aurobindo Unit III, India",TRUE,1636,"$6,195.24 ",366.66
"43,272",116-ZA-T30,FPQ-13973,SCMS-238556,ASN-31854,South Africa,PMO - US,Direct Drop,DDP,Truck,4/30/2014,4/28/2015,28-Apr-15,28-Apr-15,28-Apr-15,ARV,Adult,PHARMACY DIRECT,"Lamivudine 150mg, tablets, 60 Tabs",Lamivudine,Generic,150mg,Tablet,60,80,731.44,9.14,0.15,"Aurobindo Unit III, India",FALSE,Weight Captured Separately,Freight Included in Commodity Cost,0.75
"11,894",113-ZW-T01,Pre-PQ Process,SO-1922,DN-644,Zimbabwe,PMO - US,From RDC,N/A - From RDC,Truck,Pre-PQ Process,N/A - From RDC,12-Mar-08,12-Mar-08,12-Mar-08,ARV,Adult,SCMS from RDC,"Zidovudine 300mg, tablets, 60 Tabs",Zidovudine,Generic,300mg,Tablet,60,525,4278.75,8.15,0.14,"Aurobindo Unit III, India",TRUE,395,"$1,746.30 ",6.85
"11,895",130-NG-T01,Pre-PQ Process,SO-2500,DN-729,Nigeria,PMO - US,From RDC,N/A - From RDC,Air,Pre-PQ Process,N/A - From RDC,09-May-08,09-May-08,09-May-08,ARV,Adult,SCMS from RDC,"Efavirenz 600mg, tablets, 30 Tabs",Efavirenz,Generic,600mg,Tablet,30,"1,031",12382.31,12.01,0.4,"Aurobindo Unit III, India",TRUE,236,"$1,651.16 ",19.81
"11,897",119-NA-T01,Pre-PQ Process,SO-1929,DN-650,Namibia,PMO - US,From RDC,N/A - From RDC,Air,Pre-PQ Process,N/A - From RDC,17-Apr-08,17-Apr-08,17-Apr-08,HRDT,HIV test,SCMS from RDC,"HIV 1/2, Determine HIV Kit, without Lancets, 100 Tests","HIV 1/2, Determine HIV Kit, without Lancets",Determine,,Test kit,100,90,6479.10,71.99,0.72,Inverness Japan,TRUE,21,"$1,730.41 ",10.37
"43,450",116-ZA-T30,FPQ-12522,SCMS-199283,ASN-27978,South Africa,PMO - US,Direct Drop,DDP,Truck,07-11-13,8/27/2014,27-Aug-14,27-Aug-14,27-Aug-14,ARV,Pediatric,S. BUYS WHOLESALER,"Efavirenz 200mg, capsule, 90 Caps",Efavirenz,Generic,200mg,Capsule,90,25,659.22,26.37,0.29,"Aurobindo Unit III, India",FALSE,Weight Captured Separately,Freight Included in Commodity Cost,0.82
"11,900",102-KE-T01,Pre-PQ Process,SO-1599,DN-706,Kenya,PMO - US,From RDC,N/A - From RDC,Truck,Pre-PQ Process,N/A - From RDC,08-Apr-08,08-Apr-08,08-Apr-08,HRDT,HIV test,SCMS from RDC,"HIV 1/2, Bioline 3.0 Kit, Lancets, Capillary pipets, Alcohol swabs included, 25 Tests","HIV 1/2, Bioline 3.0 Kit, Lancets, Capillary pipets, Alcohol swabs included",Bioline,,Test kit,25,"2,688",53760.00,20,0.8,"Standard Diagnostics, Korea",TRUE,965,$838.83 ,86.02
"11,902",112-NG-T01,Pre-PQ Process,SO-2731,DN-776,Nigeria,PMO - US,From RDC,N/A - From RDC,Truck,Pre-PQ Process,N/A - From RDC,03-Jun-08,03-Jun-08,03-Jun-08,ARV,Pediatric,SCMS from RDC,"Lamivudine 10mg/ml, oral solution, Bottle, 240 ml",Lamivudine,Generic,10mg/ml,Oral solution,240,"1,000",1920.00,1.92,0.01,"Aurobindo Unit III, India",TRUE,346,"$1,988.90 ",3.07
"11,903",106-HT-T01,Pre-PQ Process,SO-12161,DN-892,Haiti,PMO - US,From RDC,N/A - From RDC,Air,Pre-PQ Process,N/A - From RDC,09-Sep-08,09-Sep-08,09-Sep-08,ARV,Pediatric,SCMS from RDC,"Zidovudine 10mg/ml, oral solution, Bottle, 240 ml",Zidovudine,Generic,10mg/ml,Oral solution,240,"1,440",3024.00,2.1,0.01,"Aurobindo Unit III, India",TRUE,538,"$7,100.67 ",4.84
"43,507",116-ZA-T30,FPQ-14942,SCMS-259074,ASN-31070,South Africa,PMO - US,Direct Drop,DDP,Truck,09-11-14,03-09-15,09-Mar-15,09-Mar-15,09-Mar-15,ARV,Pediatric,PHARMACY DIRECT,"Abacavir 20mg/ml, oral solution, Bottle, 240 ml",Abacavir,Generic,20mg/ml,Oral solution,240,13,230.24,17.71,0.07,"Aurobindo Unit III, India",FALSE,Weight Captured Separately,Freight Included in Commodity Cost,0.24
"43,537",116-ZA-T30,FPQ-14942,SCMS-259075,ASN-32137,South Africa,PMO - US,Direct Drop,DDP,Truck,09-11-14,05-11-15,12-May-15,12-May-15,12-May-15,ARV,Adult,PHARMACY DIRECT,"Saquinavir 200mg [Invirase], capsules, 270 Caps",Saquinavir,Invirase,200mg,Capsule,270,27,1498.82,55.51,0.21,Roche Madrid,FALSE,Weight Captured Separately,Freight Included in Commodity Cost,1.54
"43,906",116-ZA-T30,FPQ-13973,SCMS-238556,ASN-31854,South Africa,PMO - US,Direct Drop,DDP,Truck,4/30/2014,4/28/2015,28-Apr-15,28-Apr-15,28-Apr-15,ARV,Pediatric,PHARMACY DIRECT,"Abacavir 20mg/ml, oral solution, Bottle, 240 ml",Abacavir,Generic,20mg/ml,Oral solution,240,16,392.16,24.51,0.1,"Aurobindo Unit III, India",FALSE,Weight Captured Separately,Freight Included in Commodity Cost,0.4
"11,907",106-HT-T01,Pre-PQ Process,SO-12150,DN-859,Haiti,PMO - US,From RDC,N/A - From RDC,Air,Pre-PQ Process,N/A - From RDC,07-Aug-08,07-Aug-08,07-Aug-08,ARV,Pediatric,SCMS from RDC,"Efavirenz 30mg/ml [Stocrin/Sustiva], oral solution, Bottle, 180 ml",Efavirenz,Stocrin/Sustiva,30mg/ml,Oral solution,180,150,2544.00,16.96,0.09,"MSD, Haarlem, NL",TRUE,702,"$8,762.02 ",4.07
"43,643",116-ZA-T30,FPQ-5535,SCMS-71370,ASN-7373,South Africa,PMO - US,Direct Drop,DDP,Truck,4/19/2010,4/21/2010,31-May-10,31-May-10,31-May-10,ARV,Pediatric,S. BUYS WHOLESALER,"Lamivudine 10mg/ml [Epivir], oral solution, Bottle, 240 ml",Lamivudine,Epivir,10mg/ml,Oral solution,240,500,3093.93,6.19,0.03,GSK Mississauga (Canada),FALSE,Weight Captured Separately,Freight Included in Commodity Cost,6.67
"11,909",126-NG-T01,Pre-PQ Process,SO-10770,DN-870,Nigeria,PMO - US,From RDC,N/A - From RDC,Air,Pre-PQ Process,N/A - From RDC,18-Aug-08,18-Aug-08,18-Aug-08,ARV,Adult,SCMS from RDC,"Stavudine 30mg, capsules, 60 Caps",Stavudine,Generic,30mg,Capsule,60,"13,380",20739.00,1.55,0.03,"Aurobindo Unit III, India",TRUE,925,"$9,185.15 ",33.18
"11,910",112-NG-T01,Pre-PQ Process,SO-2727,DN-888,Nigeria,PMO - US,From RDC,N/A - From RDC,Air,Pre-PQ Process,N/A - From RDC,31-Aug-08,31-Aug-08,31-Aug-08,ARV,Adult,SCMS from RDC,"Lamivudine/Zidovudine 150/300mg, tablets, 60 Tabs",Lamivudine/Zidovudine,Generic,150/300mg,Tablet - FDC,60,"1,001",9359.35,9.35,0.16,Mylan (formerly Matrix) Nashik,TRUE,82,"$1,151.48 ",14.97
"43,762",116-ZA-T30,FPQ-13973,SCMS-238552,ASN-27610,South Africa,PMO - US,Direct Drop,DDP,Truck,4/30/2014,08-05-14,05-Aug-14,05-Aug-14,05-Aug-14,ARV,Adult,PHARMACY DIRECT,"Etravirine 100mg [Intelence], tablets, 120 Tabs",Etravirine,Intelence,100mg,Tablet,120,12,425.03,35.42,0.3,"Janssen-Cilag, Latina, IT",FALSE,Weight Captured Separately,Freight Included in Commodity Cost,0.44
"11,914",510-KE-T01,Pre-PQ Process,SO-12690,DN-875,Kenya,PMO - US,From RDC,N/A - From RDC,Air,Pre-PQ Process,N/A - From RDC,26-Aug-08,26-Aug-08,26-Aug-08,HRDT,HIV test,SCMS from RDC,"HIV 1/2, Uni-Gold HIV Kit, 20 Tests","HIV 1/2, Uni-Gold HIV Kit",Uni-Gold,,Test kit,20,"4,926",157632.00,32,1.6,"Trinity Biotech, Plc",TRUE,2695,"$11,898.80 ",252.21
"43,875",116-ZA-T30,FPQ-13973,SCMS-238551,ASN-26882,South Africa,PMO - US,Direct Drop,DDP,Truck,4/30/2014,6/25/2014,25-Jun-14,25-Jun-14,25-Jun-14,ARV,Adult,PHARMACY DIRECT,"Nevirapine 200mg, tablets, 60 Tabs",Nevirapine,Generic,200mg,Tablet,60,23,408.18,17.75,0.3,"Aurobindo Unit III, India",FALSE,Weight Captured Separately,Freight Included in Commodity Cost,0.42
"11,917",132-NG-T01,Pre-PQ Process,SO-2707,DN-921,Nigeria,PMO - US,From RDC,N/A - From RDC,Air,Pre-PQ Process,N/A - From RDC,28-Sep-08,28-Sep-08,28-Sep-08,ARV,Adult,SCMS from RDC,"Efavirenz 600mg, tablets, 30 Tabs",Efavirenz,Generic,600mg,Tablet,30,"25,000",300250.00,12.01,0.4,"Aurobindo Unit III, India",TRUE,6124,"$13,353.34 ",480.4
"11,918",106-HT-T01,Pre-PQ Process,SO-12162,DN-942,Haiti,PMO - US,From RDC,N/A - From RDC,Air,Pre-PQ Process,N/A - From RDC,10-Oct-08,10-Oct-08,10-Oct-08,ARV,Pediatric,SCMS from RDC,"Zidovudine 10mg/ml, oral solution, Bottle, 240 ml",Zidovudine,Generic,10mg/ml,Oral solution,240,"2,613",5487.30,2.1,0.01,"Aurobindo Unit III, India",TRUE,979,"$11,836.61 ",8.78
"11,919",110-ZM-T01,Pre-PQ Process,SO-16670,DN-993,Zambia,PMO - US,From RDC,N/A - From RDC,Truck,Pre-PQ Process,N/A - From RDC,01-Dec-08,01-Dec-08,01-Dec-08,ARV,Adult,SCMS from RDC,"Nevirapine 200mg, tablets, 60 Tabs",Nevirapine,Generic,200mg,Tablet,60,"20,989",71362.60,3.4,0.06,Hetero Unit III Hyderabad IN,TRUE,1162,"$3,629.37 ",139.87
"11,920",107-RW-T01,Pre-PQ Process,SO-17220,DN-962,Rwanda,PMO - US,From RDC,N/A - From RDC,Truck,Pre-PQ Process,N/A - From RDC,05-Nov-08,05-Nov-08,05-Nov-08,ARV,Adult,SCMS from RDC,"Nevirapine 200mg, tablets, 60 Tabs",Nevirapine,Generic,200mg,Tablet,60,"4,703",15049.60,3.2,0.05,"Aurobindo Unit III, India",TRUE,455,"$3,754.14 ",29.5
"43,892",116-ZA-T30,FPQ-15269,SCMS-267020,ASN-29764,South Africa,PMO - US,Direct Drop,DDP,Truck,10/29/2014,12-10-14,10-Dec-14,10-Dec-14,10-Dec-14,ARV,Adult,S. BUYS WHOLESALER,"Didanosine 400mg, delayed-release capsules, 30 Caps",Didanosine,Generic,400mg,Delayed-release capsules,30,12,209.09,17.42,0.58,"Aurobindo Unit III, India",FALSE,Weight Captured Separately,Freight Included in Commodity Cost,0.25
"11,923",104-CI-T01,Pre-PQ Process,SO-16222,DN-1072,Côte d'Ivoire,PMO - US,From RDC,N/A - From RDC,Air,Pre-PQ Process,N/A - From RDC,14-Feb-09,14-Feb-09,14-Feb-09,ARV,Adult,SCMS from RDC,"Abacavir 300mg, tablets, 60 Tabs",Abacavir,Generic,300mg,Tablet,60,"3,000",76740.00,25.58,0.43,Mylan (formerly Matrix) Nashik,TRUE,187,"$5,110.42 ",150.41
"11,924",107-RW-T01,Pre-PQ Process,SO-23000,DN-1074,Rwanda,PMO - US,From RDC,N/A - From RDC,Air,Pre-PQ Process,N/A - From RDC,06-Feb-09,06-Feb-09,06-Feb-09,ARV,Adult,SCMS from RDC,"Lamivudine 150mg, tablets, 60 Tabs",Lamivudine,Generic,150mg,Tablet,60,"10,530",25693.20,2.44,0.04,"Aurobindo Unit III, India",TRUE,544,"$5,029.05 ",50.36
"43,918",116-ZA-T30,FPQ-13973,SCMS-238550,ASN-30792,South Africa,PMO - US,Direct Drop,DDP,Truck,4/30/2014,05-08-14,19-Feb-15,19-Feb-15,19-Feb-15,ARV,Pediatric,PHARMACY DIRECT,"Efavirenz 200mg, capsule, 90 Caps",Efavirenz,Generic,200mg,Capsule,90,3,70.76,23.59,0.26,"Aurobindo Unit III, India",FALSE,Weight Captured Separately,Freight Included in Commodity Cost,0.07
"43,928",116-ZA-T30,FPQ-12522,SCMS-199283,ASN-27980,South Africa,PMO - US,Direct Drop,DDP,Truck,07-11-13,8/27/2014,27-Aug-14,27-Aug-14,27-Aug-14,ARV,Adult,S. BUYS WHOLESALER,"Tenofovir Disoproxil Fumarate 300mg, tablets, 30 Tabs",Tenofovir Disoproxil Fumarate,Generic,300mg,Tablet,30,98,2214.85,22.6,0.75,"Aurobindo Unit III, India",FALSE,Weight Captured Separately,Freight Included in Commodity Cost,2.74
"11,927",100-SL-T01,Pre-PQ Process,SO-12770,DN-885,Sierra Leone,PMO - US,From RDC,N/A - From RDC,Air,Pre-PQ Process,N/A - From RDC,22-Aug-08,22-Aug-08,22-Aug-08,HRDT,HIV test,SCMS from RDC,"HIV 1/2, Uni-Gold HIV Kit, 20 Tests","HIV 1/2, Uni-Gold HIV Kit",Uni-Gold,,Test kit,20,500,16000.00,32,1.6,"Trinity Biotech, Plc",TRUE,163,"$7,795 ",25.6
"11,928",104-CI-T01,Pre-PQ Process,SO-16221,DN-1089,Côte d'Ivoire,PMO - US,From RDC,N/A - From RDC,Air,Pre-PQ Process,N/A - From RDC,02-Mar-09,02-Mar-09,02-Mar-09,ARV,Pediatric,SCMS from RDC,"Stavudine 1mg/ml, powder for oral solution, 200 ml",Stavudine,Generic,1mg/ml,Oral solution,200,"1,200",1680.00,1.4,0.01,"Aurobindo Unit III, India",TRUE,115,"$1,297.57 ",3.29
"11,932",151-NG-T01,Pre-PQ Process,SO-21782,DN-1144,Nigeria,PMO - US,From RDC,N/A - From RDC,Air,Pre-PQ Process,N/A - From RDC,24-Mar-09,24-Mar-09,24-Mar-09,ARV,Adult,SCMS from RDC,"Emtricitabine/Tenofovir Disoproxil Fumarate 200/300mg [Truvada], tablets, 30 Tabs",Emtricitabine/Tenofovir Disoproxil Fumarate,Truvada,300/200mg,Tablet - FDC,30,"37,666",988732.50,26.25,0.88,"Aspen-OSD, Port Elizabeth, SA",TRUE,3273,"$6,443.63 ","1,937.92"
"43,932",116-ZA-T30,FPQ-12522,SCMS-199283,ASN-27976,South Africa,PMO - US,Direct Drop,DDP,Truck,07-11-13,8/27/2014,27-Aug-14,27-Aug-14,27-Aug-14,ARV,Adult,S. BUYS WHOLESALER,"Lamivudine/Zidovudine 150/300mg, tablets, 60 Tabs",Lamivudine/Zidovudine,Generic,150/300mg,Tablet - FDC,60,55,1814.33,32.99,0.55,Hetero Unit III Hyderabad IN,FALSE,Weight Captured Separately,Freight Included in Commodity Cost,2.24
"43,972",116-ZA-T30,FPQ-13973,SCMS-238556,ASN-31854,South Africa,PMO - US,Direct Drop,DDP,Truck,4/30/2014,4/28/2015,28-Apr-15,28-Apr-15,28-Apr-15,ARV,Adult,PHARMACY DIRECT,"Efavirenz 600mg, tablets, 30 Tabs",Efavirenz,Generic,600mg,Tablet,30,60,935.70,15.6,0.52,"Aurobindo Unit III, India",FALSE,Weight Captured Separately,Freight Included in Commodity Cost,0.96
"44,031",116-ZA-T30,FPQ-12522,SCMS-199289,ASN-28037,South Africa,PMO - US,Direct Drop,DDP,Truck,07-11-13,8/29/2014,29-Aug-14,29-Aug-14,29-Aug-14,ARV,Adult,S. BUYS WHOLESALER,"Didanosine 250mg, delayed-release capsules, 30 Caps",Didanosine,Generic,250mg,Delayed-release capsules,30,8,134.55,16.82,0.56,"Aurobindo Unit III, India",FALSE,Weight Captured Separately,Freight Included in Commodity Cost,0.17
"44,131",116-ZA-T30,FPQ-15269,SCMS-267020,ASN-29764,South Africa,PMO - US,Direct Drop,DDP,Truck,10/29/2014,12-10-14,10-Dec-14,10-Dec-14,10-Dec-14,ARV,Adult,S. BUYS WHOLESALER,"Abacavir 300mg, tablets, 60 Tabs",Abacavir,Generic,300mg,Tablet,60,82,5009.96,61.1,1.02,"Aurobindo Unit III, India",FALSE,Weight Captured Separately,Freight Included in Commodity Cost,5.9
"44,183",116-ZA-T30,FPQ-4359,SCMS-54980,ASN-5373,South Africa,PMO - US,Direct Drop,DDP,Truck,10-08-09,10/15/2009,19-Oct-09,19-Oct-09,19-Oct-09,ARV,Adult,S. BUYS WHOLESALER,"Didanosine EC 250mg [Videx EC], delayed-release capsules, Blister 3 x 10 Caps",Didanosine EC,Videx EC,250mg,Delayed-release capsules - blister,30,60,1327.39,22.12,0.74,"BMS Meymac, France",FALSE,Weight Captured Separately,Freight Included in Commodity Cost,2.6
"11,938",106-HT-T01,Pre-PQ Process,SO-23790,DN-1109,Haiti,PMO - US,From RDC,N/A - From RDC,Air,Pre-PQ Process,N/A - From RDC,10-Mar-09,10-Mar-09,10-Mar-09,ARV,Adult,SCMS from RDC,"Abacavir 300mg, tablets, 60 Tabs",Abacavir,Generic,300mg,Tablet,60,450,11452.50,25.45,0.42,Mylan (formerly Matrix) Nashik,TRUE,47,"$1,432.88 ",22.45
"11,939",126-NG-T01,Pre-PQ Process,SO-10750,DN-846,Nigeria,PMO - US,From RDC,N/A - From RDC,Air,Pre-PQ Process,N/A - From RDC,24-Jul-08,24-Jul-08,24-Jul-08,ARV,Adult,SCMS from RDC,"Efavirenz 600mg, tablets, 30 Tabs",Efavirenz,Generic,600mg,Tablet,30,"4,200",49224.00,11.72,0.39,"Aurobindo Unit III, India",TRUE,621,"$4,099.51 ",78.76
"11,940",109-TZ-T01,Pre-PQ Process,SO-2565,DN-853,Tanzania,PMO - US,From RDC,N/A - From RDC,Air,Pre-PQ Process,N/A - From RDC,29-Aug-08,29-Aug-08,29-Aug-08,ARV,Adult,SCMS from RDC,"Lamivudine/Nevirapine/Stavudine 150/200/30mg, tablets, 60 Tabs",Lamivudine/Nevirapine/Stavudine,Generic,150/200/30mg,Tablet - FDC,60,"2,011",14881.40,7.4,0.12,"Cipla, Goa, India",TRUE,6650,"$36,855.60 ",23.81
"44,204",101-ZA-T30,FPQ-12932,SCMS-206100,ASN-24547,South Africa,PMO - US,Direct Drop,DDP,Truck,09-07-13,9/19/2013,17-Feb-14,17-Feb-14,17-Feb-14,ARV,Adult,PHARMACY DIRECT,"Lamivudine 150mg [Epivir], tablets, 60 Tabs",Lamivudine,Epivir,150mg,Tablet,60,"2,500",21941.29,8.78,0.15,GSK Cape Town Factory (South Africa),FALSE,Weight Captured Separately,Freight Included in Commodity Cost,27.14
"44,247",116-ZA-T30,FPQ-12522,SCMS-199283,ASN-27979,South Africa,PMO - US,Direct Drop,DDP,Truck,07-11-13,8/27/2014,27-Aug-14,27-Aug-14,27-Aug-14,ARV,Adult,S. BUYS WHOLESALER,"Didanosine 400mg, delayed-release capsules, 30 Caps",Didanosine,Generic,400mg,Delayed-release capsules,30,9,196.80,21.87,0.73,"Aurobindo Unit III, India",FALSE,Weight Captured Separately,Freight Included in Commodity Cost,0.24
"44,265",107-RW-T30,FPQ-3859,SCMS-48873,ASN-9691,Rwanda,PMO - US,Direct Drop,CIP,Air,6/30/2009,07-07-09,08-Feb-11,08-Feb-11,08-Feb-11,ARV,Adult,Aurobindo Pharma Limited,"Didanosine 400mg, delayed-release capsules, 30 Caps",Didanosine,Generic,400mg,Delayed-release capsules,30,276,6187.92,22.42,0.75,"Aurobindo Unit III, India",TRUE,Weight Captured Separately,Freight Included in Commodity Cost,12.13
"11,945",123-NG-T01,Pre-PQ Process,SO-2554,DN-960,Nigeria,PMO - US,From RDC,N/A - From RDC,Air,Pre-PQ Process,N/A - From RDC,30-Oct-08,30-Oct-08,30-Oct-08,ARV,Adult,SCMS from RDC,"Stavudine 30mg, capsules, 60 Caps",Stavudine,Generic,30mg,Capsule,60,"7,876",11971.52,1.52,0.03,"Aurobindo Unit III, India",TRUE,5588,"$18,617.93 ",23.46
"44,307",161-ZA-T30,FPQ-6708,SCMS-93530,ASN-10252,South Africa,PMO - US,Direct Drop,DDP,Ocean,11/26/2010,12/14/2010,07-Apr-11,09-May-11,09-May-11,ARV,Adult,Aurobindo Pharma Limited,"Tenofovir Disoproxil Fumarate 300mg, tablets, 30 Tabs",Tenofovir Disoproxil Fumarate,Generic,300mg,Tablet,30,"39,878",265188.70,6.65,0.22,"Aurobindo Unit III, India",TRUE,Weight Captured Separately,Freight Included in Commodity Cost,437.56
"44,330",116-ZA-T30,FPQ-12522,SCMS-199283,ASN-27979,South Africa,PMO - US,Direct Drop,DDP,Truck,07-11-13,8/27/2014,27-Aug-14,27-Aug-14,27-Aug-14,ARV,Pediatric,S. BUYS WHOLESALER,"Lamivudine 10mg/ml, oral solution w/syringe, Bottle, 240 ml",Lamivudine,Generic,10mg/ml,Oral solution,240,14,111.95,8,0.03,"Aurobindo Unit III, India",FALSE,Weight Captured Separately,Freight Included in Commodity Cost,0.14
"11,948",110-ZM-T01,Pre-PQ Process,SO-2543,DN-975,Zambia,PMO - US,From RDC,N/A - From RDC,Truck,Pre-PQ Process,N/A - From RDC,25-Nov-08,25-Nov-08,25-Nov-08,ARV,Adult,SCMS from RDC,"Emtricitabine/Tenofovir Disoproxil Fumarate 200/300mg [Truvada], tablets, 30 Tabs",Emtricitabine/Tenofovir Disoproxil Fumarate,Truvada,300/200mg,Tablet - FDC,30,"100,000",2625000.00,26.25,0.88,"Aspen-OSD, Port Elizabeth, SA",TRUE,88190,"$11,519.94 ","5,145"
"44,340",116-ZA-T30,FPQ-13973,SCMS-238554,ASN-28627,South Africa,PMO - US,Direct Drop,DDP,Truck,4/30/2014,10-03-14,03-Oct-14,03-Oct-14,03-Oct-14,ARV,Adult,PHARMACY DIRECT,"Lamivudine 150mg, tablets, 60 Tabs",Lamivudine,Generic,150mg,Tablet,60,51,466.28,9.14,0.15,"Aurobindo Unit III, India",FALSE,Weight Captured Separately,Freight Included in Commodity Cost,0.48
"11,950",104-CI-T01,Pre-PQ Process,SO-16190,DN-1020,Côte d'Ivoire,PMO - US,From RDC,N/A - From RDC,Air,Pre-PQ Process,N/A - From RDC,05-Jan-09,05-Jan-09,05-Jan-09,ARV,Adult,SCMS from RDC,"Lamivudine/Nevirapine/Stavudine 150/200/30mg, tablets, 60 Tabs",Lamivudine/Nevirapine/Stavudine,Generic,150/200/30mg,Tablet - FDC,60,"19,290",138888.00,7.2,0.12,"Cipla, Goa, India",TRUE,2096,"$19,495.73 ",272.22
"11,951",104-CI-T01,Pre-PQ Process,SO-16223,DN-1112,Côte d'Ivoire,PMO - US,From RDC,N/A - From RDC,Air,Pre-PQ Process,N/A - From RDC,05-Mar-09,05-Mar-09,05-Mar-09,ARV,Pediatric,SCMS from RDC,"Stavudine 1mg/ml, powder for oral solution, 200 ml",Stavudine,Generic,1mg/ml,Oral solution,200,800,1120.00,1.4,0.01,"Aurobindo Unit III, India",TRUE,77,"$1,286 ",2.2
"11,953",110-ZM-T01,Pre-PQ Process,SO-1897,DN-927,Zambia,PMO - US,From RDC,N/A - From RDC,,Pre-PQ Process,N/A - From RDC,06-Oct-08,06-Oct-08,06-Oct-08,ARV,Adult,SCMS from RDC,"Efavirenz 600mg, tablets, 30 Tabs",Efavirenz,Generic,600mg,Tablet,30,"20,880",250768.80,12.01,0.4,Mylan (formerly Matrix) Nashik,TRUE,1603,"$8,539.26 ",401.23
"44,463",116-ZA-T30,FPQ-12522,SCMS-199289,ASN-28033,South Africa,PMO - US,Direct Drop,DDP,Truck,07-11-13,8/29/2014,29-Aug-14,29-Aug-14,29-Aug-14,ARV,Adult,S. BUYS WHOLESALER,"Lamivudine 150mg, tablets, 60 Tabs",Lamivudine,Generic,150mg,Tablet,60,608,5932.29,9.76,0.16,Hetero Unit III Hyderabad IN,FALSE,Weight Captured Separately,Freight Included in Commodity Cost,7.34
"11,955",151-NG-T01,Pre-PQ Process,SO-21800,DN-1134,Nigeria,PMO - US,From RDC,N/A - From RDC,Air Charter,Pre-PQ Process,N/A - From RDC,19-Mar-09,19-Mar-09,19-Mar-09,ARV,Adult,SCMS from RDC,"Lamivudine/Nevirapine/Zidovudine 150/200/300mg, tablets, 60 Tabs",Lamivudine/Nevirapine/Zidovudine,Generic,150/300/200mg,Tablet - FDC,60,"63,940",728916.00,11.4,0.19,"Aurobindo Unit III, India",TRUE,7189,"$11,492.86 ","1,428.68"
"11,956",151-NG-T01,Pre-PQ Process,SO-21808,DN-1142,Nigeria,PMO - US,From RDC,N/A - From RDC,Air Charter,Pre-PQ Process,N/A - From RDC,19-Mar-09,19-Mar-09,19-Mar-09,ARV,Adult,SCMS from RDC,"Lamivudine/Nevirapine/Zidovudine 150/200/300mg, tablets, 60 Tabs",Lamivudine/Nevirapine/Zidovudine,Generic,150/300/200mg,Tablet - FDC,60,"4,314",49179.60,11.4,0.19,"Aurobindo Unit III, India",TRUE,485,"$22,985.73 ",96.39
"44,486",116-ZA-T30,FPQ-13035,SCMS-215370,ASN-24415,South Africa,PMO - US,Direct Drop,DDP,Truck,10-08-13,12-02-13,06-Feb-14,06-Feb-14,06-Feb-14,ARV,Pediatric,S. BUYS WHOLESALER,"Efavirenz 50mg, capsule, 30 Caps",Efavirenz,Generic,50mg,Capsule,30,182,541.83,2.98,0.1,"Aurobindo Unit III, India",FALSE,Weight Captured Separately,Freight Included in Commodity Cost,0.67
"44,577",103-ZW-T30,FPQ-9905,SCMS-148300,ASN-17259,Zimbabwe,PMO - US,Direct Drop,FCA,Air,5/29/2012,7/18/2012,13-Dec-12,13-Dec-12,13-Dec-12,ARV,Pediatric,ABBVIE LOGISTICS (FORMERLY ABBOTT LOGISTICS BV),"Lopinavir/Ritonavir 80/20mg/ml [Kaletra], oral solution, cool, Bottle 5 x 60 ml",Lopinavir/Ritonavir,Kaletra,80/20mg/ml,Oral solution,300,"1,024",31559.68,30.82,0.1,ABBVIE (Abbott) Logis. UK,TRUE,1014,Freight Included in Commodity Cost,44.25
"44,855",116-ZA-T30,FPQ-14942,SCMS-259073,ASN-30671,South Africa,PMO - US,Direct Drop,DDP,Truck,09-11-14,02-12-15,12-Feb-15,12-Feb-15,12-Feb-15,ARV,Adult,PHARMACY DIRECT,"Lamivudine 150mg, tablets, 60 Tabs",Lamivudine,Generic,150mg,Tablet,60,189,1248.67,6.61,0.11,"Aurobindo Unit III, India",FALSE,Weight Captured Separately,Freight Included in Commodity Cost,1.28
"44,908",111-MZ-T30,FPQ-3588,SCMS-45670,ASN-5525,Mozambique,PMO - US,Direct Drop,CIP,Air,3/25/2009,5/13/2009,04-Dec-09,04-Dec-09,04-Dec-09,ARV,Adult,GLAXOSMITHKLINE EXPORT LIMITED,"Abacavir/Lamivudine/Zidovudine 300/150/300mg [Trizivir], tablets, 60 Tabs",Abacavir/Lamivudine/Zidovudine,Trizivir,300/150/300mg,Tablet - FDC,60,"1,020",54784.20,53.71,0.9,GSK Ware (UK),FALSE,Weight Captured Separately,Freight Included in Commodity Cost,107.38
"44,913",116-ZA-T30,FPQ-11828,SCMS-183950,ASN-19166,South Africa,South Africa Field Office,Direct Drop,DDP,Truck,3/18/2013,Date Not Captured,16-Apr-13,16-Apr-13,16-Apr-13,ARV,Adult,S. BUYS WHOLESALER,"Lopinavir/Ritonavir 200/50mg [Aluvia], tablets, 120 Tabs",Lopinavir/Ritonavir,Aluvia,200/50mg,Tablet,120,62,1549.54,24.99,0.21,ABBVIE Ludwigshafen Germany,FALSE,Weight Captured Separately,Freight Included in Commodity Cost,1.92
"11,962",104-CI-T01,Pre-PQ Process,SO-21882,DN-1171,Côte d'Ivoire,PMO - US,From RDC,N/A - From RDC,Air,Pre-PQ Process,N/A - From RDC,12-May-09,12-May-09,12-May-09,ARV,Pediatric,SCMS from RDC,"Abacavir 20mg/ml, oral solution, Bottle, 240 ml",Abacavir,Generic,20mg/ml,Oral solution,240,352,5280.00,15,0.06,"Aurobindo Unit III, India",TRUE,125,"$1,328.03 ",10.35
"11,963",106-HT-T01,Pre-PQ Process,SO-24831,DN-1173,Haiti,PMO - US,From RDC,N/A - From RDC,Air,Pre-PQ Process,N/A - From RDC,14-Apr-09,14-Apr-09,14-Apr-09,ARV,Pediatric,SCMS from RDC,"Abacavir 20mg/ml, oral solution, Bottle, 240 ml",Abacavir,Generic,20mg/ml,Oral solution,240,274,4110.00,15,0.06,"Aurobindo Unit III, India",TRUE,98,"$1,763.84 ",8.06
"11,964",111-MZ-T01,Pre-PQ Process,SO-25020,DN-1175,Mozambique,PMO - US,From RDC,N/A - From RDC,Air,Pre-PQ Process,N/A - From RDC,08-Jun-09,08-Jun-09,08-Jun-09,ARV,Adult,SCMS from RDC,"Lamivudine/Nevirapine/Zidovudine 150/200/300mg, tablets, 60 Tabs",Lamivudine/Nevirapine/Zidovudine,Generic,150/300/200mg,Tablet - FDC,60,"10,808",127534.40,11.8,0.2,Mylan (formerly Matrix) Nashik,TRUE,1320,"$6,759.55 ",249.97
"44,922",106-HT-T30,FPQ-9894,SCMS-147600,ASN-15679,Haiti,PMO - US,Direct Drop,DDP,Truck,5/22/2012,06-05-12,28-Jun-12,05-Jul-12,05-Jul-12,HRDT,HIV test,REINBOLD EXPORT IMPORT,"HIV 1/2, Determine Complete HIV Kit, 100 Tests","HIV 1/2, Determine Complete HIV Kit",Determine,,Test kit,100,"1,250",160937.50,128.75,1.29,"Alere Medical Co., Ltd.",TRUE,Weight Captured Separately,Freight Included in Commodity Cost,225.63
"11,967",151-NG-T01,Pre-PQ Process,SO-22522,DN-1198,Nigeria,PMO - US,From RDC,N/A - From RDC,Air,Pre-PQ Process,N/A - From RDC,30-Apr-09,30-Apr-09,30-Apr-09,ARV,Adult,SCMS from RDC,"Emtricitabine/Tenofovir Disoproxil Fumarate 200/300mg [Truvada], tablets, 30 Tabs",Emtricitabine/Tenofovir Disoproxil Fumarate,Truvada,300/200mg,Tablet - FDC,30,"2,067",54258.75,26.25,0.88,"Aspen-OSD, Port Elizabeth, SA",TRUE,235,"$2,922.53 ",106.35
"45,020",116-ZA-T30,FPQ-13973,SCMS-238552,ASN-27610,South Africa,PMO - US,Direct Drop,DDP,Truck,4/30/2014,08-05-14,05-Aug-14,05-Aug-14,05-Aug-14,ARV,Adult,PHARMACY DIRECT,"Raltegravir 400mg [Isentress], tablets, 60 Tabs",Raltegravir,Isentress,400mg,Tablet,60,20,1599.83,79.99,1.33,"MSD, Haarlem, NL",FALSE,Weight Captured Separately,Freight Included in Commodity Cost,1.64
"45,034",116-ZA-T30,FPQ-4054,SCMS-51260,ASN-4939,South Africa,PMO - US,Direct Drop,DDP,Truck,7/29/2009,08-07-09,03-Sep-09,03-Sep-09,03-Sep-09,ARV,Adult,S. BUYS WHOLESALER,"Ritonavir 100mg [Norvir], capsules, cool, 84 Caps",Ritonavir,Norvir,100mg,Capsule,84,40,431.92,10.8,0.13,ABBVIE (Abbott) Logis. UK,TRUE,Weight Captured Separately,Freight Included in Commodity Cost,0.85
"11,970",104-CI-T01,Pre-PQ Process,SO-27520,DN-1234,Côte d'Ivoire,PMO - US,From RDC,N/A - From RDC,Air,Pre-PQ Process,N/A - From RDC,11-Jun-09,11-Jun-09,11-Jun-09,ARV,Pediatric,SCMS from RDC,"Efavirenz 200mg, capsule, 90 Caps",Efavirenz,Generic,200mg,Capsule,90,"1,680",25636.80,15.26,0.17,"Aurobindo Unit III, India",TRUE,3337,"$9,936.96 ",50.25
"45,048",116-ZA-T30,FPQ-13035,SCMS-215370,ASN-24415,South Africa,PMO - US,Direct Drop,DDP,Truck,10-08-13,12-02-13,06-Feb-14,06-Feb-14,06-Feb-14,ARV,Adult,S. BUYS WHOLESALER,"Stavudine 30mg, capsules, 60 Caps",Stavudine,Generic,30mg,Capsule,60,408,1608.59,3.94,0.07,"Aurobindo Unit III, India",FALSE,Weight Captured Separately,Freight Included in Commodity Cost,1.99
"45,057",116-ZA-T30,FPQ-12522,SCMS-199289,ASN-28036,South Africa,PMO - US,Direct Drop,DDP,Truck,07-11-13,8/29/2014,29-Aug-14,29-Aug-14,29-Aug-14,ARV,Adult,S. BUYS WHOLESALER,"Efavirenz 600mg, tablets, 30 Tabs",Efavirenz,Generic,600mg,Tablet,30,"1,043",17283.85,16.57,0.55,Hetero Unit III Hyderabad IN,FALSE,Weight Captured Separately,Freight Included in Commodity Cost,21.38
"11,973",111-MZ-T01,Pre-PQ Process,SO-17530,DN-1176,Mozambique,PMO - US,From RDC,N/A - From RDC,Air,Pre-PQ Process,N/A - From RDC,20-May-09,20-May-09,20-May-09,ARV,Adult,SCMS from RDC,"Indinavir 400mg [Crixivan], capsules, 180 Caps",Indinavir,Crixivan,400mg,Capsule,180,616,30800.00,50,0.28,"MSD, Haarlem, NL",TRUE,227,"$1,943.05 ",60.37
"45,090",116-ZA-T30,FPQ-11828,SCMS-183950,ASN-19166,South Africa,South Africa Field Office,Direct Drop,DDP,Truck,3/18/2013,Date Not Captured,16-Apr-13,16-Apr-13,16-Apr-13,ARV,Adult,S. BUYS WHOLESALER,"Tenofovir Disoproxil Fumarate 300mg, tablets, 30 Tabs",Tenofovir Disoproxil Fumarate,Generic,300mg,Tablet,30,621,12768.22,20.56,0.69,"Aurobindo Unit III, India",FALSE,Weight Captured Separately,Freight Included in Commodity Cost,15.79
"11,975",110-ZM-T01,Pre-PQ Process,SO-17630,DN-1240,Zambia,PMO - US,From RDC,N/A - From RDC,Truck,Pre-PQ Process,N/A - From RDC,10-Jun-09,10-Jun-09,10-Jun-09,ARV,Adult,SCMS from RDC,"Efavirenz 600mg, tablets, 30 Tabs",Efavirenz,Generic,600mg,Tablet,30,"100,000",1100000.00,11,0.37,Hetero Unit III Hyderabad IN,TRUE,7736,"$10,069.54 ","2,156"
"45,143",116-ZA-T30,FPQ-12522,SCMS-199289,ASN-28033,South Africa,PMO - US,Direct Drop,DDP,Truck,07-11-13,8/29/2014,29-Aug-14,29-Aug-14,29-Aug-14,ARV,Adult,S. BUYS WHOLESALER,"Didanosine 400mg, delayed-release capsules, 30 Caps",Didanosine,Generic,400mg,Delayed-release capsules,30,17,368.99,21.71,0.72,"Aurobindo Unit III, India",FALSE,Weight Captured Separately,Freight Included in Commodity Cost,0.46
"45,168",116-ZA-T30,FPQ-13035,SCMS-215370,ASN-24415,South Africa,PMO - US,Direct Drop,DDP,Truck,10-08-13,12-02-13,06-Feb-14,06-Feb-14,06-Feb-14,ARV,Adult,S. BUYS WHOLESALER,"Lamivudine/Zidovudine 150/300mg, tablets, 60 Tabs",Lamivudine/Zidovudine,Generic,150/300mg,Tablet - FDC,60,920,25777.70,28.02,0.47,"Cipla, Goa, India",FALSE,Weight Captured Separately,Freight Included in Commodity Cost,31.89
"45,197",116-ZA-T30,FPQ-14942,SCMS-259079,ASN-33851,South Africa,PMO - US,Direct Drop,DDP,Truck,09-11-14,10-09-14,24-Aug-15,24-Aug-15,24-Aug-15,ARV,Adult,PHARMACY DIRECT,"Lamivudine/Zidovudine 150/300mg, tablets, 60 Tabs",Lamivudine/Zidovudine,Generic,150/300mg,Tablet - FDC,60,27,620.91,23,0.38,"Aurobindo Unit III, India",FALSE,Weight Captured Separately,Freight Included in Commodity Cost,0.64
"11,988",106-HT-T01,Pre-PQ Process,SO-24851,DN-1283,Haiti,PMO - US,From RDC,N/A - From RDC,Air,Pre-PQ Process,N/A - From RDC,25-Jun-09,25-Jun-09,25-Jun-09,ARV,Adult,SCMS from RDC,"Nevirapine 200mg, tablets, 60 Tabs",Nevirapine,Generic,200mg,Tablet,60,"18,750",56250.00,3,0.05,Hetero Unit III Hyderabad IN,TRUE,111,"$12,448.02 ",110.25
"45,202",116-ZA-T30,FPQ-11828,SCMS-183950,ASN-19166,South Africa,South Africa Field Office,Direct Drop,DDP,Truck,3/18/2013,Date Not Captured,16-Apr-13,16-Apr-13,16-Apr-13,ARV,Pediatric,S. BUYS WHOLESALER,"Abacavir 20mg/ml [Ziagen], oral solution, Bottle, 240 ml",Abacavir,Ziagen,20mg/ml,Oral solution,240,"1,021",23275.52,22.8,0.1,GSK Mississauga (Canada),FALSE,Weight Captured Separately,Freight Included in Commodity Cost,28.79
"11,990",104-CI-T01,Pre-PQ Process,SO-27531,DN-1314,Côte d'Ivoire,PMO - US,From RDC,N/A - From RDC,Air,Date Not Captured,N/A - From RDC,14-Jul-09,14-Jul-09,14-Jul-09,ARV,Adult,SCMS from RDC,"Efavirenz 600mg, tablets, 30 Tabs",Efavirenz,Generic,600mg,Tablet,30,"26,710",259621.20,9.72,0.32,"Emcure Plot No.P-2, I.T-B.T. Park, Phase II, MIDC, Hinjwadi, Pune, India",TRUE,1866,"$6,111.20 ",508.86
"45,278",116-ZA-T30,FPQ-12522,SCMS-199283,ASN-27980,South Africa,PMO - US,Direct Drop,DDP,Truck,07-11-13,8/27/2014,27-Aug-14,27-Aug-14,27-Aug-14,ARV,Adult,S. BUYS WHOLESALER,"Lopinavir/Ritonavir 200/50mg [Aluvia], tablets, 120 Tabs",Lopinavir/Ritonavir,Aluvia,200/50mg,Tablet,120,23,592.47,25.76,0.21,ABBVIE Ludwigshafen Germany,FALSE,Weight Captured Separately,Freight Included in Commodity Cost,0.73
"11,992",114-UG-T01,Pre-PQ Process,SO-30081,DN-1320,Uganda,PMO - US,From RDC,N/A - From RDC,Air,Date Not Captured,N/A - From RDC,14-Aug-09,14-Aug-09,14-Aug-09,ARV,Adult,SCMS from RDC,"Lamivudine/Nevirapine/Stavudine 150/200/30mg, tablets, 60 Tabs",Lamivudine/Nevirapine/Stavudine,Generic,150/200/30mg,Tablet - FDC,60,"1,604",11420.48,7.12,0.12,"Strides, Bangalore, India.",TRUE,120,"$1,670.63 ",22.38
"11,993",114-UG-T01,Pre-PQ Process,SO-30080,DN-1322,Uganda,PMO - US,From RDC,N/A - From RDC,Air,Date Not Captured,N/A - From RDC,17-Jul-09,17-Jul-09,17-Jul-09,ARV,Adult,SCMS from RDC,"Lamivudine/Nevirapine/Stavudine 150/200/30mg, tablets, 60 Tabs",Lamivudine/Nevirapine/Stavudine,Generic,150/200/30mg,Tablet - FDC,60,"4,340",30900.80,7.12,0.12,"Strides, Bangalore, India.",TRUE,322,"$3,017.15 ",60.57
"11,996",151-NG-T01,Pre-PQ Process,SO-32646,DN-1340,Nigeria,PMO - US,From RDC,N/A - From RDC,Air Charter,Date Not Captured,N/A - From RDC,04-Aug-09,04-Aug-09,04-Aug-09,ARV,Adult,SCMS from RDC,"Lamivudine/Nevirapine/Zidovudine 150/200/300mg, tablets, 60 Tabs",Lamivudine/Nevirapine/Zidovudine,Generic,150/300/200mg,Tablet - FDC,60,"4,314",49179.60,11.4,0.19,"Aurobindo Unit III, India",TRUE,486,"$7,445.80 ",96.39
"11,997",151-NG-T01,Pre-PQ Process,SO-32642,DN-1344,Nigeria,PMO - US,From RDC,N/A - From RDC,Air Charter,Date Not Captured,N/A - From RDC,04-Aug-09,04-Aug-09,04-Aug-09,ARV,Adult,SCMS from RDC,"Lamivudine/Nevirapine/Zidovudine 150/200/300mg, tablets, 60 Tabs",Lamivudine/Nevirapine/Zidovudine,Generic,150/300/200mg,Tablet - FDC,60,"41,949",478218.60,11.4,0.19,"Aurobindo Unit III, India",TRUE,4724,"$7,445.80 ",937.31
"45,320",116-ZA-T30,FPQ-12522,SCMS-199283,ASN-27979,South Africa,PMO - US,Direct Drop,DDP,Truck,07-11-13,8/27/2014,27-Aug-14,27-Aug-14,27-Aug-14,ARV,Adult,S. BUYS WHOLESALER,"Nevirapine 200mg, tablets, 60 Tabs",Nevirapine,Generic,200mg,Tablet,60,33,650.70,19.72,0.33,"Aurobindo Unit III, India",FALSE,Weight Captured Separately,Freight Included in Commodity Cost,0.8
"11,999",106-HT-T01,Pre-PQ Process,SO-32730,DN-1374,Haiti,PMO - US,From RDC,N/A - From RDC,Air,Date Not Captured,N/A - From RDC,31-Jul-09,31-Jul-09,31-Jul-09,ARV,Adult,SCMS from RDC,"Stavudine 15mg, capsules, 60 Caps",Stavudine,Generic,15mg,Capsule,60,108,162.00,1.5,0.02,"Aurobindo Unit III, India",TRUE,78,"$6,811.40 ",0.32
"12,000",111-MZ-T01,Pre-PQ Process,SO-32530,DN-1380,Mozambique,PMO - US,From RDC,N/A - From RDC,Truck,Date Not Captured,N/A - From RDC,17-Sep-09,17-Sep-09,17-Sep-09,ARV,Adult,SCMS from RDC,"Lamivudine/Nevirapine/Stavudine 150/200/30mg, tablets, 60 Tabs",Lamivudine/Nevirapine/Stavudine,Generic,150/200/30mg,Tablet - FDC,60,"17,000",121040.00,7.12,0.12,"Strides, Bangalore, India.",TRUE,4374,"$1,799.88 ",237.24
"45,347",116-ZA-T30,FPQ-12522,SCMS-199283,ASN-27978,South Africa,PMO - US,Direct Drop,DDP,Truck,07-11-13,8/27/2014,27-Aug-14,27-Aug-14,27-Aug-14,ARV,Adult,S. BUYS WHOLESALER,"Abacavir 300mg, tablets, 60 Tabs",Abacavir,Generic,300mg,Tablet,60,50,3857.34,77.15,1.29,"Aurobindo Unit III, India",FALSE,Weight Captured Separately,Freight Included in Commodity Cost,4.77
"45,348",116-ZA-T30,FPQ-14942,SCMS-259077,ASN-33478,South Africa,PMO - US,Direct Drop,DDP,Truck,09-11-14,10-09-14,24-Jul-15,24-Jul-15,24-Jul-15,ARV,Adult,PHARMACY DIRECT,"Darunavir 600mg [Prezista], tablets, 60 Tabs",Darunavir,Prezista,600mg,Tablet,60,37,1874.52,50.66,0.84,"Janssen-Cilag, Latina, IT",FALSE,Weight Captured Separately,Freight Included in Commodity Cost,1.93
"12,004",114-UG-T01,Pre-PQ Process,SO-32930,DN-1402,Uganda,PMO - US,From RDC,N/A - From RDC,Air,Date Not Captured,N/A - From RDC,09-Sep-09,09-Sep-09,09-Sep-09,ARV,Adult,SCMS from RDC,"Lamivudine/Nevirapine/Zidovudine 150/200/300mg, tablets, 60 Tabs",Lamivudine/Nevirapine/Zidovudine,Generic,150/300/200mg,Tablet - FDC,60,"19,650",223027.50,11.35,0.19,"Aurobindo Unit III, India",TRUE,2237,"$15,250.99 ",437.13
"12,005",110-ZM-T01,Pre-PQ Process,SO-32480,DN-1405,Zambia,PMO - US,From RDC,N/A - From RDC,Truck,Date Not Captured,N/A - From RDC,22-Sep-09,22-Sep-09,22-Sep-09,ARV,Adult,SCMS from RDC,"Lamivudine/Nevirapine/Stavudine 150/200/30mg, tablets, 60 Tabs",Lamivudine/Nevirapine/Stavudine,Generic,150/200/30mg,Tablet - FDC,60,"52,481",373664.72,7.12,0.12,"Cipla, Goa, India",TRUE,5586,"$6,759.28 ",732.38
"45,361",116-ZA-T30,FPQ-3596,SCMS-50360,ASN-5450,South Africa,PMO - US,Direct Drop,DDP,Truck,05-07-09,9/22/2009,27-Oct-09,27-Oct-09,27-Oct-09,ARV,Adult,S. BUYS WHOLESALER,"Lopinavir/Ritonavir 200/50mg [Aluvia], tablets, 120 Tabs",Lopinavir/Ritonavir,Aluvia,200/50mg,Tablet,120,"3,500",152545.53,43.58,0.36,ABBVIE Ludwigshafen Germany,TRUE,Weight Captured Separately,Freight Included in Commodity Cost,298.99
"12,008",114-UG-T01,Pre-PQ Process,SO-31470,DN-1415,Uganda,PMO - US,From RDC,N/A - From RDC,Air,Date Not Captured,N/A - From RDC,14-Sep-09,14-Sep-09,14-Sep-09,ARV,Adult,SCMS from RDC,"Emtricitabine/Tenofovir Disoproxil Fumarate 200/300mg [Truvada], tablets, 30 Tabs",Emtricitabine/Tenofovir Disoproxil Fumarate,Truvada,300/200mg,Tablet - FDC,30,"1,795",47118.75,26.25,0.88,"Aspen-OSD, Port Elizabeth, SA",TRUE,160,"$2,590.35 ",92.35
"45,377",116-ZA-T30,FPQ-12522,SCMS-199289,ASN-28034,South Africa,PMO - US,Direct Drop,DDP,Truck,07-11-13,8/29/2014,29-Aug-14,29-Aug-14,29-Aug-14,ARV,Adult,S. BUYS WHOLESALER,"Abacavir 300mg, tablets, 60 Tabs",Abacavir,Generic,300mg,Tablet,60,86,6545.32,76.11,1.27,"Aurobindo Unit III, India",FALSE,Weight Captured Separately,Freight Included in Commodity Cost,8.1
"45,440",107-RW-T30,FPQ-13651,SCMS-227720,ASN-25268,Rwanda,PMO - US,Direct Drop,EXW,Air,02-05-14,2/28/2014,06-May-14,06-May-14,15-May-14,ARV,Pediatric,Aurobindo Pharma Limited,"Nevirapine 10mg/ml, oral suspension w/syringe, Bottle, 240 ml",Nevirapine,Generic,10mg/ml,Oral suspension,240,"6,821",10299.71,1.51,0.01,"Aurobindo Unit III, India",TRUE,2686,Freight Included in Commodity Cost,10.59
"12,011",151-NG-T01,Pre-PQ Process,SO-33331,DN-1434,Nigeria,PMO - US,From RDC,N/A - From RDC,Air Charter,Date Not Captured,N/A - From RDC,20-Oct-09,20-Oct-09,20-Oct-09,ARV,Adult,SCMS from RDC,"Lamivudine/Nevirapine/Zidovudine 150/200/300mg, tablets, 60 Tabs",Lamivudine/Nevirapine/Zidovudine,Generic,150/300/200mg,Tablet - FDC,60,"52,920",603288.00,11.4,0.19,"Aurobindo Unit III, India",TRUE,5960,"$9,341.49 ","1,182.44"
"12,012",110-ZM-T01,Pre-PQ Process,SO-33021,DN-1448,Zambia,PMO - US,From RDC,N/A - From RDC,Truck,Date Not Captured,N/A - From RDC,13-Oct-09,13-Oct-09,13-Oct-09,ARV,Adult,SCMS from RDC,"Efavirenz 600mg, tablets, 30 Tabs",Efavirenz,Generic,600mg,Tablet,30,"4,000",24880.00,6.22,0.21,"Aurobindo Unit III, India",TRUE,1900,"$4,997.46 ",48.76
"45,460",116-ZA-T30,FPQ-14942,SCMS-259075,ASN-32138,South Africa,PMO - US,Direct Drop,DDP,Truck,09-11-14,05-11-15,12-May-15,12-May-15,12-May-15,ARV,Adult,PHARMACY DIRECT,"Lamivudine/Zidovudine 150/300mg, tablets, 60 Tabs",Lamivudine/Zidovudine,Generic,150/300mg,Tablet - FDC,60,3,64.23,21.41,0.36,"Aurobindo Unit III, India",FALSE,Weight Captured Separately,Freight Included in Commodity Cost,0.07
"12,015",117-ET-T01,Pre-PQ Process,SO-33630,DN-1471,Ethiopia,PMO - US,From RDC,N/A - From RDC,Air,Date Not Captured,N/A - From RDC,06-Oct-09,06-Oct-09,06-Oct-09,ARV,Adult,SCMS from RDC,"Lamivudine 150mg, tablets, 60 Tabs",Lamivudine,Generic,150mg,Tablet,60,"4,500",10980.00,2.44,0.04,Mylan (formerly Matrix) Nashik,TRUE,658,"$4,311.22 ",21.52
"45,536",116-ZA-T30,FPQ-11828,SCMS-183950,ASN-19166,South Africa,South Africa Field Office,Direct Drop,DDP,Truck,3/18/2013,Date Not Captured,16-Apr-13,16-Apr-13,16-Apr-13,ARV,Adult,S. BUYS WHOLESALER,"Nevirapine 200mg [Viramune], tablets, 60 Tabs",Nevirapine,Viramune,200mg,Tablet,60,2,36.18,18.09,0.3,"Boehringer Ing., Koropi, GR",FALSE,Weight Captured Separately,Freight Included in Commodity Cost,0.04
"12,017",114-UG-T01,Pre-PQ Process,SO-34000,DN-1489,Uganda,PMO - US,From RDC,N/A - From RDC,Air,Date Not Captured,N/A - From RDC,29-Oct-09,29-Oct-09,29-Oct-09,ARV,Adult,SCMS from RDC,"Stavudine 30mg, capsules, 60 Caps",Stavudine,Generic,30mg,Capsule,60,300,438.00,1.46,0.02,"Aurobindo Unit III, India",TRUE,20,$667.17 ,0.94
"12,018",114-UG-T01,Pre-PQ Process,SO-33150,DN-1490,Uganda,PMO - US,From RDC,N/A - From RDC,Air,Date Not Captured,N/A - From RDC,29-Oct-09,29-Oct-09,29-Oct-09,ARV,Adult,SCMS from RDC,"Zidovudine 300mg, tablets, 60 Tabs",Zidovudine,Generic,300mg,Tablet,60,589,4435.17,7.53,0.13,"Aurobindo Unit III, India",TRUE,33,$747.17 ,9.56
"12,020",117-ET-T01,Pre-PQ Process,SO-35210,DN-1588,Ethiopia,PMO - US,From RDC,N/A - From RDC,Air,Date Not Captured,N/A - From RDC,08-Dec-09,08-Dec-09,08-Dec-09,ARV,Adult,SCMS from RDC,"Nevirapine 200mg, tablets, 60 Tabs",Nevirapine,Generic,200mg,Tablet,60,"20,000",58000.00,2.9,0.05,"Cipla, Goa, India",TRUE,2190,"$7,573.92 ",125.05
"12,021",117-ET-T01,Pre-PQ Process,SO-34580,DN-1610,Ethiopia,PMO - US,From RDC,N/A - From RDC,Air,Date Not Captured,N/A - From RDC,13-Jan-10,13-Jan-10,13-Jan-10,ARV,Adult,SCMS from RDC,"Nevirapine 200mg, tablets, 60 Tabs",Nevirapine,Generic,200mg,Tablet,60,"25,540",74066.00,2.9,0.05,"Aurobindo Unit III, India",TRUE,2031,"$6,774.59 ",159.69
"45,640",116-ZA-T30,FPQ-12522,SCMS-199281,ASN-24455,South Africa,PMO - US,Direct Drop,DDP,Truck,07-11-13,8/13/2013,10-Feb-14,10-Feb-14,10-Feb-14,ARV,Pediatric,"RAININ INSTRUMENT, LLC.","Lopinavir/Ritonavir 80/20mg/ml [Kaletra], oral solution, cool, Bottle 5 x 60 ml",Lopinavir/Ritonavir,Kaletra,80/20mg/ml,Oral solution,300,2,46.90,23.45,0.08,ABBVIE (Abbott) Logis. UK,TRUE,Weight Captured Separately,Freight Included in Commodity Cost,0.06
"45,652",116-ZA-T30,FPQ-11828,SCMS-183950,ASN-19166,South Africa,South Africa Field Office,Direct Drop,DDP,Truck,3/18/2013,Date Not Captured,16-Apr-13,16-Apr-13,16-Apr-13,ARV,Adult,S. BUYS WHOLESALER,"Emtricitabine/Tenofovir Disoproxil Fumarate 200/300mg, tablets, 30 Tabs",Emtricitabine/Tenofovir Disoproxil Fumarate,Generic,200/300mg,Tablet - FDC,30,3,91.69,30.56,1.02,"Aurobindo Unit III, India",FALSE,Weight Captured Separately,Freight Included in Commodity Cost,0.11
"12,030",110-ZM-T01,Pre-PQ Process,SO-229,DN-41,Zambia,PMO - US,From RDC,N/A - From RDC,,Pre-PQ Process,N/A - From RDC,29-Mar-07,29-Mar-07,29-Mar-07,ARV,Adult,SCMS from RDC,"Abacavir 300mg, tablets, 60 Tabs",Abacavir,Generic,300mg,Tablet,60,"3,334",118357.00,35.5,0.59,"Aurobindo Unit III, India",TRUE,161,"$7,441.23 ",
"45,705",161-ZA-T30,FPQ-6708,SCMS-93530,ASN-10555,South Africa,PMO - US,Direct Drop,DDP,Ocean,11/26/2010,12/14/2010,07-Apr-11,13-Jun-11,13-Jun-11,ARV,Adult,Aurobindo Pharma Limited,"Tenofovir Disoproxil Fumarate 300mg, tablets, 30 Tabs",Tenofovir Disoproxil Fumarate,Generic,300mg,Tablet,30,"28,907",192231.55,6.65,0.22,"Aurobindo Unit III, India",TRUE,Weight Captured Separately,Freight Included in Commodity Cost,317.18
"45,793",116-ZA-T30,FPQ-15869,SCMS-278620,ASN-32073,South Africa,PMO - US,Direct Drop,DDP,Truck,2/23/2015,05-07-15,07-May-15,07-May-15,07-May-15,ARV,Adult,PHARMACY DIRECT,"Efavirenz/Emtricitabine/Tenofovir Disoproxil Fumarate 600/200/300mg, tablets, 30 Tabs",Efavirenz/Emtricitabine/Tenofovir Disoproxil Fumarate,Generic,600/200/300mg,Tablet - FDC,30,"5,000",177172.11,35.43,1.18,Mylan (formerly Matrix) Nashik,TRUE,Weight Captured Separately,Freight Included in Commodity Cost,208.53
"12,034",100-CI-T01,Pre-PQ Process,SO-390,DN-51,Côte d'Ivoire,PMO - US,From RDC,N/A - From RDC,,Pre-PQ Process,N/A - From RDC,04-May-07,04-May-07,04-May-07,ARV,Adult,SCMS from RDC,"Efavirenz 600mg, tablets, 30 Tabs",Efavirenz,Generic,600mg,Tablet,30,"10,000",162500.00,16.25,0.54,"Aurobindo Unit III, India",TRUE,898,"$3,002 ",
"46,010",107-RW-T30,FPQ-6185,SCMS-84440,ASN-9044,Rwanda,PMO - US,Direct Drop,CIP,Air,09-03-10,9/17/2010,09-Dec-10,09-Dec-10,09-Dec-10,ARV,Adult,HETERO LABS LIMITED,"Nevirapine 200mg, tablets, 60 Tabs",Nevirapine,Generic,200mg,Tablet,60,"63,254",166990.56,2.64,0.04,Hetero Unit III Hyderabad IN,TRUE,3700,Freight Included in Commodity Cost,360.03
"46,095",106-HT-T30,FPQ-16100,SCMS-288830,ASN-33571,Haiti,PMO - US,Direct Drop,CIP,Air,3/30/2015,5/22/2015,26-Aug-15,26-Aug-15,27-Aug-15,ARV,Pediatric,"MSD LATIN AMERICA SERVICES, S. DE R.L. DE C.V.","Efavirenz 30mg/ml [Stocrin/Sustiva], oral solution, Bottle, 180 ml",Efavirenz,Stocrin/Sustiva,30mg/ml,Oral solution,180,420,7123.20,16.96,0.09,"MSD, Haarlem, NL",TRUE,Weight Captured Separately,Freight Included in Commodity Cost,8.38
"12,043",100-CI-T01,Pre-PQ Process,SO-437,DN-85,Côte d'Ivoire,PMO - US,From RDC,N/A - From RDC,,Pre-PQ Process,N/A - From RDC,30-Apr-07,30-Apr-07,30-Apr-07,ARV,Adult,SCMS from RDC,"Lamivudine/Nevirapine/Stavudine 150/200/30mg, tablets, 60 Tabs",Lamivudine/Nevirapine/Stavudine,Generic,150/200/30mg,Tablet - FDC,60,"9,000",67500.00,7.5,0.12,"Cipla, Goa, India",TRUE,972,"$3,162 ",
"12,044",100-CI-T01,Pre-PQ Process,SO-411,DN-60,Côte d'Ivoire,PMO - US,From RDC,N/A - From RDC,,Pre-PQ Process,N/A - From RDC,04-May-07,04-May-07,04-May-07,ARV,Adult,SCMS from RDC,"Lamivudine/Zidovudine 150/300mg, tablets, 60 Tabs",Lamivudine/Zidovudine,Generic,150/300mg,Tablet - FDC,60,"1,000",10250.00,10.25,0.17,"Aurobindo Unit III, India",TRUE,114,"$1,470 ",
"12,045",100-CI-T01,Pre-PQ Process,SO-285,DN-74,Côte d'Ivoire,PMO - US,From RDC,N/A - From RDC,,Pre-PQ Process,N/A - From RDC,30-Apr-07,30-Apr-07,30-Apr-07,ARV,Adult,SCMS from RDC,"Tenofovir Disoproxil Fumarate 300mg [Viread], tablets, 30 Tabs",Tenofovir Disoproxil Fumarate,Viread,300mg,Tablet,30,456,7752.00,17,0.57,Gilead(Nycomed) Oranienburg DE,TRUE,682,"$2,527 ",
"46,177",116-ZA-T30,FPQ-12522,SCMS-199289,ASN-28033,South Africa,PMO - US,Direct Drop,DDP,Truck,07-11-13,8/29/2014,29-Aug-14,29-Aug-14,29-Aug-14,ARV,Adult,S. BUYS WHOLESALER,"Nevirapine 200mg, tablets, 60 Tabs",Nevirapine,Generic,200mg,Tablet,60,104,2036.11,19.58,0.33,"Aurobindo Unit III, India",FALSE,Weight Captured Separately,Freight Included in Commodity Cost,2.52
"12,047",100-CI-T01,Pre-PQ Process,SO-431,DN-76,Côte d'Ivoire,PMO - US,From RDC,N/A - From RDC,,Pre-PQ Process,N/A - From RDC,30-Apr-07,30-Apr-07,30-Apr-07,ARV,Adult,SCMS from RDC,"Efavirenz 600mg, tablets, 30 Tabs",Efavirenz,Generic,600mg,Tablet,30,"8,148",132405.00,16.25,0.54,"Aurobindo Unit III, India",TRUE,741,"$2,656 ",
"46,206",116-ZA-T30,FPQ-4359,SCMS-54980,ASN-5372,South Africa,PMO - US,Direct Drop,DDP,Truck,10-08-09,10/15/2009,21-Oct-09,21-Oct-09,21-Oct-09,ARV,Adult,S. BUYS WHOLESALER,"Lamivudine 150mg [Epivir], tablets, 60 Tabs",Lamivudine,Epivir,150mg,Tablet,60,"2,600",16744.82,6.44,0.11,GSK Cape Town Factory (South Africa),FALSE,Weight Captured Separately,Freight Included in Commodity Cost,32.82
"46,227",116-ZA-T30,FPQ-12522,SCMS-199289,ASN-28034,South Africa,PMO - US,Direct Drop,DDP,Truck,07-11-13,8/29/2014,29-Aug-14,29-Aug-14,29-Aug-14,ARV,Pediatric,S. BUYS WHOLESALER,"Abacavir 20mg/ml, oral solution w/syringe, Bottle, 240 ml",Abacavir,Generic,20mg/ml,Oral solution,240,124,3352.74,27.04,0.11,"Aurobindo Unit III, India",FALSE,Weight Captured Separately,Freight Included in Commodity Cost,4.15
"12,058",109-TZ-T01,Pre-PQ Process,SO-306,DN-144,Tanzania,PMO - US,From RDC,N/A - From RDC,Air,Pre-PQ Process,N/A - From RDC,06-Jul-07,06-Jul-07,06-Jul-07,HRDT,HIV test,SCMS from RDC,"HIV 1/2, Uni-Gold HIV Kit, 20 Tests","HIV 1/2, Uni-Gold HIV Kit",Uni-Gold,,Test kit,20,100,3200.00,32,1.6,"Trinity Biotech, Plc",TRUE,Weight Captured Separately,"$2,297 ",
"12,059",111-MZ-T01,Pre-PQ Process,SO-379,DN-183,Mozambique,PMO - US,From RDC,N/A - From RDC,Air,Pre-PQ Process,N/A - From RDC,04-Jul-07,04-Jul-07,04-Jul-07,ARV,Adult,SCMS from RDC,"Abacavir/Lamivudine/Zidovudine 300/150/300mg [Trizivir], tablets, 60 Tabs",Abacavir/Lamivudine/Zidovudine,Trizivir,300/150/300mg,Tablet - FDC,60,"1,019",71330.00,70,1.17,GSK Ware (UK),TRUE,138,$439.17 ,
"12,060",111-MZ-T01,Pre-PQ Process,SO-578,DN-184,Mozambique,PMO - US,From RDC,N/A - From RDC,Air,Pre-PQ Process,N/A - From RDC,11-Jul-07,11-Jul-07,11-Jul-07,ARV,Adult,SCMS from RDC,"Lopinavir/Ritonavir 200/50mg [Aluvia], tablets, 120 Tabs",Lopinavir/Ritonavir,Aluvia,200/50mg,Tablet,120,801,32921.10,41.1,0.34,ABBVIE Ludwigshafen Germany,TRUE,333,$630.23 ,
"46,372",116-ZA-T30,FPQ-5535,SCMS-71370,ASN-7373,South Africa,PMO - US,Direct Drop,DDP,Truck,4/19/2010,4/21/2010,31-May-10,31-May-10,31-May-10,ARV,Pediatric,S. BUYS WHOLESALER,"Nevirapine 10mg/ml [Viramune], oral suspension, Bottle, 240 ml",Nevirapine,Viramune,10mg/ml,Oral suspension,240,120,1897.36,15.81,0.07,Boehringer Ingelheim Roxane US,FALSE,Weight Captured Separately,Freight Included in Commodity Cost,4.09
"46,395",116-ZA-T30,FPQ-13214,SCMS-215430,ASN-23608,South Africa,PMO - US,Direct Drop,DDP,Truck,11/14/2013,12-02-13,09-Dec-13,09-Dec-13,20-Dec-13,ARV,Pediatric,S. BUYS WHOLESALER,"Lopinavir/Ritonavir 80/20mg/ml [Kaletra], oral solution, cool, Bottle 5 x 60 ml",Lopinavir/Ritonavir,Kaletra,80/20mg/ml,Oral solution,300,4,92.50,23.12,0.08,ABBVIE (Abbott) Logis. UK,TRUE,Weight Captured Separately,Freight Included in Commodity Cost,0.1
"46,429",103-ML-T30,FPQ-15006,SCMS-260710,ASN-31431,Mali,PMO - US,Direct Drop,CIP,Air,10-07-14,11/18/2014,20-May-15,20-May-15,16-Jul-15,HRDT,HIV test - Ancillary,Orasure Technologies Inc.,"HIV, OraQuick Controls Kit, 3 Vials","HIV, OraQuick Controls Kit, 3 Vials",OraQuick,,Test kit - Ancillary,1,20,500.00,25,25,"Orasure Technologies, Inc USA",TRUE,Weight Captured Separately,Freight Included in Commodity Cost,0.51
"46,468",161-ZA-T30,FPQ-7175,SCMS-103910,ASN-11194,South Africa,PMO - US,Direct Drop,DDP,Ocean,03-10-11,3/28/2011,06-Sep-11,06-Sep-11,06-Sep-11,ARV,Adult,STRIDES ARCOLAB LIMITED,"Lamivudine 150mg, tablets, 60 Tabs",Lamivudine,Generic,150mg,Tablet,60,"515,000",1251450.00,2.43,0.04,"Strides, Bangalore, India.",TRUE,Weight Captured Separately,Freight Included in Commodity Cost,"2,064.89"
"12,067",112-NG-T01,Pre-PQ Process,SO-636,DN-191,Nigeria,PMO - US,From RDC,N/A - From RDC,,Pre-PQ Process,N/A - From RDC,26-Jun-07,26-Jun-07,26-Jun-07,ARV,Adult,SCMS from RDC,"Lamivudine/Nevirapine/Stavudine 150/200/40mg, tablets, 60 Tabs",Lamivudine/Nevirapine/Stavudine,Generic,150/200/40mg,Tablet - FDC,60,903,6953.10,7.7,0.13,"Cipla, Goa, India",TRUE,57,"$1,339.80 ",11.12
"12,068",113-ZW-T01,Pre-PQ Process,SO-415,DN-140,Zimbabwe,PMO - US,From RDC,N/A - From RDC,,Pre-PQ Process,N/A - From RDC,20-May-07,20-May-07,20-May-07,ARV,Adult,SCMS from RDC,"Efavirenz 600mg, tablets, 30 Tabs",Efavirenz,Generic,600mg,Tablet,30,"2,800",45528.00,16.26,0.54,"Aurobindo Unit III, India",TRUE,246,"$1,130.49 ",
"12,071",110-ZM-T01,Pre-PQ Process,SO-313,DN-207,Zambia,PMO - US,From RDC,N/A - From RDC,,Pre-PQ Process,N/A - From RDC,20-Jun-07,20-Jun-07,20-Jun-07,ARV,Pediatric,SCMS from RDC,"Abacavir 20mg/ml, oral solution, Bottle, 240 ml",Abacavir,Generic,20mg/ml,Oral solution,240,237,5095.50,21.5,0.09,"Aurobindo Unit III, India",TRUE,85,$759.41 ,8.15
"46,513",116-ZA-T30,FPQ-14942,SCMS-259075,ASN-32122,South Africa,PMO - US,Direct Drop,DDP,Truck,09-11-14,05-11-15,12-May-15,12-May-15,12-May-15,ARV,Adult,PHARMACY DIRECT,"Emtricitabine/Tenofovir Disoproxil Fumarate 200/300mg, tablets, 30 Tabs",Emtricitabine/Tenofovir Disoproxil Fumarate,Generic,200/300mg,Tablet - FDC,30,11,240.14,21.83,0.73,"Aurobindo Unit III, India",FALSE,Weight Captured Separately,Freight Included in Commodity Cost,0.25
"46,556",116-ZA-T30,FPQ-15269,SCMS-267020,ASN-29764,South Africa,PMO - US,Direct Drop,DDP,Truck,10/29/2014,12-10-14,10-Dec-14,10-Dec-14,10-Dec-14,ARV,Pediatric,S. BUYS WHOLESALER,"Lopinavir/Ritonavir 100/25mg [Aluvia], tablets, 60 Tabs",Lopinavir/Ritonavir,Generic,100/25mg,Tablet,60,2,10.34,5.17,0.09,ABBVIE Ludwigshafen Germany,FALSE,Weight Captured Separately,Freight Included in Commodity Cost,0.01
"12,074",104-CI-T01,Pre-PQ Process,SO-524,DN-268,Côte d'Ivoire,PMO - US,From RDC,N/A - From RDC,,Pre-PQ Process,N/A - From RDC,14-Aug-07,14-Aug-07,14-Aug-07,ARV,Adult,SCMS from RDC,"Lamivudine/Zidovudine 150/300mg, tablets, 60 Tabs",Lamivudine/Zidovudine,Generic,150/300mg,Tablet - FDC,60,"7,426",79309.68,10.68,0.18,"Aurobindo Unit III, India",TRUE,3073,"$7,947 ",126.9
"12,075",110-ZM-T01,Pre-PQ Process,SO-464,DN-223,Zambia,PMO - US,From RDC,N/A - From RDC,,Pre-PQ Process,N/A - From RDC,16-Jul-07,16-Jul-07,16-Jul-07,ARV,Adult,SCMS from RDC,"Nevirapine 200mg, tablets, 60 Tabs",Nevirapine,Generic,200mg,Tablet,60,"79,029",282133.53,3.57,0.06,"Aurobindo Unit III, India",TRUE,7393,"$30,412.53 ",451.41
"12,077",104-CI-T01,Pre-PQ Process,SO-774,DN-242,Côte d'Ivoire,PMO - US,From RDC,N/A - From RDC,Air,Pre-PQ Process,N/A - From RDC,21-Aug-07,21-Aug-07,21-Aug-07,ARV,Adult,SCMS from RDC,"Stavudine 15mg, capsules, 60 Caps",Stavudine,Generic,15mg,Capsule,60,"1,161",2496.15,2.15,0.04,"Aurobindo Unit III, India",TRUE,399,"$4,200.78 ",3.99
"12,078",107-RW-T01,Pre-PQ Process,SO-814,DN-263,Rwanda,PMO - US,From RDC,N/A - From RDC,Air,Pre-PQ Process,N/A - From RDC,06-Aug-07,06-Aug-07,06-Aug-07,ARV,Adult,SCMS from RDC,"Indinavir 400mg [Crixivan], capsules, 180 Caps",Indinavir,Crixivan,400mg,Capsule,180,112,5600.00,50,0.28,MSD Elkton USA,TRUE,24,"$1,161 ",8.96
"12,079",107-RW-T01,Pre-PQ Process,SO-825,DN-264,Rwanda,PMO - US,From RDC,N/A - From RDC,Air,Pre-PQ Process,N/A - From RDC,06-Aug-07,06-Aug-07,06-Aug-07,HRDT,HIV test,SCMS from RDC,"HIV 1/2, Uni-Gold HIV Kit, 20 Tests","HIV 1/2, Uni-Gold HIV Kit",Uni-Gold,,Test kit,20,92,2944.00,32,1.6,"Trinity Biotech, Plc",TRUE,28,"$1,604.96 ",4.71
"46,653",116-ZA-T30,FPQ-4054,SCMS-51250,ASN-5056,South Africa,PMO - US,Direct Drop,DDP,Truck,7/29/2009,08-07-09,24-Aug-09,24-Aug-09,24-Aug-09,ARV,Pediatric,S. BUYS WHOLESALER,"Lamivudine 10mg/ml [Epivir], oral solution, Bottle, 240 ml",Lamivudine,Epivir,10mg/ml,Oral solution,240,300,2040.28,6.8,0.03,GSK Mississauga (Canada),TRUE,Weight Captured Separately,Freight Included in Commodity Cost,4
"12,083",109-TZ-T01,Pre-PQ Process,SO-747,DN-229,Tanzania,PMO - US,From RDC,N/A - From RDC,Air,Pre-PQ Process,N/A - From RDC,13-Jul-07,13-Jul-07,13-Jul-07,HRDT,HIV test,SCMS from RDC,"HIV 1/2, Capillus HIV Kit, 100 Tests","HIV 1/2, Capillus HIV Kit",Capillus,,Test kit,100,422,58658.00,139,1.39,"Trinity Biotech, Plc",TRUE,3093,"$1,547 ",93.85
"12,086",109-TZ-T01,Pre-PQ Process,SO-457,DN-292,Tanzania,PMO - US,From RDC,N/A - From RDC,Air,Pre-PQ Process,N/A - From RDC,29-Aug-07,29-Aug-07,29-Aug-07,ARV,Adult,SCMS from RDC,"Lamivudine/Zidovudine 150/300mg, tablets, 60 Tabs",Lamivudine/Zidovudine,Generic,150/300mg,Tablet - FDC,60,"29,489",314942.52,10.68,0.18,"Aurobindo Unit III, India",TRUE,2670,"$7,533 ",503.91
"46,673",116-ZA-T30,FPQ-12522,SCMS-199280,ASN-24433,South Africa,PMO - US,Direct Drop,DDP,Truck,07-11-13,8/13/2013,07-Feb-14,07-Feb-14,07-Feb-14,ARV,Adult,S. BUYS WHOLESALER,"Lamivudine/Zidovudine 150/300mg, tablets, 60 Tabs",Lamivudine/Zidovudine,Generic,150/300mg,Tablet - FDC,60,189,6189.33,32.75,0.55,Hetero Unit III Hyderabad IN,FALSE,Weight Captured Separately,Freight Included in Commodity Cost,7.66
"46,688",116-ZA-T30,FPQ-12522,SCMS-199289,ASN-28034,South Africa,PMO - US,Direct Drop,DDP,Truck,07-11-13,8/29/2014,29-Aug-14,29-Aug-14,29-Aug-14,ARV,Adult,S. BUYS WHOLESALER,"Nevirapine 200mg, tablets, 60 Tabs",Nevirapine,Generic,200mg,Tablet,60,88,1722.87,19.58,0.33,"Aurobindo Unit III, India",FALSE,Weight Captured Separately,Freight Included in Commodity Cost,2.13
"47,084",116-ZA-T30,FPQ-14942,SCMS-295800,ASN-33865,South Africa,PMO - US,Direct Drop,DDP,Truck,09-11-14,8/24/2015,24-Aug-15,24-Aug-15,24-Aug-15,ARV,Adult,PHARMACY DIRECT,"Tenofovir Disoproxil Fumarate 300mg, tablets, 30 Tabs",Tenofovir Disoproxil Fumarate,Generic,300mg,Tablet,30,30,445.57,14.85,0.5,Mylan (formerly Matrix) Nashik,FALSE,Weight Captured Separately,Freight Included in Commodity Cost,0.46
"47,089",116-ZA-T30,FPQ-11828,SCMS-183950,ASN-19166,South Africa,South Africa Field Office,Direct Drop,DDP,Truck,3/18/2013,Date Not Captured,16-Apr-13,16-Apr-13,16-Apr-13,ARV,Pediatric,S. BUYS WHOLESALER,"Lamivudine 10mg/ml, oral solution, Bottle, 240 ml",Lamivudine,Generic,10mg/ml,Oral solution,240,517,2812.74,5.44,0.02,"Cipla, Goa, India",FALSE,Weight Captured Separately,Freight Included in Commodity Cost,3.48
"47,136",116-ZA-T30,FPQ-11828,SCMS-183950,ASN-19166,South Africa,South Africa Field Office,Direct Drop,DDP,Truck,3/18/2013,Date Not Captured,16-Apr-13,16-Apr-13,16-Apr-13,ARV,Adult,S. BUYS WHOLESALER,"Nevirapine 200mg [Viramune], tablets, 60 Tabs",Nevirapine,Viramune,200mg,Tablet,60,225,4157.82,18.48,0.31,"Boehringer Ing., Koropi, GR",FALSE,Weight Captured Separately,Freight Included in Commodity Cost,5.14
"47,233",116-ZA-T30,FPQ-12522,SCMS-199283,ASN-27980,South Africa,PMO - US,Direct Drop,DDP,Truck,07-11-13,8/27/2014,27-Aug-14,27-Aug-14,27-Aug-14,ARV,Adult,S. BUYS WHOLESALER,"Emtricitabine/Tenofovir Disoproxil Fumarate 200/300mg, tablets, 30 Tabs",Emtricitabine/Tenofovir Disoproxil Fumarate,Generic,200/300mg,Tablet - FDC,30,11,370.96,33.72,1.12,"Aurobindo Unit III, India",FALSE,Weight Captured Separately,Freight Included in Commodity Cost,0.46
"47,312",116-ZA-T30,FPQ-13214,SCMS-215410,ASN-23875,South Africa,PMO - US,Direct Drop,DDP,Truck,11/14/2013,12-02-13,13-Jan-14,13-Jan-14,13-Jan-14,ARV,Adult,S. BUYS WHOLESALER,"Emtricitabine/Tenofovir Disoproxil Fumarate 200/300mg, tablets, 30 Tabs",Emtricitabine/Tenofovir Disoproxil Fumarate,Generic,200/300mg,Tablet - FDC,30,26,777.92,29.92,1,"Aurobindo Unit III, India",FALSE,Weight Captured Separately,Freight Included in Commodity Cost,0.8
"12,100",107-RW-T01,Pre-PQ Process,SO-833,DN-361,Rwanda,PMO - US,From RDC,N/A - From RDC,Air,Pre-PQ Process,N/A - From RDC,16-Oct-07,16-Oct-07,16-Oct-07,HRDT,HIV test,SCMS from RDC,"HIV 1/2, Uni-Gold HIV Kit, 20 Tests","HIV 1/2, Uni-Gold HIV Kit",Uni-Gold,,Test kit,20,"1,883",60256.00,32,1.6,"Trinity Biotech, Plc",TRUE,627,"$7,670.04 ",96.41
"12,107",110-ZM-T01,Pre-PQ Process,SO-822,DN-343,Zambia,PMO - US,From RDC,N/A - From RDC,,Pre-PQ Process,N/A - From RDC,07-Sep-07,07-Sep-07,07-Sep-07,ARV,Pediatric,SCMS from RDC,"Abacavir 20mg/ml, oral solution, Bottle, 240 ml",Abacavir,Generic,20mg/ml,Oral solution,240,"1,000",16500.00,16.5,0.07,"Aurobindo Unit III, India",TRUE,355,"$1,886.39 ",26.4
"47,473",103-ZW-T30,FPQ-16527,SCMS-294730,ASN-33622,Zimbabwe,PMO - US,Direct Drop,FCA,Air,07-01-15,07-10-15,20-Aug-15,20-Aug-15,21-Aug-15,ARV,Pediatric,ABBVIE LOGISTICS (FORMERLY ABBOTT LOGISTICS BV),"Lopinavir/Ritonavir 80/20mg/ml [Kaletra], oral solution, cool, Bottle 5 x 60 ml",Lopinavir/Ritonavir,Kaletra,80/20mg/ml,Oral solution,300,"4,497",138597.54,30.82,0.1,ABBVIE (Abbott) Logis. UK,TRUE,3968,Freight Included in Commodity Cost,163.13
"47,516",116-ZA-T30,FPQ-11828,SCMS-183950,ASN-19166,South Africa,South Africa Field Office,Direct Drop,DDP,Truck,3/18/2013,Date Not Captured,16-Apr-13,16-Apr-13,16-Apr-13,ARV,Adult,S. BUYS WHOLESALER,"Tenofovir Disoproxil Fumarate 300mg, tablets, 30 Tabs",Tenofovir Disoproxil Fumarate,Generic,300mg,Tablet,30,"7,242",148900.86,20.56,0.69,"Aurobindo Unit III, India",FALSE,Weight Captured Separately,Freight Included in Commodity Cost,184.19
"12,112",107-RW-T01,Pre-PQ Process,SO-834,DN-352,Rwanda,PMO - US,From RDC,N/A - From RDC,Air,Pre-PQ Process,N/A - From RDC,14-Sep-07,14-Sep-07,14-Sep-07,HRDT,HIV test,SCMS from RDC,"HIV 1/2/O, First Response HIV 1-2.0, v.3.0 Cards Kit, 30 Tests","HIV 1/2/O, First Response HIV 1-2.0, v.3.0 Cards Kit",First Response,,Test kit,30,"1,883",31069.50,16.5,0.55,Premier Med. Corp Ltd. India,TRUE,752,"$4,436.76 ",49.71
"47,576",161-ZA-T30,FPQ-6262,SCMS-84210,ASN-10511,South Africa,PMO - US,Direct Drop,DDP,Ocean,8/31/2010,9/21/2010,05-Apr-11,30-May-11,30-May-11,ARV,Adult,CIPLA LIMITED,"Nevirapine 200mg, tablets, 60 Tabs",Nevirapine,Generic,200mg,Tablet,60,"38,400",107136.00,2.79,0.05,"Cipla, Goa, India",TRUE,Weight Captured Separately,Freight Included in Commodity Cost,230.99
"12,120",111-MZ-T01,Pre-PQ Process,SO-1064,DN-415,Mozambique,PMO - US,From RDC,N/A - From RDC,Air,Pre-PQ Process,N/A - From RDC,30-Nov-07,30-Nov-07,30-Nov-07,HRDT,HIV test,SCMS from RDC,"HIV 1/2, Uni-Gold HIV Kit, 20 Tests","HIV 1/2, Uni-Gold HIV Kit",Uni-Gold,,Test kit,20,"3,480",111360.00,32,1.6,"Trinity Biotech, Plc",TRUE,2766,"$10,698.63 ",178.18
"47,581",106-HT-T30,FPQ-10785,SCMS-162820,ASN-17024,Haiti,PMO - US,Direct Drop,DDP,Truck,10-11-12,10/16/2012,30-Oct-12,30-Oct-12,30-Oct-12,HRDT,HIV test,REINBOLD EXPORT IMPORT,"HIV 1/2, Determine Complete HIV Kit, 100 Tests","HIV 1/2, Determine Complete HIV Kit",Determine,,Test kit,100,"1,000",133000.00,133,1.33,"Alere Medical Co., Ltd.",TRUE,Weight Captured Separately,Freight Included in Commodity Cost,164.52
"47,653",116-ZA-T30,FPQ-14942,SCMS-259071,ASN-29596,South Africa,PMO - US,Direct Drop,DDP,Truck,09-11-14,11/28/2014,28-Nov-14,28-Nov-14,28-Nov-14,ARV,Adult,PHARMACY DIRECT,"Etravirine 100mg [Intelence], tablets, 120 Tabs",Etravirine,Intelence,100mg,Tablet,120,33,844.57,25.59,0.21,"Janssen-Cilag, Latina, IT",FALSE,Weight Captured Separately,Freight Included in Commodity Cost,0.87
"12,125",105-GY-T01,Pre-PQ Process,SO-1233,DN-416,Guyana,PMO - US,From RDC,N/A - From RDC,Air,Pre-PQ Process,N/A - From RDC,07-Nov-07,07-Nov-07,07-Nov-07,ARV,Adult,SCMS from RDC,"Lamivudine/Zidovudine 150/300mg, tablets, 60 Tabs",Lamivudine/Zidovudine,Generic,150/300mg,Tablet - FDC,60,"1,848",17556.00,9.5,0.16,"Aurobindo Unit III, India",TRUE,402,"$4,807 ",28.09
"47,666",116-ZA-T30,FPQ-14942,SCMS-259078,ASN-33470,South Africa,PMO - US,Direct Drop,DDP,Truck,09-11-14,10-09-14,24-Jul-15,24-Jul-15,24-Jul-15,ARV,Adult,PHARMACY DIRECT,"Didanosine 400mg, delayed-release capsules, 30 Caps",Didanosine,Generic,400mg,Delayed-release capsules,30,8,122.18,15.27,0.51,"Aurobindo Unit III, India",FALSE,Weight Captured Separately,Freight Included in Commodity Cost,0.13
"47,676",116-ZA-T30,FPQ-7176,SCMS-104390,ASN-11438,South Africa,PMO - US,Direct Drop,DDP,Ocean,03-10-11,04-01-11,14-Sep-11,14-Sep-11,14-Sep-11,ARV,Adult,Aurobindo Pharma Limited,"Lamivudine/Zidovudine 150/300mg, tablets, 60 Tabs",Lamivudine/Zidovudine,Generic,150/300mg,Tablet - FDC,60,164,1380.88,8.42,0.14,"Aurobindo Unit III, India",TRUE,Weight Captured Separately,Freight Included in Commodity Cost,2.28
"47,722",116-ZA-T30,FPQ-14942,SCMS-259079,ASN-33851,South Africa,PMO - US,Direct Drop,DDP,Truck,09-11-14,10-09-14,24-Aug-15,24-Aug-15,24-Aug-15,ARV,Adult,PHARMACY DIRECT,"Emtricitabine/Tenofovir Disoproxil Fumarate 200/300mg, tablets, 30 Tabs",Emtricitabine/Tenofovir Disoproxil Fumarate,Generic,200/300mg,Tablet - FDC,30,10,234.38,23.44,0.78,"Aurobindo Unit III, India",FALSE,Weight Captured Separately,Freight Included in Commodity Cost,0.24
"47,862",111-MZ-T30,FPQ-14235,SCMS-247380,ASN-29098,Mozambique,PMO - US,Direct Drop,CIP,Air,5/21/2014,7/28/2014,21-Nov-14,21-Nov-14,10-Dec-14,ARV,Adult,JANSSEN SCIENCES IRELAND UC (FORMERLY JANSSEN R&D IRELAND),"Darunavir 600mg [Prezista], tablets, 60 Tabs",Darunavir,Prezista,600mg,Tablet,60,50,2700.00,54,0.9,"Janssen-Cilag, Latina, IT",TRUE,Weight Captured Separately,Freight Included in Commodity Cost,2.78
"47,949",161-ZA-T30,FPQ-6262,SCMS-83830,ASN-9478,South Africa,PMO - US,Direct Drop,DDP,Ocean,8/31/2010,9/24/2010,01-Feb-11,04-Mar-11,04-Mar-11,ARV,Adult,Aurobindo Pharma Limited,"Efavirenz 600mg, tablets, 30 Tabs",Efavirenz,Generic,600mg,Tablet,30,"87,018",394191.54,4.53,0.15,"Aurobindo Unit III, India",TRUE,Weight Captured Separately,Freight Included in Commodity Cost,849.88
"48,102",116-ZA-T30,FPQ-14942,SCMS-295800,ASN-33864,South Africa,PMO - US,Direct Drop,DDP,Truck,09-11-14,8/24/2015,24-Aug-15,24-Aug-15,24-Aug-15,ARV,Adult,PHARMACY DIRECT,"Darunavir 600mg [Prezista], tablets, 60 Tabs",Darunavir,Prezista,600mg,Tablet,60,18,911.90,50.66,0.84,"Janssen-Cilag, Latina, IT",TRUE,Weight Captured Separately,Freight Included in Commodity Cost,0.94
"12,133",119-NA-T01,Pre-PQ Process,SO-1452,DN-491,Namibia,PMO - US,From RDC,N/A - From RDC,Air,Pre-PQ Process,N/A - From RDC,30-Nov-07,30-Nov-07,30-Nov-07,HRDT,HIV test,SCMS from RDC,"HIV 1/2, Clearview Complete Kit, 25 Tests","HIV 1/2, Clearview Complete Kit",Clearview,,Test kit,25,200,15000.00,75,3,Inverness USA,TRUE,122,"$1,100.40 ",24
"12,135",110-ZM-T01,Pre-PQ Process,SO-1314,DN-466,Zambia,PMO - US,From RDC,N/A - From RDC,,Pre-PQ Process,N/A - From RDC,12-Dec-07,12-Dec-07,12-Dec-07,ARV,Adult,SCMS from RDC,"Nevirapine 200mg, tablets, 60 Tabs",Nevirapine,Generic,200mg,Tablet,60,"60,440",205496.00,3.4,0.06,"Aurobindo Unit III, India",TRUE,5725,"$15,671.53 ",328.79
"48,214",116-ZA-T30,FPQ-14942,SCMS-259074,ASN-31070,South Africa,PMO - US,Direct Drop,DDP,Truck,09-11-14,03-09-15,09-Mar-15,09-Mar-15,09-Mar-15,ARV,Adult,PHARMACY DIRECT,"Nevirapine 200mg, tablets, 60 Tabs",Nevirapine,Generic,200mg,Tablet,60,19,243.66,12.82,0.21,"Aurobindo Unit III, India",FALSE,Weight Captured Separately,Freight Included in Commodity Cost,0.25
"12,138",117-ET-T01,Pre-PQ Process,SO-1524,DN-521,Ethiopia,PMO - US,From RDC,N/A - From RDC,Air,Pre-PQ Process,N/A - From RDC,20-Dec-07,20-Dec-07,20-Dec-07,ARV,Adult,SCMS from RDC,"Lamivudine/Zidovudine 150/300mg, tablets, 60 Tabs",Lamivudine/Zidovudine,Generic,150/300mg,Tablet - FDC,60,"1,797",17071.50,9.5,0.16,"Aurobindo Unit III, India",TRUE,170,$892 ,27.31
"48,236",116-ZA-T30,FPQ-12522,SCMS-199283,ASN-27979,South Africa,PMO - US,Direct Drop,DDP,Truck,07-11-13,8/27/2014,27-Aug-14,27-Aug-14,27-Aug-14,ARV,Pediatric,S. BUYS WHOLESALER,"Abacavir 20mg/ml, oral solution w/syringe, Bottle, 240 ml",Abacavir,Generic,20mg/ml,Oral solution,240,36,987.14,27.42,0.11,"Aurobindo Unit III, India",FALSE,Weight Captured Separately,Freight Included in Commodity Cost,1.22
"12,143",117-ET-T01,Pre-PQ Process,SO-1530,DN-525,Ethiopia,PMO - US,From RDC,N/A - From RDC,Air,Pre-PQ Process,N/A - From RDC,20-Dec-07,20-Dec-07,20-Dec-07,ARV,Adult,SCMS from RDC,"Nevirapine 200mg, tablets, 60 Tabs",Nevirapine,Generic,200mg,Tablet,60,"1,255",4267.00,3.4,0.06,"Aurobindo Unit III, India",TRUE,120,"$1,318 ",6.83
"48,319",116-ZA-T30,FPQ-13214,SCMS-215410,ASN-23875,South Africa,PMO - US,Direct Drop,DDP,Truck,11/14/2013,12-02-13,13-Jan-14,13-Jan-14,13-Jan-14,ARV,Adult,S. BUYS WHOLESALER,"Nevirapine 200mg, tablets, 60 Tabs",Nevirapine,Generic,200mg,Tablet,60,275,4974.52,18.09,0.3,"Cipla, Goa, India",FALSE,Weight Captured Separately,Freight Included in Commodity Cost,5.11
"48,559",116-ZA-T30,FPQ-14942,SCMS-259077,ASN-33477,South Africa,PMO - US,Direct Drop,DDP,Truck,09-11-14,10-09-14,24-Jul-15,24-Jul-15,24-Jul-15,ARV,Adult,PHARMACY DIRECT,"Nevirapine 200mg, tablets, 60 Tabs",Nevirapine,Generic,200mg,Tablet,60,20,256.48,12.82,0.21,"Aurobindo Unit III, India",FALSE,Weight Captured Separately,Freight Included in Commodity Cost,0.26
"48,655",116-ZA-T30,FPQ-12522,SCMS-199283,ASN-27978,South Africa,PMO - US,Direct Drop,DDP,Truck,07-11-13,8/27/2014,27-Aug-14,27-Aug-14,27-Aug-14,ARV,Pediatric,S. BUYS WHOLESALER,"Efavirenz 50mg, capsule, 30 Caps",Efavirenz,Generic,50mg,Capsule,30,20,66.33,3.32,0.11,"Aurobindo Unit III, India",FALSE,Weight Captured Separately,Freight Included in Commodity Cost,0.08
"48,729",116-ZA-T30,FPQ-14942,SCMS-259076,ASN-32525,South Africa,PMO - US,Direct Drop,DDP,Truck,09-11-14,06-02-15,02-Jun-15,02-Jun-15,02-Jun-15,ARV,Adult,PHARMACY DIRECT,"Etravirine 100mg [Intelence], tablets, 120 Tabs",Etravirine,Intelence,100mg,Tablet,120,1,25.59,25.59,0.21,"Janssen-Cilag, Latina, IT",TRUE,Weight Captured Separately,Freight Included in Commodity Cost,0.03
"48,757",116-ZA-T30,FPQ-11828,SCMS-183950,ASN-19166,South Africa,South Africa Field Office,Direct Drop,DDP,Truck,3/18/2013,Date Not Captured,16-Apr-13,16-Apr-13,16-Apr-13,ARV,Adult,S. BUYS WHOLESALER,"Abacavir 300mg, tablets, 60 Tabs",Abacavir,Generic,300mg,Tablet,60,114,7956.64,69.8,1.16,"Cipla, Patalganga, India",FALSE,Weight Captured Separately,Freight Included in Commodity Cost,9.84
"12,149",100-ZW-T01,Pre-PQ Process,SO-899,DN-469,Zimbabwe,PMO - US,From RDC,N/A - From RDC,Truck,Pre-PQ Process,N/A - From RDC,07-Dec-07,07-Dec-07,07-Dec-07,ARV,Adult,SCMS from RDC,"Lamivudine/Zidovudine 150/300mg, tablets, 60 Tabs",Lamivudine/Zidovudine,Generic,150/300mg,Tablet - FDC,60,"1,560",14820.00,9.5,0.16,"Aurobindo Unit III, India",TRUE,147,"$1,671.84 ",23.71
"12,150",110-ZM-T01,Pre-PQ Process,SO-1489,DN-510,Zambia,PMO - US,From RDC,N/A - From RDC,Air,Pre-PQ Process,N/A - From RDC,14-Feb-08,14-Feb-08,14-Feb-08,ARV,Adult,SCMS from RDC,"Abacavir 300mg, tablets, 60 Tabs",Abacavir,Generic,300mg,Tablet,60,"8,251",227150.03,27.53,0.46,"Aurobindo Unit III, India",TRUE,822,"$3,303.52 ",363.44
"48,826",111-MZ-T30,FPQ-4740,SCMS-62341,ASN-7342,Mozambique,PMO - US,Direct Drop,CIP,Air,12/23/2009,1/29/2010,23-Jun-10,23-Jun-10,23-Jun-10,ARV,Adult,INTERNATIONAL HEALTHCARE DISTRIBUTORS,"Ritonavir 100mg [Norvir], capsules, cool, 84 Caps",Ritonavir,Norvir,100mg,Capsule,84,320,3312.00,10.35,0.12,ABBVIE (Abbott) Logis. UK,TRUE,Weight Captured Separately,Freight Included in Commodity Cost,7.14
"12,154",110-ZM-T01,Pre-PQ Process,SO-1188,DN-552,Zambia,PMO - US,From RDC,N/A - From RDC,,Pre-PQ Process,N/A - From RDC,25-Jan-08,25-Jan-08,25-Jan-08,ARV,Pediatric,SCMS from RDC,"Nevirapine 10mg/ml, oral suspension, Bottle, 240 ml",Nevirapine,Generic,10mg/ml,Oral suspension,240,"1,004",6224.80,6.2,0.03,"Aurobindo Unit III, India",TRUE,358,"$1,778.70 ",9.96
"48,842",116-ZA-T30,FPQ-12522,SCMS-199288,ASN-27197,South Africa,PMO - US,Direct Drop,DDP,Truck,07-11-13,07-10-14,10-Jul-14,10-Jul-14,10-Jul-14,ARV,Pediatric,S. BUYS WHOLESALER,"Lopinavir/Ritonavir 80/20mg/ml [Kaletra], oral solution, cool, Bottle 5 x 60 ml",Lopinavir/Ritonavir,Kaletra,80/20mg/ml,Oral solution,300,4,93.81,23.45,0.08,ABBVIE (Abbott) Logis. UK,TRUE,Weight Captured Separately,Freight Included in Commodity Cost,0.12
"12,159",119-NA-T01,Pre-PQ Process,SO-1676,DN-583,Namibia,PMO - US,From RDC,N/A - From RDC,Air,Pre-PQ Process,N/A - From RDC,13-Feb-08,13-Feb-08,13-Feb-08,ARV,Adult,SCMS from RDC,"Efavirenz 600mg, tablets, 30 Tabs",Efavirenz,Generic,600mg,Tablet,30,"19,000",228190.00,12.01,0.4,"Aurobindo Unit III, India",TRUE,1485,"$3,016.95 ",365.1
"12,163",102-KE-T01,Pre-PQ Process,SO-1389,DN-595,Kenya,PMO - US,From RDC,N/A - From RDC,Truck,Pre-PQ Process,N/A - From RDC,27-Feb-08,01-Feb-08,01-Feb-08,HRDT,HIV test,SCMS from RDC,"HIV 1/2, Bioline 3.0 Kit, Lancets, Capillary pipets, Alcohol swabs included, 25 Tests","HIV 1/2, Bioline 3.0 Kit, Lancets, Capillary pipets, Alcohol swabs included",Bioline,,Test kit,25,"1,842",36840.00,20,0.8,"Standard Diagnostics, Korea",TRUE,662,$261.86 ,58.94
"48,872",101-CD-T30,FPQ-13548,SCMS-224850,ASN-25795,"Congo, DRC",PMO - US,Direct Drop,DDP,Truck,1/22/2014,1/30/2014,07-Apr-14,07-Apr-14,23-Apr-14,HRDT,HIV test,WAGENIA,"HIV 1/2, Determine Kit without Lancets, Buffer or Caplillary Tubes, 100 Tests","HIV 1/2, Determine Kit without Lancets, Buffer or Capillary Tubes, 100 Tests",Determine,,Test kit,100,"2,500",287975.00,115.19,1.15,"Alere Medical Co., Ltd.",FALSE,Weight Captured Separately,Freight Included in Commodity Cost,296.04
"48,906",116-ZA-T30,FPQ-14942,SCMS-259076,ASN-32524,South Africa,PMO - US,Direct Drop,DDP,Truck,09-11-14,06-02-15,02-Jun-15,02-Jun-15,02-Jun-15,ARV,Adult,PHARMACY DIRECT,"Emtricitabine/Tenofovir Disoproxil Fumarate 200/300mg, tablets, 30 Tabs",Emtricitabine/Tenofovir Disoproxil Fumarate,Generic,200/300mg,Tablet - FDC,30,13,283.80,21.83,0.73,"Aurobindo Unit III, India",FALSE,Weight Captured Separately,Freight Included in Commodity Cost,0.29
"12,166",106-HT-T01,Pre-PQ Process,SO-2753,DN-827,Haiti,PMO - US,From RDC,N/A - From RDC,Air,Pre-PQ Process,N/A - From RDC,16-Jul-08,16-Jul-08,16-Jul-08,ARV,Adult,SCMS from RDC,"Nevirapine 200mg, tablets, 60 Tabs",Nevirapine,Generic,200mg,Tablet,60,"1,057",3593.80,3.4,0.06,"Aurobindo Unit III, India",TRUE,100,"$1,651 ",5.75
"12,167",102-GY-T01,Pre-PQ Process,SO-1005,DN-618,Guyana,PMO - US,From RDC,N/A - From RDC,,Pre-PQ Process,N/A - From RDC,21-Feb-08,21-Feb-08,21-Feb-08,HRDT,HIV test,SCMS from RDC,"HIV 1/2, Stat-Pak HIV, Kit, 20 Tests","HIV 1/2, Stat-Pak HIV, Kit",Stat-Pak,,Test kit,20,45,1215.00,27,1.35,Chembio Diagnostics Sys. Inc.,TRUE,13,$798.58 ,1.94
"12,168",112-NG-T01,Pre-PQ Process,SO-1571,DN-620,Nigeria,PMO - US,From RDC,N/A - From RDC,Air,Pre-PQ Process,N/A - From RDC,14-Feb-08,14-Feb-08,14-Feb-08,ARV,Adult,SCMS from RDC,"Stavudine 30mg, capsules, 60 Caps",Stavudine,Generic,30mg,Capsule,60,447,679.44,1.52,0.03,"Aurobindo Unit III, India",TRUE,1054,"$2,722.38 ",1.09
"12,169",109-TZ-T01,Pre-PQ Process,SO-1941,DN-653,Tanzania,PMO - US,From RDC,N/A - From RDC,,Pre-PQ Process,N/A - From RDC,01-Apr-08,01-Apr-08,01-Apr-08,ARV,Adult,SCMS from RDC,"Efavirenz 600mg, tablets, 30 Tabs",Efavirenz,Generic,600mg,Tablet,30,"32,997",409822.74,12.42,0.41,"Aurobindo Unit III, India",TRUE,2867,"$10,288.10 ",655.72
"48,923",116-ZA-T30,FPQ-14942,SCMS-259072,ASN-30376,South Africa,PMO - US,Direct Drop,DDP,Truck,09-11-14,1/26/2015,26-Jan-15,26-Jan-15,26-Jan-15,ARV,Adult,PHARMACY DIRECT,"Raltegravir 400mg [Isentress], tablets, 60 Tabs",Raltegravir,Isentress,400mg,Tablet,60,6,366.99,61.16,1.02,"MSD, Haarlem, NL",FALSE,Weight Captured Separately,Freight Included in Commodity Cost,0.38
"12,171",110-ZM-T01,Pre-PQ Process,SO-1889,DN-712,Zambia,PMO - US,From RDC,N/A - From RDC,,Pre-PQ Process,N/A - From RDC,09-May-08,09-May-08,09-May-08,ARV,Adult,SCMS from RDC,"Lamivudine/Zidovudine 150/300mg, tablets, 60 Tabs",Lamivudine/Zidovudine,Generic,150/300mg,Tablet - FDC,60,"50,000",472500.00,9.45,0.16,"Aurobindo Unit III, India",TRUE,4655,"$2,347.91 ",756
"12,172",114-UG-T01,Pre-PQ Process,SO-2342,DN-715,Uganda,PMO - US,From RDC,N/A - From RDC,Air,Pre-PQ Process,N/A - From RDC,02-Jun-08,02-Jun-08,02-Jun-08,ARV,Adult,SCMS from RDC,"Efavirenz 600mg, tablets, 30 Tabs",Efavirenz,Generic,600mg,Tablet,30,860,10328.60,12.01,0.4,"Aurobindo Unit III, India",TRUE,76,$675 ,16.53
"49,071",116-ZA-T30,FPQ-14942,SCMS-259075,ASN-32138,South Africa,PMO - US,Direct Drop,DDP,Truck,09-11-14,05-11-15,12-May-15,12-May-15,12-May-15,ARV,Pediatric,PHARMACY DIRECT,"Atazanavir 150mg [Reyataz], capsules, 60 Caps",Atazanavir,Reyataz,150mg,Capsule,60,3,47.70,15.9,0.26,"BMS Evansville, US",FALSE,Weight Captured Separately,Freight Included in Commodity Cost,0.05
"49,254",116-ZA-T30,FPQ-11828,SCMS-183950,ASN-19166,South Africa,South Africa Field Office,Direct Drop,DDP,Truck,3/18/2013,Date Not Captured,16-Apr-13,16-Apr-13,16-Apr-13,ARV,Adult,S. BUYS WHOLESALER,"Nevirapine 200mg, tablets, 60 Tabs",Nevirapine,Generic,200mg,Tablet,60,265,4896.70,18.48,0.31,"Cipla, Goa, India",FALSE,Weight Captured Separately,Freight Included in Commodity Cost,6.06
"12,176",114-UG-T01,Pre-PQ Process,SO-2675,DN-835,Uganda,PMO - US,From RDC,N/A - From RDC,Air,Pre-PQ Process,N/A - From RDC,04-Aug-08,04-Aug-08,04-Aug-08,ARV,Adult,SCMS from RDC,"Lamivudine/Nevirapine/Zidovudine 150/200/300mg, tablets, 60 Tabs",Lamivudine/Nevirapine/Zidovudine,Generic,150/300/200mg,Tablet - FDC,60,"7,296",96890.88,13.28,0.22,"Aurobindo Unit III, India",TRUE,824,"$3,182.52 ",155.03
"12,177",110-ZM-T01,Pre-PQ Process,SO-979,DN-642,Zambia,PMO - US,From RDC,N/A - From RDC,,Pre-PQ Process,N/A - From RDC,17-Mar-08,17-Mar-08,17-Mar-08,ARV,Pediatric,SCMS from RDC,"Lamivudine 10mg/ml, oral solution, Bottle, 240 ml",Lamivudine,Generic,10mg/ml,Oral solution,240,"30,563",60209.11,1.97,0.01,"Aurobindo Unit III, India",TRUE,10621,"$37,199.06 ",96.33
"12,178",106-HT-T01,Pre-PQ Process,SO-2595,DN-837,Haiti,PMO - US,From RDC,N/A - From RDC,Air,Pre-PQ Process,N/A - From RDC,01-Aug-08,01-Aug-08,01-Aug-08,ARV,Adult,SCMS from RDC,"Lamivudine/Zidovudine 150/300mg, tablets, 60 Tabs",Lamivudine/Zidovudine,Generic,150/300mg,Tablet - FDC,60,"16,752",158306.40,9.45,0.16,"Aurobindo Unit III, India",TRUE,1580,"$11,572 ",253.29
"12,179",112-NG-T01,Pre-PQ Process,SO-10030,DN-840,Nigeria,PMO - US,From RDC,N/A - From RDC,Air,Pre-PQ Process,N/A - From RDC,03-Aug-08,03-Aug-08,03-Aug-08,ARV,Adult,SCMS from RDC,"Stavudine 30mg, capsules, 60 Caps",Stavudine,Generic,30mg,Capsule,60,850,1317.50,1.55,0.03,"Aurobindo Unit III, India",TRUE,555,"$10,575.63 ",2.11
"49,359",116-ZA-T30,FPQ-15271,SCMS-266770,ASN-30174,South Africa,PMO - US,Direct Drop,DDP,Truck,10/29/2014,12/17/2014,09-Jan-15,09-Jan-15,09-Jan-15,ARV,Adult,PHARMACY DIRECT,"Efavirenz/Emtricitabine/Tenofovir Disoproxil Fumarate 600/200/300mg, tablets, 30 Tabs",Efavirenz/Emtricitabine/Tenofovir Disoproxil Fumarate,Generic,600/200/300mg,Tablet - FDC,30,"5,000",185776.90,37.16,1.24,Mylan (formerly Matrix) Nashik,TRUE,Weight Captured Separately,Freight Included in Commodity Cost,218.66
"49,366",161-ZA-T30,FPQ-6262,SCMS-83790,ASN-9479,South Africa,PMO - US,Direct Drop,DDP,Ocean,8/31/2010,9/24/2010,31-Jan-11,04-Mar-11,04-Mar-11,ARV,Adult,Aurobindo Pharma Limited,"Lamivudine 150mg, tablets, 60 Tabs",Lamivudine,Generic,150mg,Tablet,60,"76,554",181432.98,2.37,0.04,"Aurobindo Unit III, India",TRUE,Weight Captured Separately,Freight Included in Commodity Cost,391.17
"49,380",116-ZA-T30,FPQ-3596,SCMS-50370,ASN-5460,South Africa,PMO - US,Direct Drop,DDP,Truck,05-07-09,9/22/2009,29-Oct-09,29-Oct-09,29-Oct-09,ARV,Adult,S. BUYS WHOLESALER,"Lamivudine 150mg, tablets, 60 Tabs",Lamivudine,Generic,150mg,Tablet,60,"2,000",19410.49,9.71,0.16,"Aurobindo Unit III, India",TRUE,Weight Captured Separately,Freight Included in Commodity Cost,38.04
"49,436",116-ZA-T30,FPQ-11828,SCMS-183950,ASN-19166,South Africa,South Africa Field Office,Direct Drop,DDP,Truck,3/18/2013,Date Not Captured,16-Apr-13,16-Apr-13,16-Apr-13,ARV,Pediatric,S. BUYS WHOLESALER,"Abacavir 20mg/ml [Ziagen], oral solution, Bottle, 240 ml",Abacavir,Ziagen,20mg/ml,Oral solution,240,42,870.41,20.72,0.09,GSK Mississauga (Canada),FALSE,Weight Captured Separately,Freight Included in Commodity Cost,1.08
"12,184",110-ZM-T01,Pre-PQ Process,SO-1884,DN-778,Zambia,PMO - US,From RDC,N/A - From RDC,,Pre-PQ Process,N/A - From RDC,19-Jun-08,19-Jun-08,19-Jun-08,ARV,Pediatric,SCMS from RDC,"Lopinavir/Ritonavir 80/20mg/ml [Kaletra], oral solution, cool, Bottle 5 x 60 ml",Lopinavir/Ritonavir,Kaletra,80/20mg/ml,Oral solution,300,"1,260",51786.00,41.1,0.14,ABBVIE (Abbott) Logis. UK,TRUE,1185,"$2,350.53 ",82.86
"12,185",110-ZM-T01,Pre-PQ Process,SO-1883,DN-780,Zambia,PMO - US,From RDC,N/A - From RDC,,Pre-PQ Process,N/A - From RDC,16-Jun-08,16-Jun-08,16-Jun-08,ARV,Pediatric,SCMS from RDC,"Efavirenz 200mg, capsule, 90 Caps",Efavirenz,Generic,200mg,Capsule,90,"3,330",53280.00,16,0.18,"Aurobindo Unit III, India",TRUE,404,"$2,313.55 ",85.25
"49,529",116-ZA-T30,FPQ-3560,SCMS-49630,ASN-5133,South Africa,PMO - US,Direct Drop,DDP,Truck,05-07-09,7/21/2009,10-Sep-09,10-Sep-09,10-Sep-09,ARV,Adult,S. BUYS WHOLESALER,"Efavirenz 600mg, tablets, 30 Tabs",Efavirenz,Generic,600mg,Tablet,30,"29,672",524304.06,17.67,0.59,"Cipla, Goa, India",TRUE,Weight Captured Separately,Freight Included in Commodity Cost,"1,027.64"
"49,535",116-ZA-T30,FPQ-14942,SCMS-295800,ASN-33864,South Africa,PMO - US,Direct Drop,DDP,Truck,09-11-14,8/24/2015,24-Aug-15,24-Aug-15,24-Aug-15,ARV,Adult,PHARMACY DIRECT,"Raltegravir 400mg [Isentress], tablets, 60 Tabs",Raltegravir,Isentress,400mg,Tablet,60,12,789.03,65.75,1.1,"MSD, Haarlem, NL",FALSE,Weight Captured Separately,Freight Included in Commodity Cost,0.81
"49,587",116-ZA-T30,FPQ-12522,SCMS-199283,ASN-27976,South Africa,PMO - US,Direct Drop,DDP,Truck,07-11-13,8/27/2014,27-Aug-14,27-Aug-14,27-Aug-14,ARV,Adult,S. BUYS WHOLESALER,"Abacavir 300mg, tablets, 60 Tabs",Abacavir,Generic,300mg,Tablet,60,50,3857.34,77.15,1.29,"Aurobindo Unit III, India",FALSE,Weight Captured Separately,Freight Included in Commodity Cost,4.77
"12,189",114-UG-T01,Pre-PQ Process,SO-2792,DN-793,Uganda,PMO - US,From RDC,N/A - From RDC,Air,Pre-PQ Process,N/A - From RDC,22-Jul-08,22-Jul-08,22-Jul-08,ARV,Pediatric,SCMS from RDC,"Zidovudine 10mg/ml, oral solution, Bottle, 240 ml",Zidovudine,Generic,10mg/ml,Oral solution,240,"6,036",12675.60,2.1,0.01,"Aurobindo Unit III, India",TRUE,2253,"$15,923.41 ",20.28
"12,191",119-NA-T01,Pre-PQ Process,SO-1970,DN-680,Namibia,PMO - US,From RDC,N/A - From RDC,Air,Pre-PQ Process,N/A - From RDC,19-Mar-08,19-Mar-08,19-Mar-08,HRDT,HIV test,SCMS from RDC,"HIV 1/2, Clearview Complete Kit, 25 Tests","HIV 1/2, Clearview Complete Kit",Clearview,,Test kit,25,229,17175.00,75,3,Inverness USA,TRUE,140,"$1,286.70 ",27.48
"49,607",116-ZA-T30,FPQ-4770,SCMS-60170,ASN-5933,South Africa,PMO - US,Direct Drop,DDP,Truck,12/17/2009,12/23/2009,29-Dec-09,29-Dec-09,29-Dec-09,ARV,Pediatric,S. BUYS WHOLESALER,"Didanosine 25mg [Videx], chewable tablets, 60 Tabs",Didanosine,Videx,25mg,Chewable/dispersible tablet,60,8,121.46,15.18,0.25,"BMS Meymac, France",FALSE,Weight Captured Separately,Freight Included in Commodity Cost,0.26
"12,195",109-TZ-T01,Pre-PQ Process,SO-1652,DN-637,Tanzania,PMO - US,From RDC,N/A - From RDC,Air,Pre-PQ Process,N/A - From RDC,28-Mar-08,28-Mar-08,28-Mar-08,ARV,Adult,SCMS from RDC,"Efavirenz 600mg, tablets, 30 Tabs",Efavirenz,Generic,600mg,Tablet,30,"17,000",211140.00,12.42,0.41,"Aurobindo Unit III, India",TRUE,6007,"$20,395.60 ",337.82
"49,656",116-ZA-T30,FPQ-13214,SCMS-215410,ASN-23875,South Africa,PMO - US,Direct Drop,DDP,Truck,11/14/2013,12-02-13,13-Jan-14,13-Jan-14,13-Jan-14,ARV,Adult,S. BUYS WHOLESALER,"Zidovudine 300mg, tablets, 60 Tabs",Zidovudine,Generic,300mg,Tablet,60,32,790.81,24.71,0.41,"Aurobindo Unit III, India",FALSE,Weight Captured Separately,Freight Included in Commodity Cost,0.81
"12,197",110-ZM-T01,Pre-PQ Process,SO-1892,DN-694,Zambia,PMO - US,From RDC,N/A - From RDC,,Pre-PQ Process,N/A - From RDC,10-Apr-08,10-Apr-08,10-Apr-08,ARV,Adult,SCMS from RDC,"Efavirenz 600mg, tablets, 30 Tabs",Efavirenz,Generic,600mg,Tablet,30,"50,000",600500.00,12.01,0.4,Mylan (formerly Matrix) Nashik,TRUE,3897,"$15,007.80 ",960.8
"49,760",116-ZA-T30,FPQ-13973,SCMS-238555,ASN-29257,South Africa,PMO - US,Direct Drop,DDP,Truck,4/30/2014,11-04-14,05-Nov-14,05-Nov-14,05-Nov-14,ARV,Adult,PHARMACY DIRECT,"Didanosine 250mg, delayed-release capsules, 30 Caps",Didanosine,Generic,250mg,Delayed-release capsules,30,6,91.48,15.25,0.51,"Aurobindo Unit III, India",FALSE,Weight Captured Separately,Freight Included in Commodity Cost,0.09
"12,199",102-BW-T01,Pre-PQ Process,SO-2041,DN-678,Botswana,PMO - US,From RDC,N/A - From RDC,Truck,Pre-PQ Process,N/A - From RDC,25-Mar-08,25-Mar-08,25-Mar-08,HRDT,HIV test,SCMS from RDC,"HIV 1/2, Determine HIV Kit, without Lancets, 100 Tests","HIV 1/2, Determine HIV Kit, without Lancets",Determine,,Test kit,100,200,14398.00,71.99,0.72,Inverness Japan,TRUE,1693,"$1,220.73 ",23.04
"49,796",116-ZA-T30,FPQ-15269,SCMS-267020,ASN-29764,South Africa,PMO - US,Direct Drop,DDP,Truck,10/29/2014,12-10-14,10-Dec-14,10-Dec-14,10-Dec-14,ARV,Pediatric,S. BUYS WHOLESALER,"Abacavir 20mg/ml, oral solution, Bottle, 240 ml",Abacavir,Generic,20mg/ml,Oral solution,240,191,4145.72,21.71,0.09,"Aurobindo Unit III, India",FALSE,Weight Captured Separately,Freight Included in Commodity Cost,4.88
"49,859",104-CI-T30,FPQ-3967,SCMS-52620,ASN-5580,Côte d'Ivoire,PMO - US,Direct Drop,CIP,Air,8/21/2009,9/25/2009,18-Dec-09,18-Dec-09,18-Dec-09,ARV,Adult,MERCK SHARP & DOHME IDEA GMBH (FORMALLY MERCK SHARP & DOHME B.V.),"Efavirenz/Emtricitabine/Tenofovir Disoproxil Fumarate 600/200/300mg [Atripla], tablets, 30 Tabs",Efavirenz/Emtricitabine/Tenofovir Disoproxil Fumarate,Atripla,600/200/300mg,Tablet - FDC,30,"6,960",350784.00,50.4,1.68,"MSD, Haarlem, NL",TRUE,Weight Captured Separately,Freight Included in Commodity Cost,687.54
"12,202",102-KE-T01,Pre-PQ Process,SO-1973,DN-697,Kenya,PMO - US,From RDC,N/A - From RDC,Truck,Pre-PQ Process,N/A - From RDC,31-Mar-08,31-Mar-08,31-Mar-08,HRDT,HIV test,SCMS from RDC,"HIV 1/2, Determine HIV Kit, without Lancets, 100 Tests","HIV 1/2, Determine HIV Kit, without Lancets",Determine,,Test kit,100,"2,000",159980.00,79.99,0.8,Inverness Japan,TRUE,490,$405.97 ,255.97
"49,875",106-HT-T30,FPQ-10944,SCMS-168390,ASN-17743,Haiti,PMO - US,Direct Drop,DAP,Air,11/16/2012,12-05-12,20-Dec-12,20-Dec-12,20-Dec-12,HRDT,HIV test,REINBOLD EXPORT IMPORT,"HIV 1/2, Determine Complete HIV Kit, 100 Tests","HIV 1/2, Determine Complete HIV Kit",Determine,,Test kit,100,"4,000",466000.00,116.5,1.16,"Alere Medical Co., Ltd.",TRUE,Weight Captured Separately,Freight Included in Commodity Cost,576.44
"49,957",116-ZA-T30,FPQ-3560,SCMS-49680,ASN-5053,South Africa,PMO - US,Direct Drop,DDP,Truck,05-07-09,7/21/2009,05-Aug-09,05-Aug-09,05-Aug-09,ARV,Pediatric,S. BUYS WHOLESALER,"Efavirenz 50mg, capsule, 30 Caps",Efavirenz,Generic,50mg,Capsule,30,"4,910",18698.88,3.81,0.13,"Aurobindo Unit III, India",TRUE,Weight Captured Separately,Freight Included in Commodity Cost,36.65
"50,031",116-ZA-T30,FPQ-12522,SCMS-199280,ASN-24433,South Africa,PMO - US,Direct Drop,DDP,Truck,07-11-13,8/13/2013,07-Feb-14,07-Feb-14,07-Feb-14,ARV,Pediatric,S. BUYS WHOLESALER,"Efavirenz 200mg, capsule, 90 Caps",Efavirenz,Generic,200mg,Capsule,90,46,1196.97,26.02,0.29,"Aurobindo Unit III, India",FALSE,Weight Captured Separately,Freight Included in Commodity Cost,1.48
"12,206",119-NA-T01,Pre-PQ Process,SO-1930,DN-651,Namibia,PMO - US,From RDC,N/A - From RDC,Air,Pre-PQ Process,N/A - From RDC,11-Mar-08,11-Mar-08,11-Mar-08,HRDT,HIV test,SCMS from RDC,"HIV 1/2, Uni-Gold HIV Kit, 20 Tests","HIV 1/2, Uni-Gold HIV Kit",Uni-Gold,,Test kit,20,763,24416.00,32,1.6,"Trinity Biotech, Plc",TRUE,441,"$6,148.10 ",39.07
"50,078",116-ZA-T30,FPQ-4770,SCMS-60170,ASN-5933,South Africa,PMO - US,Direct Drop,DDP,Truck,12/17/2009,12/23/2009,29-Dec-09,29-Dec-09,29-Dec-09,ARV,Adult,S. BUYS WHOLESALER,"Didanosine EC 400mg [Videx EC], delayed-release capsules, Blister 3 x 10 Caps",Didanosine EC,Videx EC,400mg,Delayed-release capsules - blister,30,30,846.07,28.2,0.94,"BMS Meymac, France",FALSE,Weight Captured Separately,Freight Included in Commodity Cost,1.82
"50,109",116-ZA-T30,FPQ-12522,SCMS-199283,ASN-27978,South Africa,PMO - US,Direct Drop,DDP,Truck,07-11-13,8/27/2014,27-Aug-14,27-Aug-14,27-Aug-14,ARV,Adult,S. BUYS WHOLESALER,"Didanosine 250mg, delayed-release capsules, 30 Caps",Didanosine,Generic,250mg,Delayed-release capsules,30,8,136.19,17.02,0.57,"Aurobindo Unit III, India",FALSE,Weight Captured Separately,Freight Included in Commodity Cost,0.17
"12,211",106-HT-T01,Pre-PQ Process,SO-23751,DN-1145,Haiti,PMO - US,From RDC,N/A - From RDC,Air,Pre-PQ Process,N/A - From RDC,31-Mar-09,31-Mar-09,31-Mar-09,ARV,Pediatric,SCMS from RDC,"Efavirenz 50mg, capsule, 30 Caps",Efavirenz,Generic,50mg,Capsule,30,"1,446",3239.04,2.24,0.07,"Aurobindo Unit III, India",TRUE,83,"$1,608.72 ",6.35
"50,301",116-ZA-T30,FPQ-13973,SCMS-238555,ASN-29257,South Africa,PMO - US,Direct Drop,DDP,Truck,4/30/2014,11-04-14,05-Nov-14,05-Nov-14,05-Nov-14,ARV,Adult,PHARMACY DIRECT,"Emtricitabine/Tenofovir Disoproxil Fumarate 200/300mg, tablets, 30 Tabs",Emtricitabine/Tenofovir Disoproxil Fumarate,Generic,200/300mg,Tablet - FDC,30,11,332.32,30.21,1.01,"Aurobindo Unit III, India",FALSE,Weight Captured Separately,Freight Included in Commodity Cost,0.34
"12,213",104-CI-T01,Pre-PQ Process,SO-19330,DN-1031,Côte d'Ivoire,PMO - US,From RDC,N/A - From RDC,Air,Pre-PQ Process,N/A - From RDC,05-Jan-09,05-Jan-09,05-Jan-09,ARV,Adult,SCMS from RDC,"Lamivudine/Zidovudine 150/300mg, tablets, 60 Tabs",Lamivudine/Zidovudine,Generic,150/300mg,Tablet - FDC,60,"27,224",254544.40,9.35,0.16,"Aurobindo Unit III, India",TRUE,2506,"$23,382.04 ",498.91
"12,214",104-CI-T01,Pre-PQ Process,SO-16200,DN-1046,Côte d'Ivoire,PMO - US,From RDC,N/A - From RDC,Air,Pre-PQ Process,N/A - From RDC,10-Feb-09,10-Feb-09,10-Feb-09,ARV,Adult,SCMS from RDC,"Lamivudine/Stavudine 150/30mg, tablets, 60 Tabs",Lamivudine/Stavudine,Generic,150/30mg,Tablet - FDC,60,"21,360",83304.00,3.9,0.06,Mylan (formerly Matrix) Nashik,TRUE,1567,"$21,821.95 ",163.28
"12,215",104-CI-T01,Pre-PQ Process,SO-16210,DN-1047,Côte d'Ivoire,PMO - US,From RDC,N/A - From RDC,Air,Pre-PQ Process,N/A - From RDC,19-Jan-09,19-Jan-09,19-Jan-09,ARV,Adult,SCMS from RDC,"Lamivudine/Nevirapine/Zidovudine 150/200/300mg, tablets, 60 Tabs",Lamivudine/Nevirapine/Zidovudine,Generic,150/300/200mg,Tablet - FDC,60,"10,000",118000.00,11.8,0.2,"Aurobindo Unit III, India",TRUE,1456,"$5,048.32 ",231.28
"50,380",116-ZA-T30,FPQ-13035,SCMS-215370,ASN-24415,South Africa,PMO - US,Direct Drop,DDP,Truck,10-08-13,12-02-13,06-Feb-14,06-Feb-14,06-Feb-14,ARV,Adult,S. BUYS WHOLESALER,"Didanosine 400mg, delayed-release capsules, 30 Caps",Didanosine,Generic,400mg,Delayed-release capsules,30,58,1068.21,18.42,0.61,"Aurobindo Unit III, India",FALSE,Weight Captured Separately,Freight Included in Commodity Cost,1.32
"50,438",116-ZA-T30,FPQ-14942,SCMS-259073,ASN-30671,South Africa,PMO - US,Direct Drop,DDP,Truck,09-11-14,02-12-15,12-Feb-15,12-Feb-15,12-Feb-15,ARV,Adult,PHARMACY DIRECT,"Didanosine 400mg, delayed-release capsules, 30 Caps",Didanosine,Generic,400mg,Delayed-release capsules,30,6,85.30,14.22,0.47,"Aurobindo Unit III, India",FALSE,Weight Captured Separately,Freight Included in Commodity Cost,0.09
"12,219",114-UG-T01,Pre-PQ Process,SO-17750,DN-1083,Uganda,PMO - US,From RDC,N/A - From RDC,Air,Pre-PQ Process,N/A - From RDC,03-Mar-09,03-Mar-09,03-Mar-09,ARV,Adult,SCMS from RDC,"Emtricitabine/Tenofovir Disoproxil Fumarate 200/300mg [Truvada], tablets, 30 Tabs",Emtricitabine/Tenofovir Disoproxil Fumarate,Truvada,300/200mg,Tablet - FDC,30,"1,166",30607.50,26.25,0.88,"Aspen-OSD, Port Elizabeth, SA",TRUE,145,"$1,742.25 ",59.99
"50,498",116-ZA-T30,FPQ-15269,SCMS-267020,ASN-29764,South Africa,PMO - US,Direct Drop,DDP,Truck,10/29/2014,12-10-14,10-Dec-14,10-Dec-14,10-Dec-14,ARV,Pediatric,S. BUYS WHOLESALER,"Lamivudine 10mg/ml, oral solution, Bottle, 240 ml",Lamivudine,Generic,10mg/ml,Oral solution,240,36,228.01,6.33,0.03,"Aurobindo Unit III, India",FALSE,Weight Captured Separately,Freight Included in Commodity Cost,0.27
"12,222",126-NG-T01,Pre-PQ Process,SO-10800,DN-872,Nigeria,PMO - US,From RDC,N/A - From RDC,Air,Pre-PQ Process,N/A - From RDC,18-Aug-08,18-Aug-08,18-Aug-08,ARV,Adult,SCMS from RDC,"Lamivudine 150mg, tablets, 60 Tabs",Lamivudine,Generic,150mg,Tablet,60,"1,300",3770.00,2.9,0.05,"Aurobindo Unit III, India",TRUE,65,"$1,020.98 ",6.03
"50,524",116-ZA-T30,FPQ-4359,SCMS-55000,ASN-5349,South Africa,PMO - US,Direct Drop,DDP,Truck,10-08-09,10/15/2009,19-Oct-09,19-Oct-09,19-Oct-09,ARV,Pediatric,S. BUYS WHOLESALER,"Lopinavir/Ritonavir 80/20mg/ml [Kaletra], oral solution, cool, Bottle 5 x 60 ml",Lopinavir/Ritonavir,Kaletra,80/20mg/ml,Oral solution,300,100,4835.18,48.35,0.16,ABBVIE (Abbott) Logis. UK,TRUE,Weight Captured Separately,Freight Included in Commodity Cost,9.48
"12,225",110-ZM-T01,Pre-PQ Process,SO-2476,DN-864,Zambia,PMO - US,From RDC,N/A - From RDC,Air,Pre-PQ Process,N/A - From RDC,27-Aug-08,27-Aug-08,27-Aug-08,ARV,Adult,SCMS from RDC,"Nevirapine 200mg, tablets, 60 Tabs",Nevirapine,Generic,200mg,Tablet,60,"39,068",132831.20,3.4,0.06,Hetero Unit III Hyderabad IN,TRUE,4510,"$3,540.35 ",212.53
"12,228",132-NG-T01,Pre-PQ Process,SO-15540,DN-939,Nigeria,PMO - US,From RDC,N/A - From RDC,Air,Pre-PQ Process,N/A - From RDC,28-Sep-08,28-Sep-08,28-Sep-08,ARV,Adult,SCMS from RDC,"Emtricitabine/Tenofovir Disoproxil Fumarate 200/300mg [Truvada], tablets, 30 Tabs",Emtricitabine/Tenofovir Disoproxil Fumarate,Truvada,300/200mg,Tablet - FDC,30,"45,000",1181250.00,26.25,0.88,"Aspen-OSD, Port Elizabeth, SA",TRUE,3951,"$11,584.54 ","1,890"
"50,626",116-ZA-T30,FPQ-13973,SCMS-238552,ASN-27608,South Africa,PMO - US,Direct Drop,DDP,Truck,4/30/2014,08-05-14,05-Aug-14,05-Aug-14,05-Aug-14,ARV,Pediatric,PHARMACY DIRECT,"Atazanavir 150mg [Reyataz], capsules, 60 Caps",Atazanavir,Reyataz,150mg,Capsule,60,6,132.03,22,0.37,"BMS Evansville, US",FALSE,Weight Captured Separately,Freight Included in Commodity Cost,0.14
"50,636",116-ZA-T30,FPQ-13973,SCMS-238556,ASN-31854,South Africa,PMO - US,Direct Drop,DDP,Truck,4/30/2014,4/28/2015,28-Apr-15,28-Apr-15,28-Apr-15,ARV,Adult,PHARMACY DIRECT,"Zidovudine 300mg, tablets, 60 Tabs",Zidovudine,Generic,300mg,Tablet,60,7,174.67,24.95,0.42,"Aurobindo Unit III, India",FALSE,Weight Captured Separately,Freight Included in Commodity Cost,0.18
"50,706",116-ZA-T30,FPQ-11828,SCMS-183950,ASN-19166,South Africa,South Africa Field Office,Direct Drop,DDP,Truck,3/18/2013,Date Not Captured,16-Apr-13,16-Apr-13,16-Apr-13,ARV,Adult,S. BUYS WHOLESALER,"Zidovudine 300mg [Retrovir], tablets, 60 Tabs",Zidovudine,Retrovir,300mg,Tablet,60,2,31.73,15.86,0.26,GSK Aranda,FALSE,Weight Captured Separately,Freight Included in Commodity Cost,0.04
"12,233",110-ZM-T01,Pre-PQ Process,SO-2477,DN-854,Zambia,PMO - US,From RDC,N/A - From RDC,Truck,Pre-PQ Process,N/A - From RDC,20-Aug-08,20-Aug-08,20-Aug-08,ARV,Pediatric,SCMS from RDC,"Didanosine 100mg, chewable/dispersible tablets, 60 Tabs",Didanosine,Generic,100mg,Chewable/dispersible tablet,60,"3,600",27900.00,7.75,0.13,"Aurobindo Unit III, India",TRUE,750,$813.75 ,44.64
"12,234",110-ZM-T01,Pre-PQ Process,SO-2480,DN-855,Zambia,PMO - US,From RDC,N/A - From RDC,Truck,Pre-PQ Process,N/A - From RDC,20-Aug-08,20-Aug-08,20-Aug-08,ARV,Adult,SCMS from RDC,"Efavirenz 600mg, tablets, 30 Tabs",Efavirenz,Generic,600mg,Tablet,30,"50,000",600500.00,12.01,0.4,Mylan (formerly Matrix) Nashik,TRUE,3841,"$3,558.49 ",960.8
"50,968",116-ZA-T30,FPQ-12522,SCMS-199289,ASN-28037,South Africa,PMO - US,Direct Drop,DDP,Truck,07-11-13,8/29/2014,29-Aug-14,29-Aug-14,29-Aug-14,ARV,Adult,S. BUYS WHOLESALER,"Abacavir 300mg, tablets, 60 Tabs",Abacavir,Generic,300mg,Tablet,60,91,6925.86,76.11,1.27,"Aurobindo Unit III, India",FALSE,Weight Captured Separately,Freight Included in Commodity Cost,8.57
"12,236",112-NG-T01,Pre-PQ Process,SO-11031,DN-901,Nigeria,PMO - US,From RDC,N/A - From RDC,Air,Pre-PQ Process,N/A - From RDC,10-Sep-08,10-Sep-08,10-Sep-08,ARV,Adult,SCMS from RDC,"Tenofovir Disoproxil Fumarate 300mg, tablets, 30 Tabs",Tenofovir Disoproxil Fumarate,Generic,300mg,Tablet,30,196,2677.36,13.66,0.46,Mylan (formerly Matrix) Nashik,TRUE,12,$900 ,4.28
"12,237",117-ET-T01,Pre-PQ Process,SO-21990,DN-1051,Ethiopia,PMO - US,From RDC,N/A - From RDC,Air,Pre-PQ Process,N/A - From RDC,03-Feb-09,03-Feb-09,03-Feb-09,ARV,Adult,SCMS from RDC,"Lamivudine/Nevirapine/Stavudine 150/200/30mg, tablets, 60 Tabs",Lamivudine/Nevirapine/Stavudine,Generic,150/200/30mg,Tablet - FDC,60,"22,918",163176.16,7.12,0.12,"Strides, Bangalore, India.",TRUE,1689,"$9,189.57 ",319.83
"12,238",109-TZ-T01,Pre-PQ Process,SO-18722,DN-1075,Tanzania,PMO - US,From RDC,N/A - From RDC,Truck,Pre-PQ Process,N/A - From RDC,09-Mar-09,09-Mar-09,09-Mar-09,ARV,Adult,SCMS from RDC,"Tenofovir Disoproxil Fumarate 300mg [Viread], tablets, 30 Tabs",Tenofovir Disoproxil Fumarate,Viread,300mg,Tablet,30,883,15011.00,17,0.57,"Aspen-OSD, Port Elizabeth, SA",TRUE,70,"$1,169.90 ",29.42
"12,242",104-CI-T01,Pre-PQ Process,SO-21841,DN-1098,Côte d'Ivoire,PMO - US,From RDC,N/A - From RDC,Air,Pre-PQ Process,N/A - From RDC,27-Feb-09,27-Feb-09,27-Feb-09,ARV,Pediatric,SCMS from RDC,"Nevirapine 10mg/ml, oral suspension, Bottle, 240 ml",Nevirapine,Generic,10mg/ml,Oral suspension,240,"2,976",5713.92,1.92,0.01,"Aurobindo Unit III, India",TRUE,209,"$5,463.97 ",11.2
"50,976",107-RW-T30,FPQ-6186,SCMS-83351,ASN-9598,Rwanda,PMO - US,Direct Drop,CIP,Air,8/13/2010,9/28/2010,28-Jan-11,28-Jan-11,28-Jan-11,ARV,Adult,MYLAN LABORATORIES LTD (FORMERLY MATRIX LABORATORIES),"Efavirenz/Lamivudine/Tenofovir Disoproxil Fumarate 600/300/300mg, tablets, 30 Tabs",Efavirenz/Lamivudine/Tenofovir Disoproxil Fumarate,Generic,600/300/300mg,Tablet - FDC,30,"5,244",91665.12,17.48,0.58,Mylan (formerly Matrix) Nashik,TRUE,Weight Captured Separately,Freight Included in Commodity Cost,197.63
"12,244",510-KE-T01,Pre-PQ Process,SO-12700,DN-880,Kenya,PMO - US,From RDC,N/A - From RDC,Truck,Pre-PQ Process,N/A - From RDC,08-Aug-08,08-Aug-08,08-Aug-08,HRDT,HIV test,SCMS from RDC,"HIV 1/2, Uni-Gold HIV Kit, 20 Tests","HIV 1/2, Uni-Gold HIV Kit",Uni-Gold,,Test kit,20,168,5376.00,32,1.6,"Trinity Biotech, Plc",TRUE,56,$167.44 ,8.6
"12,245",123-NG-T01,Pre-PQ Process,SO-19070,DN-1039,Nigeria,PMO - US,From RDC,N/A - From RDC,Air,Pre-PQ Process,N/A - From RDC,16-Feb-09,19-Jan-09,19-Jan-09,ARV,Adult,SCMS from RDC,"Stavudine 30mg, capsules, 60 Caps",Stavudine,Generic,30mg,Capsule,60,"4,124",6392.20,1.55,0.03,"Aurobindo Unit III, India",TRUE,273,"$7,363.74 ",12.53
"51,063",161-ZA-T30,FPQ-5648,SCMS-75660,ASN-9113,South Africa,PMO - US,Direct Drop,DDP,Ocean,06-02-10,6/17/2010,12-Oct-10,01-Feb-11,01-Feb-11,ARV,Adult,Aurobindo Pharma Limited,"Efavirenz 600mg, tablets, 30 Tabs",Efavirenz,Generic,600mg,Tablet,30,"9,572",43169.72,4.51,0.15,"Aurobindo Unit III, India",TRUE,Weight Captured Separately,Freight Included in Commodity Cost,93.07
"51,073",116-ZA-T30,FPQ-13035,SCMS-215370,ASN-24415,South Africa,PMO - US,Direct Drop,DDP,Truck,10-08-13,12-02-13,06-Feb-14,06-Feb-14,06-Feb-14,ARV,Adult,S. BUYS WHOLESALER,"Efavirenz 600mg, tablets, 30 Tabs",Efavirenz,Generic,600mg,Tablet,30,757,11261.49,14.88,0.5,"Cipla, Goa, India",FALSE,Weight Captured Separately,Freight Included in Commodity Cost,13.93
"12,248",110-ZM-T01,Pre-PQ Process,SO-2544,DN-1056,Zambia,PMO - US,From RDC,N/A - From RDC,Truck,Pre-PQ Process,N/A - From RDC,16-Feb-09,16-Feb-09,16-Feb-09,ARV,Adult,SCMS from RDC,"Emtricitabine/Tenofovir Disoproxil Fumarate 200/300mg [Truvada], tablets, 30 Tabs",Emtricitabine/Tenofovir Disoproxil Fumarate,Truvada,300/200mg,Tablet - FDC,30,"100,000",2625000.00,26.25,0.88,"Aspen-OSD, Port Elizabeth, SA",TRUE,9000,"$14,036.31 ","5,145"
"12,249",130-NG-T01,Pre-PQ Process,SO-10540,DN-844,Nigeria,PMO - US,From RDC,N/A - From RDC,Air,Pre-PQ Process,N/A - From RDC,24-Jul-08,24-Jul-08,24-Jul-08,ARV,Adult,SCMS from RDC,"Efavirenz 600mg, tablets, 30 Tabs",Efavirenz,Generic,600mg,Tablet,30,"1,030",12071.60,11.72,0.39,"Aurobindo Unit III, India",TRUE,251,"$1,960.81 ",19.31
"51,225",116-ZA-T30,FPQ-13973,SCMS-238573,ASN-29122,South Africa,PMO - US,Direct Drop,DDP,Truck,4/30/2014,10/29/2014,29-Oct-14,29-Oct-14,29-Oct-14,ARV,Pediatric,PHARMACY DIRECT,"Lopinavir/Ritonavir 80/20mg/ml [Kaletra], oral solution, cool, Bottle 5 x 60 ml",Lopinavir/Ritonavir,Kaletra,80/20mg/ml,Oral solution,300,4,88.27,22.07,0.07,ABBVIE (Abbott) Logis. UK,TRUE,Weight Captured Separately,Freight Included in Commodity Cost,0.09
"12,251",151-NG-T01,Pre-PQ Process,SO-21809,DN-1156,Nigeria,PMO - US,From RDC,N/A - From RDC,Air Charter,Pre-PQ Process,N/A - From RDC,08-May-09,08-May-09,08-May-09,ARV,Adult,SCMS from RDC,"Lamivudine/Nevirapine/Zidovudine 150/200/300mg, tablets, 60 Tabs",Lamivudine/Nevirapine/Zidovudine,Generic,150/300/200mg,Tablet - FDC,60,"26,616",303422.40,11.4,0.19,"Aurobindo Unit III, India",TRUE,2993,"$15,128.37 ",594.71
"12,252",114-UG-T01,Pre-PQ Process,SO-17900,DN-987,Uganda,PMO - US,From RDC,N/A - From RDC,Air,Pre-PQ Process,N/A - From RDC,06-Jan-09,06-Jan-09,06-Jan-09,ARV,Adult,SCMS from RDC,"Lamivudine/Nevirapine/Zidovudine 150/200/300mg, tablets, 60 Tabs",Lamivudine/Nevirapine/Zidovudine,Generic,150/300/200mg,Tablet - FDC,60,"5,131",60545.80,11.8,0.2,"Aurobindo Unit III, India",TRUE,691,"$8,252.73 ",118.67
"51,346",116-ZA-T30,FPQ-15269,SCMS-267020,ASN-29764,South Africa,PMO - US,Direct Drop,DDP,Truck,10/29/2014,12-10-14,10-Dec-14,10-Dec-14,10-Dec-14,ARV,Adult,S. BUYS WHOLESALER,"Lopinavir/Ritonavir 200/50mg [Aluvia], tablets, 120 Tabs",Lopinavir/Ritonavir,Aluvia,200/50mg,Tablet,120,47,971.91,20.68,0.17,ABBVIE Ludwigshafen Germany,FALSE,Weight Captured Separately,Freight Included in Commodity Cost,1.14
"51,396",161-ZA-T30,FPQ-5648,SCMS-75650,ASN-9933,South Africa,PMO - US,Direct Drop,DDP,Ocean,06-02-10,6/17/2010,17-Mar-11,17-Mar-11,17-Mar-11,ARV,Pediatric,Aurobindo Pharma Limited,"Lamivudine 10mg/ml, oral solution w/syringe, Bottle, 240 ml",Lamivudine,Generic,10mg/ml,Oral solution,240,"11,640",24676.80,2.12,0.01,"Aurobindo Unit III, India",TRUE,Weight Captured Separately,Freight Included in Commodity Cost,53.2
"51,397",116-ZA-T30,FPQ-11828,SCMS-183950,ASN-19166,South Africa,South Africa Field Office,Direct Drop,DDP,Truck,3/18/2013,Date Not Captured,16-Apr-13,16-Apr-13,16-Apr-13,ARV,Adult,S. BUYS WHOLESALER,"Lamivudine/Zidovudine 150/300mg, tablets, 60 Tabs",Lamivudine/Zidovudine,Generic,150/300mg,Tablet - FDC,60,"6,658",94179.41,14.15,0.24,"Cipla, Goa, India",FALSE,Weight Captured Separately,Freight Included in Commodity Cost,116.5
"12,256",117-ET-T01,Pre-PQ Process,SO-22030,DN-1062,Ethiopia,PMO - US,From RDC,N/A - From RDC,Air,Pre-PQ Process,N/A - From RDC,04-Mar-09,04-Mar-09,04-Mar-09,ARV,Adult,SCMS from RDC,"Lamivudine/Nevirapine/Stavudine 150/200/30mg, tablets, 60 Tabs",Lamivudine/Nevirapine/Stavudine,Generic,150/200/30mg,Tablet - FDC,60,"107,556",765798.72,7.12,0.12,"Cipla, Goa, India",TRUE,14450,"$14,144.68 ","1,500.97"
"51,432",116-ZA-T30,FPQ-13973,SCMS-238552,ASN-27606,South Africa,PMO - US,Direct Drop,DDP,Truck,4/30/2014,08-05-14,05-Aug-14,05-Aug-14,05-Aug-14,ARV,Adult,PHARMACY DIRECT,"Lamivudine 150mg, tablets, 60 Tabs",Lamivudine,Generic,150mg,Tablet,60,73,667.44,9.14,0.15,"Aurobindo Unit III, India",FALSE,Weight Captured Separately,Freight Included in Commodity Cost,0.69
"51,467",116-ZA-T30,FPQ-12522,SCMS-199289,ASN-28034,South Africa,PMO - US,Direct Drop,DDP,Truck,07-11-13,8/29/2014,29-Aug-14,29-Aug-14,29-Aug-14,ARV,Adult,S. BUYS WHOLESALER,"Zidovudine 300mg, tablets, 60 Tabs",Zidovudine,Generic,300mg,Tablet,60,18,488.00,27.11,0.45,Mylan (formerly Matrix) Nashik,FALSE,Weight Captured Separately,Freight Included in Commodity Cost,0.6
"51,525",116-ZA-T30,FPQ-4770,SCMS-60170,ASN-5934,South Africa,PMO - US,Direct Drop,DDP,Truck,12/17/2009,12/23/2009,28-Dec-09,28-Dec-09,28-Dec-09,ARV,Pediatric,S. BUYS WHOLESALER,"Efavirenz 50mg, capsule, 30 Caps",Efavirenz,Generic,50mg,Capsule,30,230,959.89,4.17,0.14,"Aurobindo Unit III, India",FALSE,Weight Captured Separately,Freight Included in Commodity Cost,2.07
"12,260",123-NG-T01,Pre-PQ Process,SO-19070,DN-1080,Nigeria,PMO - US,From RDC,N/A - From RDC,Air,Pre-PQ Process,N/A - From RDC,16-Feb-09,16-Feb-09,16-Feb-09,ARV,Adult,SCMS from RDC,"Efavirenz 600mg, tablets, 30 Tabs",Efavirenz,Generic,600mg,Tablet,30,"13,473",148203.00,11,0.37,"Aurobindo Unit III, India",TRUE,1146,"$3,680.33 ",290.48
"51,531",116-ZA-T30,FPQ-14942,SCMS-259072,ASN-30377,South Africa,PMO - US,Direct Drop,DDP,Truck,09-11-14,1/26/2015,26-Jan-15,26-Jan-15,26-Jan-15,ARV,Pediatric,PHARMACY DIRECT,"Lamivudine 10mg/ml, oral solution, Bottle, 240 ml",Lamivudine,Generic,10mg/ml,Oral solution,240,11,56.85,5.17,0.02,"Aurobindo Unit III, India",FALSE,Weight Captured Separately,Freight Included in Commodity Cost,0.06
"12,264",151-NG-T01,Pre-PQ Process,SO-21783,DN-1131,Nigeria,PMO - US,From RDC,N/A - From RDC,Air,Pre-PQ Process,N/A - From RDC,24-Mar-09,24-Mar-09,24-Mar-09,ARV,Adult,SCMS from RDC,"Emtricitabine/Tenofovir Disoproxil Fumarate 200/300mg [Truvada], tablets, 30 Tabs",Emtricitabine/Tenofovir Disoproxil Fumarate,Truvada,300/200mg,Tablet - FDC,30,662,17377.50,26.25,0.88,"Aspen-OSD, Port Elizabeth, SA",TRUE,62,"$6,443.61 ",34.06
"12,265",151-NG-T01,Pre-PQ Process,SO-21802,DN-1136,Nigeria,PMO - US,From RDC,N/A - From RDC,Air Charter,Pre-PQ Process,N/A - From RDC,19-Mar-09,19-Mar-09,19-Mar-09,ARV,Adult,SCMS from RDC,"Lamivudine/Nevirapine/Zidovudine 150/200/300mg, tablets, 60 Tabs",Lamivudine/Nevirapine/Zidovudine,Generic,150/300/200mg,Tablet - FDC,60,"11,661",132935.40,11.4,0.19,"Aurobindo Unit III, India",TRUE,1311,"$11,492.86 ",260.55
"51,578",116-ZA-T30,FPQ-12522,SCMS-199283,ASN-27976,South Africa,PMO - US,Direct Drop,DDP,Truck,07-11-13,8/27/2014,27-Aug-14,27-Aug-14,27-Aug-14,ARV,Adult,S. BUYS WHOLESALER,"Didanosine 250mg, delayed-release capsules, 30 Caps",Didanosine,Generic,250mg,Delayed-release capsules,30,8,136.19,17.02,0.57,"Aurobindo Unit III, India",FALSE,Weight Captured Separately,Freight Included in Commodity Cost,0.17
"12,267",117-ET-T01,Pre-PQ Process,SO-22190,DN-1091,Ethiopia,PMO - US,From RDC,N/A - From RDC,Air,Pre-PQ Process,N/A - From RDC,18-Feb-09,18-Feb-09,18-Feb-09,ARV,Adult,SCMS from RDC,"Lamivudine/Zidovudine 150/300mg, tablets, 60 Tabs",Lamivudine/Zidovudine,Generic,150/300mg,Tablet - FDC,60,"5,000",43800.00,8.76,0.15,Mylan (formerly Matrix) Nashik,TRUE,403,"$1,719.65 ",85.85
"51,641",116-ZA-T30,FPQ-13035,SCMS-215370,ASN-24415,South Africa,PMO - US,Direct Drop,DDP,Truck,10-08-13,12-02-13,06-Feb-14,06-Feb-14,06-Feb-14,ARV,Pediatric,S. BUYS WHOLESALER,"Abacavir 20mg/ml [Ziagen], oral solution, Bottle, 240 ml",Abacavir,Ziagen,20mg/ml,Oral solution,240,6,144.28,24.05,0.1,GSK Mississauga (Canada),FALSE,Weight Captured Separately,Freight Included in Commodity Cost,0.18
"51,763",116-ZA-T30,FPQ-11828,SCMS-183950,ASN-19166,South Africa,South Africa Field Office,Direct Drop,DDP,Truck,3/18/2013,Date Not Captured,16-Apr-13,16-Apr-13,16-Apr-13,ARV,Adult,S. BUYS WHOLESALER,"Efavirenz 600mg, tablets, 30 Tabs",Efavirenz,Generic,600mg,Tablet,30,911,14646.84,16.08,0.54,"Cipla, Goa, India",FALSE,Weight Captured Separately,Freight Included in Commodity Cost,18.12
"12,271",123-NG-T01,Pre-PQ Process,SO-22830,DN-1166,Nigeria,PMO - US,From RDC,N/A - From RDC,Air Charter,Pre-PQ Process,N/A - From RDC,08-May-09,08-May-09,08-May-09,ARV,Adult,SCMS from RDC,"Efavirenz 600mg, tablets, 30 Tabs",Efavirenz,Generic,600mg,Tablet,30,"25,000",275000.00,11,0.37,"Aurobindo Unit III, India",TRUE,2267,"$15,128.37 ",539
"12,272",111-MZ-T01,Pre-PQ Process,SO-27430,DN-1177,Mozambique,PMO - US,From RDC,N/A - From RDC,Air,Pre-PQ Process,N/A - From RDC,15-May-09,15-May-09,15-May-09,ARV,Adult,SCMS from RDC,"Stavudine 30mg, capsules, 60 Caps",Stavudine,Generic,30mg,Capsule,60,630,976.50,1.55,0.03,"Aurobindo Unit III, India",TRUE,42,"$1,217.37 ",1.91
"51,817",161-ZA-T30,FPQ-6708,SCMS-93570,ASN-12387,South Africa,PMO - US,Direct Drop,DDP,Ocean,11/26/2010,12/14/2010,05-Oct-11,24-Nov-11,24-Nov-11,ARV,Adult,Aurobindo Pharma Limited,"Tenofovir Disoproxil Fumarate 300mg, tablets, 30 Tabs",Tenofovir Disoproxil Fumarate,Generic,300mg,Tablet,30,"42,131",280171.15,6.65,0.22,"Aurobindo Unit III, India",TRUE,Weight Captured Separately,Freight Included in Commodity Cost,462.28
"12,276",113-ZW-T01,Pre-PQ Process,SO-18111,DN-1214,Zimbabwe,PMO - US,From RDC,N/A - From RDC,Air,Pre-PQ Process,N/A - From RDC,12-May-09,12-May-09,12-May-09,ARV,Adult,SCMS from RDC,"Lamivudine/Stavudine 150/30mg, tablets, 60 Tabs",Lamivudine/Stavudine,Generic,150/30mg,Tablet - FDC,60,"4,000",16000.00,4,0.07,"Cipla, Goa, India",TRUE,305,"$2,698.04 ",31.36
"51,821",116-ZA-T30,FPQ-5630,SCMS-72760,ASN-7111,South Africa,PMO - US,Direct Drop,DDP,Truck,4/30/2010,05-05-10,12-May-10,12-May-10,12-May-10,ARV,Pediatric,S. BUYS WHOLESALER,"Efavirenz 200mg, capsule, 90 Caps",Efavirenz,Generic,200mg,Capsule,90,50,1636.37,32.73,0.36,"Aurobindo Unit III, India",TRUE,Weight Captured Separately,Freight Included in Commodity Cost,3.53
"12,278",151-NG-T01,Pre-PQ Process,SO-30021,DN-1217,Nigeria,PMO - US,From RDC,N/A - From RDC,Air Charter,Pre-PQ Process,N/A - From RDC,08-May-09,08-May-09,08-May-09,ARV,Adult,SCMS from RDC,"Emtricitabine/Tenofovir Disoproxil Fumarate 200/300mg [Truvada], tablets, 30 Tabs",Emtricitabine/Tenofovir Disoproxil Fumarate,Truvada,300/200mg,Tablet - FDC,30,"27,439",720273.75,26.25,0.88,"Aspen-OSD, Port Elizabeth, SA",TRUE,2561,"$15,128.47 ","1,411.74"
"12,279",106-HT-T01,Pre-PQ Process,SO-24841,DN-1219,Haiti,PMO - US,From RDC,N/A - From RDC,Air,Pre-PQ Process,N/A - From RDC,22-May-09,22-May-09,22-May-09,ARV,Adult,SCMS from RDC,"Efavirenz 600mg, tablets, 30 Tabs",Efavirenz,Generic,600mg,Tablet,30,"7,323",71179.56,9.72,0.32,"Aurobindo Unit III, India",TRUE,631,"$7,584.12 ",139.51
"51,833",116-ZA-T30,FPQ-14942,SCMS-259079,ASN-33852,South Africa,PMO - US,Direct Drop,DDP,Truck,09-11-14,10-09-14,24-Aug-15,24-Aug-15,24-Aug-15,ARV,Pediatric,PHARMACY DIRECT,"Abacavir 20mg/ml, oral solution, Bottle, 240 ml",Abacavir,Generic,20mg/ml,Oral solution,240,26,493.97,19,0.08,"Aurobindo Unit III, India",FALSE,Weight Captured Separately,Freight Included in Commodity Cost,0.51
"12,281",114-UG-T01,Pre-PQ Process,SO-26160,DN-1225,Uganda,PMO - US,From RDC,N/A - From RDC,Air,Pre-PQ Process,N/A - From RDC,22-May-09,22-May-09,22-May-09,ARV,Adult,SCMS from RDC,"Stavudine 30mg, capsules, 60 Caps",Stavudine,Generic,30mg,Capsule,60,60,89.40,1.49,0.02,"Aurobindo Unit III, India",TRUE,4,$526.41 ,0.18
"51,888",116-ZA-T30,FPQ-13973,SCMS-238555,ASN-29257,South Africa,PMO - US,Direct Drop,DDP,Truck,4/30/2014,11-04-14,05-Nov-14,05-Nov-14,05-Nov-14,ARV,Adult,PHARMACY DIRECT,"Zidovudine 300mg, tablets, 60 Tabs",Zidovudine,Generic,300mg,Tablet,60,10,249.54,24.95,0.42,"Aurobindo Unit III, India",FALSE,Weight Captured Separately,Freight Included in Commodity Cost,0.26
"51,969",116-ZA-T30,FPQ-12522,SCMS-199283,ASN-27976,South Africa,PMO - US,Direct Drop,DDP,Truck,07-11-13,8/27/2014,27-Aug-14,27-Aug-14,27-Aug-14,ARV,Adult,S. BUYS WHOLESALER,"Nevirapine 200mg, tablets, 60 Tabs",Nevirapine,Generic,200mg,Tablet,60,67,1321.12,19.72,0.33,"Aurobindo Unit III, India",FALSE,Weight Captured Separately,Freight Included in Commodity Cost,1.63
"52,068",116-ZA-T30,FPQ-15269,SCMS-267020,ASN-29764,South Africa,PMO - US,Direct Drop,DDP,Truck,10/29/2014,12-10-14,10-Dec-14,10-Dec-14,10-Dec-14,ARV,Adult,S. BUYS WHOLESALER,"Lamivudine 150mg [Epivir], tablets, 60 Tabs",Lamivudine,Epivir,150mg,Tablet,60,983,10106.64,10.28,0.17,GSK Cape Town Factory (South Africa),FALSE,Weight Captured Separately,Freight Included in Commodity Cost,11.9
"52,131",116-ZA-T30,FPQ-11828,SCMS-183950,ASN-19166,South Africa,South Africa Field Office,Direct Drop,DDP,Truck,3/18/2013,Date Not Captured,16-Apr-13,16-Apr-13,16-Apr-13,ARV,Adult,S. BUYS WHOLESALER,"Didanosine 250mg, delayed-release capsules, 30 Caps",Didanosine,Generic,250mg,Delayed-release capsules,30,64,987.12,15.42,0.51,"Aurobindo Unit III, India",FALSE,Weight Captured Separately,Freight Included in Commodity Cost,1.22
"12,289",112-NG-T01,Pre-PQ Process,SO-21052,DN-1257,Nigeria,PMO - US,From RDC,N/A - From RDC,Air,Pre-PQ Process,N/A - From RDC,05-Jun-09,05-Jun-09,05-Jun-09,ARV,Adult,SCMS from RDC,"Lamivudine/Zidovudine 150/300mg, tablets, 60 Tabs",Lamivudine/Zidovudine,Generic,150/300mg,Tablet - FDC,60,"1,747",15303.72,8.76,0.15,Mylan (formerly Matrix) Nashik,TRUE,148,"$1,012.18 ",30
"52,175",116-ZA-T30,FPQ-3560,SCMS-50940,ASN-5472,South Africa,PMO - US,Direct Drop,DDP,Truck,05-07-09,08-03-09,08-Oct-09,14-Oct-09,14-Oct-09,ARV,Pediatric,S. BUYS WHOLESALER,"Stavudine 1mg/ml, powder for oral solution, 200 ml",Stavudine,Generic,1mg/ml,Oral solution,200,"1,700",4270.78,2.51,0.01,"Aurobindo Unit III, India",TRUE,Weight Captured Separately,Freight Included in Commodity Cost,8.37
"52,228",107-RW-T30,FPQ-12409,SCMS-193930,ASN-22289,Rwanda,PMO - US,Direct Drop,CIP,Air,5/31/2013,6/13/2013,19-Oct-13,19-Oct-13,22-Oct-13,ARV,Adult,MERCK SHARP & DOHME IDEA GMBH (FORMALLY MERCK SHARP & DOHME B.V.),"Indinavir 400mg [Crixivan], capsules, 180 Caps",Indinavir,Crixivan,400mg,Capsule,180,36,1800.00,50,0.28,"MSD, Haarlem, NL",TRUE,Weight Captured Separately,Freight Included in Commodity Cost,2.23
"12,294",106-HT-T01,Pre-PQ Process,SO-24832,DN-1278,Haiti,PMO - US,From RDC,N/A - From RDC,Air,Pre-PQ Process,N/A - From RDC,18-Jun-09,18-Jun-09,18-Jun-09,ARV,Pediatric,SCMS from RDC,"Efavirenz 50mg, capsule, 30 Caps",Efavirenz,Generic,50mg,Capsule,30,"1,428",3198.72,2.24,0.07,"Aurobindo Unit III, India",TRUE,83,"$7,789.85 ",6.27
"12,295",151-NG-T01,Pre-PQ Process,SO-30022,DN-1290,Nigeria,PMO - US,From RDC,N/A - From RDC,Air Charter,Pre-PQ Process,N/A - From RDC,16-Jun-09,16-Jun-09,16-Jun-09,ARV,Adult,SCMS from RDC,"Emtricitabine/Tenofovir Disoproxil Fumarate 200/300mg [Truvada], tablets, 30 Tabs",Emtricitabine/Tenofovir Disoproxil Fumarate,Truvada,300/200mg,Tablet - FDC,30,"24,269",637061.25,26.25,0.88,"Aspen-OSD, Port Elizabeth, SA",TRUE,2094,"$7,329.83 ","1,248.64"
"12,296",114-UG-T01,Pre-PQ Process,SO-26170,DN-1293,Uganda,PMO - US,From RDC,N/A - From RDC,Air,Pre-PQ Process,N/A - From RDC,29-Jun-09,29-Jun-09,29-Jun-09,ARV,Adult,SCMS from RDC,"Lamivudine/Nevirapine/Zidovudine 150/200/300mg, tablets, 60 Tabs",Lamivudine/Nevirapine/Zidovudine,Generic,150/300/200mg,Tablet - FDC,60,"10,372",119900.32,11.56,0.19,Mylan (formerly Matrix) Nashik,TRUE,1312,"$14,569.14 ",235
"12,297",151-NG-T01,Pre-PQ Process,SO-22520,DN-1294,Nigeria,PMO - US,From RDC,N/A - From RDC,Air Charter,Pre-PQ Process,N/A - From RDC,16-Jun-09,16-Jun-09,16-Jun-09,ARV,Adult,SCMS from RDC,"Emtricitabine/Tenofovir Disoproxil Fumarate 200/300mg [Truvada], tablets, 30 Tabs",Emtricitabine/Tenofovir Disoproxil Fumarate,Truvada,300/200mg,Tablet - FDC,30,"27,314",716992.50,26.25,0.88,"Aspen-OSD, Port Elizabeth, SA",TRUE,2363,"$7,329.83 ","1,405.31"
"12,299",110-ZM-T01,Pre-PQ Process,SO-29070,DN-1325,Zambia,PMO - US,From RDC,N/A - From RDC,Truck,Date Not Captured,N/A - From RDC,29-Sep-09,29-Sep-09,29-Sep-09,ARV,Adult,SCMS from RDC,"Lamivudine/Tenofovir Disoproxil Fumarate 300/300mg, tablets, 30 Tabs",Lamivudine/Tenofovir Disoproxil Fumarate,Generic,300/300mg,Tablet - FDC,30,"92,000",1058000.00,11.5,0.38,Mylan (formerly Matrix) Nashik,TRUE,7579,"$6,759.28 ","2,073.68"
"52,388",116-ZA-T30,FPQ-14942,SCMS-259079,ASN-33851,South Africa,PMO - US,Direct Drop,DDP,Truck,09-11-14,10-09-14,24-Aug-15,24-Aug-15,24-Aug-15,ARV,Adult,PHARMACY DIRECT,"Tenofovir Disoproxil Fumarate 300mg, tablets, 30 Tabs",Tenofovir Disoproxil Fumarate,Generic,300mg,Tablet,30,36,534.69,14.85,0.5,Mylan (formerly Matrix) Nashik,FALSE,Weight Captured Separately,Freight Included in Commodity Cost,0.55
"12,301",151-NG-T01,Pre-PQ Process,SO-32644,DN-1338,Nigeria,PMO - US,From RDC,N/A - From RDC,Air Charter,Date Not Captured,N/A - From RDC,04-Aug-09,04-Aug-09,04-Aug-09,ARV,Adult,SCMS from RDC,"Lamivudine/Nevirapine/Zidovudine 150/200/300mg, tablets, 60 Tabs",Lamivudine/Nevirapine/Zidovudine,Generic,150/300/200mg,Tablet - FDC,60,"5,800",66120.00,11.4,0.19,"Aurobindo Unit III, India",TRUE,654,"$7,445.80 ",129.6
"12,302",151-NG-T01,Pre-PQ Process,SO-27810,DN-1346,Nigeria,PMO - US,From RDC,N/A - From RDC,Air Charter,Date Not Captured,N/A - From RDC,04-Aug-09,04-Aug-09,04-Aug-09,ARV,Adult,SCMS from RDC,"Emtricitabine/Tenofovir Disoproxil Fumarate 200/300mg [Truvada], tablets, 30 Tabs",Emtricitabine/Tenofovir Disoproxil Fumarate,Truvada,300/200mg,Tablet - FDC,30,"22,730",596662.50,26.25,0.88,"Aspen-OSD, Port Elizabeth, SA",TRUE,1977,"$7,445.80 ","1,169.46"
"12,303",104-CI-T01,Pre-PQ Process,SO-27533,DN-1357,Côte d'Ivoire,PMO - US,From RDC,N/A - From RDC,Air Charter,Date Not Captured,N/A - From RDC,11-Aug-09,11-Aug-09,11-Aug-09,ARV,Adult,SCMS from RDC,"Efavirenz 600mg, tablets, 30 Tabs",Efavirenz,Generic,600mg,Tablet,30,"3,280",31881.60,9.72,0.32,"Emcure Plot No.P-2, I.T-B.T. Park, Phase II, MIDC, Hinjwadi, Pune, India",TRUE,229,"$1,854.88 ",62.49
"52,520",116-ZA-T30,FPQ-5630,SCMS-72760,ASN-7111,South Africa,PMO - US,Direct Drop,DDP,Truck,4/30/2010,05-05-10,12-May-10,12-May-10,12-May-10,ARV,Adult,S. BUYS WHOLESALER,"Emtricitabine/Tenofovir Disoproxil Fumarate 200/300mg [Truvada], tablets, 30 Tabs",Emtricitabine/Tenofovir Disoproxil Fumarate,Truvada,300/200mg,Tablet - FDC,30,200,9382.78,46.91,1.56,"Aspen-OSD, Port Elizabeth, SA",FALSE,Weight Captured Separately,Freight Included in Commodity Cost,20.23
"52,524",116-ZA-T30,FPQ-12522,SCMS-199283,ASN-27976,South Africa,PMO - US,Direct Drop,DDP,Truck,07-11-13,8/27/2014,27-Aug-14,27-Aug-14,27-Aug-14,ARV,Adult,S. BUYS WHOLESALER,"Didanosine 400mg, delayed-release capsules, 30 Caps",Didanosine,Generic,400mg,Delayed-release capsules,30,23,502.94,21.87,0.73,"Aurobindo Unit III, India",FALSE,Weight Captured Separately,Freight Included in Commodity Cost,0.62
"52,670",116-ZA-T30,FPQ-12522,SCMS-199283,ASN-27980,South Africa,PMO - US,Direct Drop,DDP,Truck,07-11-13,8/27/2014,27-Aug-14,27-Aug-14,27-Aug-14,ARV,Pediatric,S. BUYS WHOLESALER,"Abacavir 20mg/ml, oral solution w/syringe, Bottle, 240 ml",Abacavir,Generic,20mg/ml,Oral solution,240,34,932.30,27.42,0.11,"Aurobindo Unit III, India",FALSE,Weight Captured Separately,Freight Included in Commodity Cost,1.15
"12,307",111-MZ-T01,Pre-PQ Process,SO-26420,DN-1377,Mozambique,PMO - US,From RDC,N/A - From RDC,Truck,Date Not Captured,N/A - From RDC,17-Sep-09,17-Sep-09,17-Sep-09,ARV,Adult,SCMS from RDC,"Lamivudine/Nevirapine/Stavudine 150/200/30mg, tablets, 60 Tabs",Lamivudine/Nevirapine/Stavudine,Generic,150/200/30mg,Tablet - FDC,60,"76,000",541120.00,7.12,0.12,"Strides, Bangalore, India.",TRUE,5597,"$1,799.88 ","1,060.60"
"12,309",107-RW-T01,Pre-PQ Process,SO-32800,DN-1385,Rwanda,PMO - US,From RDC,N/A - From RDC,Air,Date Not Captured,N/A - From RDC,31-Jul-09,31-Jul-09,31-Jul-09,ARV,Adult,SCMS from RDC,"Lamivudine 150mg, tablets, 60 Tabs",Lamivudine,Generic,150mg,Tablet,60,"8,766",21389.04,2.44,0.04,"Aurobindo Unit III, India",TRUE,447,"$4,257.01 ",41.92
"52,710",116-ZA-T30,FPQ-13973,SCMS-238571,ASN-26885,South Africa,PMO - US,Direct Drop,DDP,Truck,4/30/2014,6/26/2014,25-Jun-14,25-Jun-14,25-Jun-14,ARV,Pediatric,PHARMACY DIRECT,"Lopinavir/Ritonavir 80/20mg/ml [Kaletra], oral solution, cool, Bottle 5 x 60 ml",Lopinavir/Ritonavir,Kaletra,80/20mg/ml,Oral solution,300,2,44.13,22.06,0.07,ABBVIE (Abbott) Logis. UK,TRUE,Weight Captured Separately,Freight Included in Commodity Cost,0.05
"12,311",114-UG-T01,Pre-PQ Process,SO-32950,DN-1399,Uganda,PMO - US,From RDC,N/A - From RDC,Air,Date Not Captured,N/A - From RDC,28-Aug-09,28-Aug-09,28-Aug-09,ARV,Adult,SCMS from RDC,"Lamivudine/Zidovudine 150/300mg, tablets, 60 Tabs",Lamivudine/Zidovudine,Generic,150/300mg,Tablet - FDC,60,"24,000",210240.00,8.76,0.15,Mylan (formerly Matrix) Nashik,TRUE,5748,"$38,957.51 ",412.07
"52,803",116-ZA-T30,FPQ-14942,SCMS-259074,ASN-31070,South Africa,PMO - US,Direct Drop,DDP,Truck,09-11-14,03-09-15,09-Mar-15,09-Mar-15,09-Mar-15,ARV,Pediatric,PHARMACY DIRECT,"Lamivudine 10mg/ml, oral solution, Bottle, 240 ml",Lamivudine,Generic,10mg/ml,Oral solution,240,4,20.67,5.17,0.02,"Aurobindo Unit III, India",FALSE,Weight Captured Separately,Freight Included in Commodity Cost,0.02
"52,853",116-ZA-T30,FPQ-14942,SCMS-259075,ASN-32137,South Africa,PMO - US,Direct Drop,DDP,Truck,09-11-14,05-11-15,12-May-15,12-May-15,12-May-15,ARV,Pediatric,PHARMACY DIRECT,"Atazanavir 150mg [Reyataz], capsules, 60 Caps",Atazanavir,Reyataz,150mg,Capsule,60,9,143.10,15.9,0.26,"BMS Evansville, US",FALSE,Weight Captured Separately,Freight Included in Commodity Cost,0.15
"12,314",110-ZM-T01,Pre-PQ Process,SO-29080,DN-1404,Zambia,PMO - US,From RDC,N/A - From RDC,Truck,Date Not Captured,N/A - From RDC,22-Sep-09,22-Sep-09,22-Sep-09,ARV,Adult,SCMS from RDC,"Lamivudine/Tenofovir Disoproxil Fumarate 300/300mg, tablets, 30 Tabs",Lamivudine/Tenofovir Disoproxil Fumarate,Generic,300/300mg,Tablet - FDC,30,"92,000",1058000.00,11.5,0.38,Mylan (formerly Matrix) Nashik,TRUE,7678,"$6,759.28 ","2,073.68"
"12,315",110-ZM-T01,Pre-PQ Process,SO-29090,DN-1406,Zambia,PMO - US,From RDC,N/A - From RDC,Truck,Date Not Captured,N/A - From RDC,22-Sep-09,22-Sep-09,22-Sep-09,ARV,Adult,SCMS from RDC,"Lamivudine/Tenofovir Disoproxil Fumarate 300/300mg, tablets, 30 Tabs",Lamivudine/Tenofovir Disoproxil Fumarate,Generic,300/300mg,Tablet - FDC,30,"92,095",1059092.50,11.5,0.38,Mylan (formerly Matrix) Nashik,TRUE,7686,"$6,759.28 ","2,075.82"
"52,854",116-ZA-T30,FPQ-11828,SCMS-183950,ASN-19166,South Africa,South Africa Field Office,Direct Drop,DDP,Truck,3/18/2013,Date Not Captured,16-Apr-13,16-Apr-13,16-Apr-13,ARV,Pediatric,S. BUYS WHOLESALER,"Abacavir 20mg/ml [Ziagen], oral solution, Bottle, 240 ml",Abacavir,Ziagen,20mg/ml,Oral solution,240,91,2074.51,22.8,0.1,GSK Mississauga (Canada),FALSE,Weight Captured Separately,Freight Included in Commodity Cost,2.57
"12,384",109-TZ-T01,Pre-PQ Process,SO-768,DN-239,Tanzania,PMO - US,From RDC,N/A - From RDC,Air,Pre-PQ Process,N/A - From RDC,30-Jul-07,30-Jul-07,30-Jul-07,ARV,Adult,SCMS from RDC,"Nevirapine 200mg, tablets, 60 Tabs",Nevirapine,Generic,200mg,Tablet,60,"11,807",42150.99,3.57,0.06,"Aurobindo Unit III, India",TRUE,1050,"$3,291 ",67.44
"52,973",116-ZA-T30,FPQ-14942,SCMS-259077,ASN-33477,South Africa,PMO - US,Direct Drop,DDP,Truck,09-11-14,10-09-14,24-Jul-15,24-Jul-15,24-Jul-15,ARV,Adult,PHARMACY DIRECT,"Zidovudine 300mg, tablets, 60 Tabs",Zidovudine,Generic,300mg,Tablet,60,7,126.22,18.03,0.3,"Aurobindo Unit III, India",FALSE,Weight Captured Separately,Freight Included in Commodity Cost,0.13
"12,318",104-CI-T01,Pre-PQ Process,SO-33250,DN-1428,Côte d'Ivoire,PMO - US,From RDC,N/A - From RDC,Air,Date Not Captured,N/A - From RDC,21-Sep-09,21-Sep-09,21-Sep-09,ARV,Adult,SCMS from RDC,"Emtricitabine/Tenofovir Disoproxil Fumarate 200/300mg, tablets, 30 Tabs",Emtricitabine/Tenofovir Disoproxil Fumarate,Generic,200/300mg,Tablet - FDC,30,666,7825.50,11.75,0.39,Mylan (formerly Matrix) Nashik,TRUE,54,"$1,713.01 ",15.34
"12,319",109-TZ-T01,Pre-PQ Process,SO-31281,DN-1430,Tanzania,PMO - US,From RDC,N/A - From RDC,Truck,Date Not Captured,N/A - From RDC,25-Sep-09,25-Sep-09,25-Sep-09,ARV,Adult,SCMS from RDC,"Abacavir 300mg, tablets, 60 Tabs",Abacavir,Generic,300mg,Tablet,60,"9,243",235234.35,25.45,0.42,"Aurobindo Unit III, India",TRUE,936,"$2,233.61 ",461.06
"12,320",110-ZM-T01,Pre-PQ Process,SO-32850,DN-1432,Zambia,PMO - US,From RDC,N/A - From RDC,Truck,Date Not Captured,N/A - From RDC,02-Oct-09,02-Oct-09,02-Oct-09,ARV,Adult,SCMS from RDC,"Lamivudine/Nevirapine/Stavudine 150/200/30mg, tablets, 60 Tabs",Lamivudine/Nevirapine/Stavudine,Generic,150/200/30mg,Tablet - FDC,60,"61,520",438022.40,7.12,0.12,"Cipla, Goa, India",TRUE,23888,"$13,518.56 ",858.52
"12,321",151-NG-T01,Pre-PQ Process,SO-33330,DN-1433,Nigeria,PMO - US,From RDC,N/A - From RDC,Air Charter,Date Not Captured,N/A - From RDC,20-Oct-09,20-Oct-09,20-Oct-09,ARV,Adult,SCMS from RDC,"Lamivudine/Nevirapine/Zidovudine 150/200/300mg, tablets, 60 Tabs",Lamivudine/Nevirapine/Zidovudine,Generic,150/300/200mg,Tablet - FDC,60,"40,230",458622.00,11.4,0.19,"Aurobindo Unit III, India",TRUE,4531,"$30,983.24 ",898.9
"12,322",151-NG-T01,Pre-PQ Process,SO-33337,DN-1439,Nigeria,PMO - US,From RDC,N/A - From RDC,Air Charter,Date Not Captured,N/A - From RDC,20-Oct-09,20-Oct-09,20-Oct-09,ARV,Adult,SCMS from RDC,"Lamivudine/Nevirapine/Zidovudine 150/200/300mg, tablets, 60 Tabs",Lamivudine/Nevirapine/Zidovudine,Generic,150/300/200mg,Tablet - FDC,60,"1,756",20018.40,11.4,0.19,"Aurobindo Unit III, India",TRUE,198,"$9,341.49 ",39.24
"12,323",104-CI-T01,Pre-PQ Process,SO-32830,DN-1451,Côte d'Ivoire,PMO - US,From RDC,N/A - From RDC,Air,Date Not Captured,N/A - From RDC,25-Aug-09,07-Oct-09,07-Oct-09,ARV,Pediatric,SCMS from RDC,"Nevirapine 10mg/ml, oral suspension, Bottle, 240 ml",Nevirapine,Generic,10mg/ml,Oral suspension,240,"1,547",2970.24,1.92,0.01,"Aurobindo Unit III, India",TRUE,581,"$1,234.90 ",5.82
"53,233",116-ZA-T30,FPQ-5535,SCMS-71370,ASN-7373,South Africa,PMO - US,Direct Drop,DDP,Truck,4/19/2010,4/21/2010,31-May-10,31-May-10,31-May-10,ARV,Pediatric,S. BUYS WHOLESALER,"Didanosine 100mg [Videx],chewable tablets, 60 Tabs",Didanosine,Videx,100mg,Chewable/dispersible tablet,60,10,164.62,16.46,0.27,"BMS Meymac, France",FALSE,Weight Captured Separately,Freight Included in Commodity Cost,0.35
"12,325",117-ET-T01,Pre-PQ Process,SO-33640,DN-1472,Ethiopia,PMO - US,From RDC,N/A - From RDC,Air,Date Not Captured,N/A - From RDC,29-Sep-09,29-Sep-09,29-Sep-09,ARV,Adult,SCMS from RDC,"Lamivudine 150mg, tablets, 60 Tabs",Lamivudine,Generic,150mg,Tablet,60,"4,234",10330.96,2.44,0.04,"Aurobindo Unit III, India",TRUE,212,"$1,489.40 ",20.25
"53,254",116-ZA-T30,FPQ-12522,SCMS-199289,ASN-28033,South Africa,PMO - US,Direct Drop,DDP,Truck,07-11-13,8/29/2014,29-Aug-14,29-Aug-14,29-Aug-14,ARV,Pediatric,S. BUYS WHOLESALER,"Abacavir 20mg/ml, oral solution w/syringe, Bottle, 240 ml",Abacavir,Generic,20mg/ml,Oral solution,240,135,3650.16,27.04,0.11,"Aurobindo Unit III, India",FALSE,Weight Captured Separately,Freight Included in Commodity Cost,4.52
"53,421",116-ZA-T30,FPQ-5535,SCMS-71370,ASN-7374,South Africa,PMO - US,Direct Drop,DDP,Truck,4/19/2010,4/21/2010,04-Jun-10,04-Jun-10,04-Jun-10,ARV,Adult,S. BUYS WHOLESALER,"Stavudine 20mg [Zerit], capsules, 60 Caps",Stavudine,Zerit,20mg,Capsule,60,200,1213.75,6.07,0.1,"BMS Meymac, France",TRUE,Weight Captured Separately,Freight Included in Commodity Cost,2.62
"12,328",110-ZM-T01,Pre-PQ Process,SO-33320,DN-1499,Zambia,PMO - US,From RDC,N/A - From RDC,Air,Date Not Captured,N/A - From RDC,23-Oct-09,23-Oct-09,23-Oct-09,ARV,Adult,SCMS from RDC,"Efavirenz 600mg, tablets, 30 Tabs",Efavirenz,Generic,600mg,Tablet,30,"13,941",80578.98,5.78,0.19,"Emcure Plot No.P-2, I.T-B.T. Park, Phase II, MIDC, Hinjwadi, Pune, India",TRUE,986,"$5,097.09 ",173.73
"12,329",114-UG-T01,Pre-PQ Process,SO-34290,DN-1528,Uganda,PMO - US,From RDC,N/A - From RDC,Air,Date Not Captured,N/A - From RDC,23-Nov-09,23-Nov-09,23-Nov-09,ARV,Adult,SCMS from RDC,"Lamivudine/Stavudine 150/30mg, tablets, 60 Tabs",Lamivudine/Stavudine,Generic,150/30mg,Tablet - FDC,60,60,240.00,4,0.07,"Cipla, Goa, India",TRUE,4,$396.08 ,0.52
"12,330",117-ET-T01,Pre-PQ Process,SO-34581,DN-1584,Ethiopia,PMO - US,From RDC,N/A - From RDC,Air,Date Not Captured,N/A - From RDC,02-Dec-09,02-Dec-09,02-Dec-09,ARV,Adult,SCMS from RDC,"Nevirapine 200mg, tablets, 60 Tabs",Nevirapine,Generic,200mg,Tablet,60,"4,460",12934.00,2.9,0.05,Hetero Unit III Hyderabad IN,TRUE,250,"$1,366.22 ",27.89
"12,334",113-ZW-T01,Pre-PQ Process,SO-224,DN-32,Zimbabwe,PMO - US,From RDC,N/A - From RDC,,Pre-PQ Process,N/A - From RDC,23-Mar-07,23-Mar-07,23-Mar-07,ARV,Adult,SCMS from RDC,"Efavirenz 600mg, tablets, 30 Tabs",Efavirenz,Generic,600mg,Tablet,30,"7,000",113750.00,16.25,0.54,"Aurobindo Unit III, India",TRUE,581,"$1,886.21 ",
"53,650",116-ZA-T30,FPQ-5630,SCMS-72760,ASN-7116,South Africa,PMO - US,Direct Drop,DDP,Truck,4/30/2010,05-05-10,14-May-10,14-May-10,14-May-10,ARV,Pediatric,S. BUYS WHOLESALER,"Abacavir 20mg/ml [Ziagen], oral solution, Bottle, 240 ml",Abacavir,Ziagen,20mg/ml,Oral solution,240,40,656.64,16.42,0.07,GSK Mississauga (Canada),TRUE,Weight Captured Separately,Freight Included in Commodity Cost,1.42
"53,683",116-ZA-T30,FPQ-4359,SCMS-54980,ASN-5373,South Africa,PMO - US,Direct Drop,DDP,Truck,10-08-09,10/15/2009,19-Oct-09,19-Oct-09,19-Oct-09,ARV,Adult,S. BUYS WHOLESALER,"Didanosine EC 400mg [Videx EC], delayed-release capsules, Blister 3 x 10 Caps",Didanosine EC,Videx EC,400mg,Delayed-release capsules - blister,30,140,3996.98,28.55,0.95,"BMS Meymac, France",FALSE,Weight Captured Separately,Freight Included in Commodity Cost,7.83
"12,337",111-MZ-T01,Pre-PQ Process,SO-501,DN-126,Mozambique,PMO - US,From RDC,N/A - From RDC,Air,Pre-PQ Process,N/A - From RDC,01-Jun-07,01-Jun-07,01-Jun-07,ARV,Pediatric,SCMS from RDC,"Zidovudine 10mg/ml, oral solution, Bottle, 240 ml",Zidovudine,Generic,10mg/ml,Oral solution,240,650,2567.50,3.95,0.02,"Aurobindo Unit III, India",TRUE,193,$478.51 ,
"53,738",116-ZA-T30,FPQ-4770,SCMS-60170,ASN-5933,South Africa,PMO - US,Direct Drop,DDP,Truck,12/17/2009,12/23/2009,29-Dec-09,29-Dec-09,29-Dec-09,ARV,Pediatric,S. BUYS WHOLESALER,"Zidovudine 10mg/ml [Retrovir], oral solution, Bottle, 200 ml",Zidovudine,Retrovir,10mg/ml,Oral solution,200,120,866.06,7.22,0.04,GSK Mississauga (Canada),FALSE,Weight Captured Separately,Freight Included in Commodity Cost,1.87
"53,852",116-ZA-T30,FPQ-11828,SCMS-183950,ASN-19166,South Africa,South Africa Field Office,Direct Drop,DDP,Truck,3/18/2013,Date Not Captured,16-Apr-13,16-Apr-13,16-Apr-13,ARV,Pediatric,S. BUYS WHOLESALER,"Efavirenz 200mg, capsule, 90 Caps",Efavirenz,Generic,200mg,Capsule,90,545,13007.18,23.87,0.27,"Aurobindo Unit III, India",FALSE,Weight Captured Separately,Freight Included in Commodity Cost,16.09
"12,346",100-BW-T01,Pre-PQ Process,SO-424,DN-83,Botswana,PMO - US,From RDC,N/A - From RDC,,Pre-PQ Process,N/A - From RDC,27-Apr-07,27-Apr-07,27-Apr-07,HRDT,HIV test,SCMS from RDC,"HIV 1/2, Uni-Gold HIV Kit, 20 Tests","HIV 1/2, Uni-Gold HIV Kit",Uni-Gold,,Test kit,20,500,16000.00,32,1.6,"Trinity Biotech, Plc",TRUE,164,"$1,225.37 ",
"12,349",100-CI-T01,Pre-PQ Process,SO-434,DN-78,Côte d'Ivoire,PMO - US,From RDC,N/A - From RDC,,Pre-PQ Process,N/A - From RDC,30-Apr-07,30-Apr-07,30-Apr-07,ARV,Adult,SCMS from RDC,"Efavirenz 600mg, tablets, 30 Tabs",Efavirenz,Generic,600mg,Tablet,30,"8,148",132405.00,16.25,0.54,"Aurobindo Unit III, India",TRUE,742,"$2,658 ",
"53,945",116-ZA-T30,FPQ-13214,SCMS-215410,ASN-23875,South Africa,PMO - US,Direct Drop,DDP,Truck,11/14/2013,12-02-13,13-Jan-14,13-Jan-14,13-Jan-14,ARV,Pediatric,S. BUYS WHOLESALER,"Abacavir 20mg/ml, oral solution w/syringe, Bottle, 240 ml",Abacavir,Generic,20mg/ml,Oral solution,240,446,10825.73,24.27,0.1,"Aurobindo Unit III, India",FALSE,Weight Captured Separately,Freight Included in Commodity Cost,11.13
"53,958",116-ZA-T30,FPQ-14942,SCMS-259071,ASN-29597,South Africa,PMO - US,Direct Drop,DDP,Truck,09-11-14,11/28/2014,28-Nov-14,28-Nov-14,28-Nov-14,ARV,Adult,PHARMACY DIRECT,"Emtricitabine/Tenofovir Disoproxil Fumarate 200/300mg, tablets, 30 Tabs",Emtricitabine/Tenofovir Disoproxil Fumarate,Generic,200/300mg,Tablet - FDC,30,11,240.14,21.83,0.73,"Aurobindo Unit III, India",FALSE,Weight Captured Separately,Freight Included in Commodity Cost,0.25
"53,981",116-ZA-T30,FPQ-11828,SCMS-183950,ASN-19166,South Africa,South Africa Field Office,Direct Drop,DDP,Truck,3/18/2013,Date Not Captured,16-Apr-13,16-Apr-13,16-Apr-13,ARV,Pediatric,S. BUYS WHOLESALER,"Abacavir 20mg/ml [Ziagen], oral solution, Bottle, 240 ml",Abacavir,Ziagen,20mg/ml,Oral solution,240,220,7811.75,35.51,0.15,GSK Mississauga (Canada),FALSE,Weight Captured Separately,Freight Included in Commodity Cost,9.66
"54,064",116-ZA-T30,FPQ-13035,SCMS-215370,ASN-24415,South Africa,PMO - US,Direct Drop,DDP,Truck,10-08-13,12-02-13,06-Feb-14,06-Feb-14,06-Feb-14,ARV,Adult,S. BUYS WHOLESALER,"Abacavir 300mg, tablets, 60 Tabs",Abacavir,Generic,300mg,Tablet,60,94,6070.54,64.58,1.08,"Aurobindo Unit III, India",FALSE,Weight Captured Separately,Freight Included in Commodity Cost,7.51
"12,355",110-ZM-T01,Pre-PQ Process,SO-637,DN-177,Zambia,PMO - US,From RDC,N/A - From RDC,Air,Pre-PQ Process,N/A - From RDC,15-Jun-07,15-Jun-07,15-Jun-07,ARV,Pediatric,SCMS from RDC,"Abacavir 20mg/ml, oral solution, Bottle, 240 ml",Abacavir,Generic,20mg/ml,Oral solution,240,192,4128.00,21.5,0.09,"Aurobindo Unit III, India",TRUE,70,$650.12 ,
"12,358",107-RW-T01,Pre-PQ Process,SO-602,DN-156,Rwanda,PMO - US,From RDC,N/A - From RDC,Air,Pre-PQ Process,N/A - From RDC,05-Jun-07,05-Jun-07,05-Jun-07,ARV,Adult,SCMS from RDC,"Lamivudine 150mg, tablets, 60 Tabs",Lamivudine,Generic,150mg,Tablet,60,"3,431",11356.61,3.31,0.06,"Ranbaxy, Paonta Shahib, India",TRUE,216,"$2,520.47 ",
"54,246",116-ZA-T30,FPQ-11828,SCMS-183950,ASN-19166,South Africa,South Africa Field Office,Direct Drop,DDP,Truck,3/18/2013,Date Not Captured,16-Apr-13,16-Apr-13,16-Apr-13,ARV,Adult,S. BUYS WHOLESALER,"Zidovudine 300mg, tablets, 60 Tabs",Zidovudine,Generic,300mg,Tablet,60,53,1337.93,25.24,0.42,"Aurobindo Unit III, India",FALSE,Weight Captured Separately,Freight Included in Commodity Cost,1.66
"54,312",116-ZA-T30,FPQ-12522,SCMS-199283,ASN-27978,South Africa,PMO - US,Direct Drop,DDP,Truck,07-11-13,8/27/2014,27-Aug-14,27-Aug-14,27-Aug-14,ARV,Adult,S. BUYS WHOLESALER,"Emtricitabine/Tenofovir Disoproxil Fumarate 200/300mg, tablets, 30 Tabs",Emtricitabine/Tenofovir Disoproxil Fumarate,Generic,200/300mg,Tablet - FDC,30,14,472.13,33.72,1.12,"Aurobindo Unit III, India",FALSE,Weight Captured Separately,Freight Included in Commodity Cost,0.58
"54,385",116-ZA-T30,FPQ-14942,SCMS-259079,ASN-33851,South Africa,PMO - US,Direct Drop,DDP,Truck,09-11-14,10-09-14,24-Aug-15,24-Aug-15,24-Aug-15,ARV,Pediatric,PHARMACY DIRECT,"Efavirenz 200mg, capsule, 90 Caps",Efavirenz,Generic,200mg,Capsule,90,47,857.74,18.25,0.2,"Aurobindo Unit III, India",FALSE,Weight Captured Separately,Freight Included in Commodity Cost,0.88
"54,513",116-ZA-T30,FPQ-4770,SCMS-60170,ASN-5934,South Africa,PMO - US,Direct Drop,DDP,Truck,12/17/2009,12/23/2009,28-Dec-09,28-Dec-09,28-Dec-09,ARV,Adult,S. BUYS WHOLESALER,"Lamivudine 150mg [Epivir], tablets, 60 Tabs",Lamivudine,Epivir,150mg,Tablet,60,"3,200",19098.79,5.97,0.1,GSK Cape Town Factory (South Africa),FALSE,Weight Captured Separately,Freight Included in Commodity Cost,41.18
"12,369",104-CI-T01,Pre-PQ Process,SO-617,DN-163,Côte d'Ivoire,PMO - US,From RDC,N/A - From RDC,Air,Pre-PQ Process,N/A - From RDC,15-Jun-07,15-Jun-07,15-Jun-07,ARV,Adult,SCMS from RDC,"Zidovudine 300mg, tablets, 60 Tabs",Zidovudine,Generic,300mg,Tablet,60,"4,374",37266.48,8.52,0.14,"Aurobindo Unit III, India",TRUE,230,"$1,432 ",
"54,529",116-ZA-T30,FPQ-15269,SCMS-267020,ASN-29764,South Africa,PMO - US,Direct Drop,DDP,Truck,10/29/2014,12-10-14,10-Dec-14,10-Dec-14,10-Dec-14,ARV,Pediatric,S. BUYS WHOLESALER,"Efavirenz 200mg, capsule, 90 Caps",Efavirenz,Generic,200mg,Capsule,90,77,1608.43,20.89,0.23,"Aurobindo Unit III, India",FALSE,Weight Captured Separately,Freight Included in Commodity Cost,1.89
"54,579",116-ZA-T30,FPQ-11828,SCMS-183950,ASN-19166,South Africa,South Africa Field Office,Direct Drop,DDP,Truck,3/18/2013,Date Not Captured,16-Apr-13,16-Apr-13,16-Apr-13,ARV,Adult,S. BUYS WHOLESALER,"Lamivudine 150mg [Epivir], tablets, 60 Tabs",Lamivudine,Epivir,150mg,Tablet,60,"1,021",7656.67,7.5,0.12,GSK Ware (UK),FALSE,Weight Captured Separately,Freight Included in Commodity Cost,9.47
"12,375",110-ZM-T01,Pre-PQ Process,SO-621,DN-224,Zambia,PMO - US,From RDC,N/A - From RDC,,Pre-PQ Process,N/A - From RDC,09-Jul-07,09-Jul-07,09-Jul-07,ARV,Pediatric,SCMS from RDC,"Abacavir 20mg/ml, oral solution, Bottle, 240 ml",Abacavir,Generic,20mg/ml,Oral solution,240,350,7525.00,21.5,0.09,"Aurobindo Unit III, India",TRUE,124,$874.57 ,12.04
"54,753",116-ZA-T30,FPQ-11828,SCMS-183950,ASN-19166,South Africa,South Africa Field Office,Direct Drop,DDP,Truck,3/18/2013,Date Not Captured,16-Apr-13,16-Apr-13,16-Apr-13,ARV,Pediatric,S. BUYS WHOLESALER,"Efavirenz 50mg, capsule, 30 Caps",Efavirenz,Generic,50mg,Capsule,30,131,398.40,3.04,0.1,"Aurobindo Unit III, India",FALSE,Weight Captured Separately,Freight Included in Commodity Cost,0.49
"54,770",116-ZA-T30,FPQ-13214,SCMS-215410,ASN-23875,South Africa,PMO - US,Direct Drop,DDP,Truck,11/14/2013,12-02-13,13-Jan-14,13-Jan-14,13-Jan-14,ARV,Adult,S. BUYS WHOLESALER,"Lopinavir/Ritonavir 200/50mg [Aluvia], tablets, 120 Tabs",Lopinavir/Ritonavir,Aluvia,200/50mg,Tablet,120,133,3075.65,23.13,0.19,ABBVIE Ludwigshafen Germany,FALSE,Weight Captured Separately,Freight Included in Commodity Cost,3.16
"54,827",116-ZA-T30,FPQ-14942,SCMS-259075,ASN-32138,South Africa,PMO - US,Direct Drop,DDP,Truck,09-11-14,05-11-15,12-May-15,12-May-15,12-May-15,ARV,Pediatric,PHARMACY DIRECT,"Efavirenz 50mg, capsule, 30 Caps",Efavirenz,Generic,50mg,Capsule,30,3,6.49,2.16,0.07,"Aurobindo Unit III, India",FALSE,Weight Captured Separately,Freight Included in Commodity Cost,0.01
"12,391",104-CI-T01,Pre-PQ Process,SO-844,DN-315,Côte d'Ivoire,PMO - US,From RDC,N/A - From RDC,,Pre-PQ Process,N/A - From RDC,24-Aug-07,24-Aug-07,24-Aug-07,ARV,Adult,SCMS from RDC,"Lamivudine/Stavudine 150/30mg, tablets, 30 Tabs",Lamivudine/Stavudine,Generic,150/30mg,Tablet - FDC,30,"55,032",110064.00,2,0.07,"Cipla, Goa, India",TRUE,3673,"$12,438 ",176.1
"54,934",116-ZA-T30,FPQ-14942,SCMS-259079,ASN-33851,South Africa,PMO - US,Direct Drop,DDP,Truck,09-11-14,10-09-14,24-Aug-15,24-Aug-15,24-Aug-15,ARV,Adult,PHARMACY DIRECT,"Didanosine 250mg, delayed-release capsules, 30 Caps",Didanosine,Generic,250mg,Delayed-release capsules,30,6,71.03,11.84,0.39,"Aurobindo Unit III, India",FALSE,Weight Captured Separately,Freight Included in Commodity Cost,0.07
"54,955",116-ZA-T30,FPQ-5630,SCMS-72760,ASN-7111,South Africa,PMO - US,Direct Drop,DDP,Truck,4/30/2010,05-05-10,12-May-10,12-May-10,12-May-10,ARV,Pediatric,S. BUYS WHOLESALER,"Nevirapine 10mg/ml [Viramune], oral suspension, Bottle, 240 ml",Nevirapine,Viramune,10mg/ml,Oral suspension,240,20,310.55,15.53,0.06,Boehringer Ingelheim Roxane US,FALSE,Weight Captured Separately,Freight Included in Commodity Cost,0.67
"54,956",116-ZA-T30,FPQ-5535,SCMS-71370,ASN-7373,South Africa,PMO - US,Direct Drop,DDP,Truck,4/19/2010,4/21/2010,31-May-10,31-May-10,31-May-10,ARV,Adult,S. BUYS WHOLESALER,"Nevirapine 200mg, tablets, 60 Tabs",Nevirapine,Generic,200mg,Tablet,60,450,10244.69,22.77,0.38,"Cipla, Goa, India",FALSE,Weight Captured Separately,Freight Included in Commodity Cost,22.09
"54,960",116-ZA-T30,FPQ-12522,SCMS-199280,ASN-24433,South Africa,PMO - US,Direct Drop,DDP,Truck,07-11-13,8/13/2013,07-Feb-14,07-Feb-14,07-Feb-14,ARV,Adult,S. BUYS WHOLESALER,"Lamivudine/Nevirapine/Stavudine 150/200/30mg, tablets, 60 Tabs",Lamivudine/Nevirapine/Stavudine,Generic,150/200/30mg,Tablet - FDC,60,4,120.98,30.24,0.5,"Cipla, Goa, India",FALSE,Weight Captured Separately,Freight Included in Commodity Cost,0.15
"12,399",111-MZ-T01,Pre-PQ Process,SO-944,DN-310,Mozambique,PMO - US,From RDC,N/A - From RDC,Air,Pre-PQ Process,N/A - From RDC,21-Sep-07,21-Sep-07,21-Sep-07,HRDT,HIV test,SCMS from RDC,"HIV 1/2, Uni-Gold HIV Kit, 20 Tests","HIV 1/2, Uni-Gold HIV Kit",Uni-Gold,,Test kit,20,"2,500",80000.00,32,1.6,"Trinity Biotech, Plc",TRUE,841,"$3,818.40 ",128
"55,009",116-ZA-T30,FPQ-13973,SCMS-238550,ASN-30792,South Africa,PMO - US,Direct Drop,DDP,Truck,4/30/2014,05-08-14,19-Feb-15,19-Feb-15,19-Feb-15,ARV,Adult,PHARMACY DIRECT,"Lamivudine/Zidovudine 150/300mg, tablets, 60 Tabs",Lamivudine/Zidovudine,Generic,150/300mg,Tablet - FDC,60,3,93.57,31.19,0.52,"Aurobindo Unit III, India",FALSE,Weight Captured Separately,Freight Included in Commodity Cost,0.1
"12,404",109-TZ-T01,Pre-PQ Process,SO-1075,DN-360,Tanzania,PMO - US,From RDC,N/A - From RDC,,Pre-PQ Process,N/A - From RDC,11-Oct-07,11-Oct-07,11-Oct-07,ARV,Pediatric,SCMS from RDC,"Efavirenz 200mg [Stocrin/Sustiva], capsule, 90 Caps",Efavirenz,Stocrin/Sustiva,200mg,Capsule,90,"1,987",64418.54,32.42,0.36,MSD South Granville Australia,TRUE,238,"$2,465 ",103.07
"55,050",107-RW-T30,FPQ-6186,SCMS-83360,ASN-9434,Rwanda,PMO - US,Direct Drop,CIP,Air,8/13/2010,9/27/2010,11-Jan-11,11-Jan-11,11-Jan-11,ARV,Adult,HETERO LABS LIMITED,"Efavirenz 600mg, tablets, 30 Tabs",Efavirenz,Generic,600mg,Tablet,30,"2,094",9067.02,4.33,0.14,Hetero Unit III Hyderabad IN,TRUE,Weight Captured Separately,Freight Included in Commodity Cost,19.55
"12,407",110-ZM-T01,Pre-PQ Process,SO-1077,DN-367,Zambia,PMO - US,From RDC,N/A - From RDC,,Pre-PQ Process,N/A - From RDC,28-Sep-07,28-Sep-07,28-Sep-07,ARV,Adult,SCMS from RDC,"Lamivudine/Nevirapine/Stavudine 150/200/30mg, tablets, 60 Tabs",Lamivudine/Nevirapine/Stavudine,Generic,150/200/30mg,Tablet - FDC,60,"16,974",125607.60,7.4,0.12,"Cipla, Goa, India",TRUE,1732,"$7,927.55 ",200.97
"12,408",110-ZM-T01,Pre-PQ Process,SO-1066,DN-368,Zambia,PMO - US,From RDC,N/A - From RDC,,Pre-PQ Process,N/A - From RDC,02-Oct-07,02-Oct-07,02-Oct-07,ARV,Pediatric,SCMS from RDC,"Efavirenz 200mg, capsule, 90 Caps",Efavirenz,Generic,200mg,Capsule,90,604,9664.00,16,0.18,"Aurobindo Unit III, India",TRUE,72,$723.59 ,15.46
"55,083",116-ZA-T30,FPQ-15269,SCMS-267020,ASN-29764,South Africa,PMO - US,Direct Drop,DDP,Truck,10/29/2014,12-10-14,10-Dec-14,10-Dec-14,10-Dec-14,ARV,Adult,S. BUYS WHOLESALER,"Didanosine 250mg, delayed-release capsules, 30 Caps",Didanosine,Generic,250mg,Delayed-release capsules,30,4,54.01,13.5,0.45,"Aurobindo Unit III, India",FALSE,Weight Captured Separately,Freight Included in Commodity Cost,0.06
"12,413",113-ZW-T01,Pre-PQ Process,SO-891,DN-382,Zimbabwe,PMO - US,From RDC,N/A - From RDC,Truck,Pre-PQ Process,N/A - From RDC,05-Oct-07,05-Oct-07,05-Oct-07,HRDT,HIV test,SCMS from RDC,"HIV 1/2, Bioline 3.0 Kit, Lancets, Capillary pipets, Alcohol swabs included, 25 Tests","HIV 1/2, Bioline 3.0 Kit, Lancets, Capillary pipets, Alcohol swabs included",Bioline,,Test kit,25,"2,492",49840.00,20,0.8,"Standard Diagnostics, Korea",TRUE,738,"$3,085.84 ",79.74
"55,093",116-ZA-T30,FPQ-12522,SCMS-199289,ASN-28033,South Africa,PMO - US,Direct Drop,DDP,Truck,07-11-13,8/29/2014,29-Aug-14,29-Aug-14,29-Aug-14,ARV,Pediatric,S. BUYS WHOLESALER,"Efavirenz 50mg, capsule, 30 Caps",Efavirenz,Generic,50mg,Capsule,30,99,328.31,3.32,0.11,"Aurobindo Unit III, India",FALSE,Weight Captured Separately,Freight Included in Commodity Cost,0.41
"12,418",110-ZM-T01,Pre-PQ Process,SO-909,DN-400,Zambia,PMO - US,From RDC,N/A - From RDC,,Pre-PQ Process,N/A - From RDC,02-Nov-07,02-Nov-07,02-Nov-07,ARV,Adult,SCMS from RDC,"Stavudine 20mg, capsules, 60 Caps",Stavudine,Generic,20mg,Capsule,60,"1,381",2416.75,1.75,0.03,"Aurobindo Unit III, India",TRUE,232,"$1,320.08 ",3.87
"12,513",100-PK-T01,Pre-PQ Process,SO-2497,DN-741,Pakistan,PMO - US,From RDC,N/A - From RDC,Air,Pre-PQ Process,N/A - From RDC,20-May-08,20-May-08,20-May-08,HRDT,HIV test,SCMS from RDC,"HIV 1/2, Uni-Gold HIV Kit, 20 Tests","HIV 1/2, Uni-Gold HIV Kit",Uni-Gold,,Test kit,20,10,320.00,32,1.6,"Trinity Biotech, Plc",TRUE,3,$400.75 ,0.51
"55,160",116-ZA-T30,FPQ-3596,SCMS-50360,ASN-5451,South Africa,PMO - US,Direct Drop,DDP,Truck,05-07-09,9/22/2009,29-Oct-09,29-Oct-09,29-Oct-09,ARV,Adult,S. BUYS WHOLESALER,"Zidovudine 300mg, tablets, 60 Tabs",Zidovudine,Generic,300mg,Tablet,60,"1,600",41783.61,26.11,0.44,"Aurobindo Unit III, India",TRUE,Weight Captured Separately,Freight Included in Commodity Cost,81.9
"55,220",116-ZA-T30,FPQ-14942,SCMS-259075,ASN-32122,South Africa,PMO - US,Direct Drop,DDP,Truck,09-11-14,05-11-15,12-May-15,12-May-15,12-May-15,ARV,Adult,PHARMACY DIRECT,"Nevirapine 200mg, tablets, 60 Tabs",Nevirapine,Generic,200mg,Tablet,60,20,256.48,12.82,0.21,"Aurobindo Unit III, India",FALSE,Weight Captured Separately,Freight Included in Commodity Cost,0.26
"55,568",116-ZA-T30,FPQ-13973,SCMS-238551,ASN-26882,South Africa,PMO - US,Direct Drop,DDP,Truck,4/30/2014,6/25/2014,25-Jun-14,25-Jun-14,25-Jun-14,ARV,Adult,PHARMACY DIRECT,"Didanosine 400mg, delayed-release capsules, 30 Caps",Didanosine,Generic,400mg,Delayed-release capsules,30,8,157.41,19.68,0.66,"Aurobindo Unit III, India",FALSE,Weight Captured Separately,Freight Included in Commodity Cost,0.16
"55,716",116-ZA-T30,FPQ-14942,SCMS-259074,ASN-31070,South Africa,PMO - US,Direct Drop,DDP,Truck,09-11-14,03-09-15,09-Mar-15,09-Mar-15,09-Mar-15,ARV,Adult,PHARMACY DIRECT,"Didanosine 400mg, delayed-release capsules, 30 Caps",Didanosine,Generic,400mg,Delayed-release capsules,30,6,85.31,14.22,0.47,"Aurobindo Unit III, India",FALSE,Weight Captured Separately,Freight Included in Commodity Cost,0.09
"12,429",110-ZM-T01,Pre-PQ Process,SO-1653,DN-608,Zambia,PMO - US,From RDC,N/A - From RDC,Air,Pre-PQ Process,N/A - From RDC,10-Apr-08,10-Apr-08,10-Apr-08,ARV,Adult,SCMS from RDC,"Efavirenz 600mg, tablets, 30 Tabs",Efavirenz,Generic,600mg,Tablet,30,"25,338",314697.96,12.42,0.41,Mylan (formerly Matrix) Nashik,TRUE,1974,"$7,836.60 ",503.52
"55,730",111-MZ-T30,FPQ-14235,SCMS-247370,ASN-30197,Mozambique,PMO - US,Direct Drop,CIP,Air,5/21/2014,7/25/2014,20-Jan-15,20-Jan-15,20-Jan-15,ARV,Adult,MERCK SHARP & DOHME IDEA GMBH (FORMALLY MERCK SHARP & DOHME B.V.),"Raltegravir 400mg [Isentress], tablets, 60 Tabs",Raltegravir,Isentress,400mg,Tablet,60,40,2220.00,55.5,0.92,"MSD, Haarlem, NL",TRUE,Weight Captured Separately,Freight Included in Commodity Cost,2.28
"55,765",116-ZA-T30,FPQ-12523,SCMS-199315,ASN-27212,South Africa,PMO - US,Direct Drop,DDP,Truck,07-12-13,07-11-14,11-Jul-14,11-Jul-14,11-Jul-14,ARV,Pediatric,S. BUYS WHOLESALER,"Atazanavir 150mg [Reyataz], capsules, 60 Caps",Atazanavir,Reyataz,150mg,Capsule,60,1,25.69,25.69,0.43,"BMS Evansville, US",TRUE,Weight Captured Separately,Freight Included in Commodity Cost,0.03
"55,890",116-ZA-T30,FPQ-11828,SCMS-183950,ASN-19166,South Africa,South Africa Field Office,Direct Drop,DDP,Truck,3/18/2013,Date Not Captured,16-Apr-13,16-Apr-13,16-Apr-13,ARV,Adult,S. BUYS WHOLESALER,"Lamivudine/Zidovudine 150/300mg, tablets, 60 Tabs",Lamivudine/Zidovudine,Generic,150/300mg,Tablet - FDC,60,"1,152",34884.66,30.28,0.5,"Cipla, Goa, India",FALSE,Weight Captured Separately,Freight Included in Commodity Cost,43.15
"12,434",117-ET-T01,Pre-PQ Process,SO-919,DN-389,Ethiopia,PMO - US,From RDC,N/A - From RDC,,Pre-PQ Process,N/A - From RDC,31-Oct-07,31-Oct-07,31-Oct-07,ARV,Adult,SCMS from RDC,"Lamivudine 150mg, tablets, 60 Tabs",Lamivudine,Generic,150mg,Tablet,60,"3,145",9560.80,3.04,0.05,"Aurobindo Unit III, India",TRUE,162,$810.86 ,15.3
"55,922",116-ZA-T30,FPQ-13973,SCMS-238555,ASN-29257,South Africa,PMO - US,Direct Drop,DDP,Truck,4/30/2014,11-04-14,05-Nov-14,05-Nov-14,05-Nov-14,ARV,Pediatric,PHARMACY DIRECT,"Lamivudine 10mg/ml, oral solution, Bottle, 240 ml",Lamivudine,Generic,10mg/ml,Oral solution,240,20,143.05,7.15,0.03,"Aurobindo Unit III, India",FALSE,Weight Captured Separately,Freight Included in Commodity Cost,0.15
"12,438",104-CI-T01,Pre-PQ Process,SO-1308,DN-448,Côte d'Ivoire,PMO - US,From RDC,N/A - From RDC,Air,Pre-PQ Process,N/A - From RDC,18-Dec-07,18-Dec-07,18-Dec-07,ARV,Adult,SCMS from RDC,"Stavudine 30mg, capsules, 60 Caps",Stavudine,Generic,30mg,Capsule,60,"6,200",10850.00,1.75,0.03,"Aurobindo Unit III, India",TRUE,354,"$4,147.90 ",17.36
"12,439",110-ZM-T01,Pre-PQ Process,SO-1031,DN-454,Zambia,PMO - US,From RDC,N/A - From RDC,Air,Pre-PQ Process,N/A - From RDC,06-Dec-07,06-Dec-07,06-Dec-07,ARV,Adult,SCMS from RDC,"Lopinavir/Ritonavir 200/50mg [Aluvia], tablets, 120 Tabs",Lopinavir/Ritonavir,Aluvia,200/50mg,Tablet,120,"12,240",503064.00,41.1,0.34,ABBVIE (Abbott) Logis. UK,TRUE,2662,"$9,736.50 ",804.9
"12,441",110-ZM-T01,Pre-PQ Process,SO-628,DN-493,Zambia,PMO - US,From RDC,N/A - From RDC,,Pre-PQ Process,N/A - From RDC,28-Dec-07,28-Dec-07,28-Dec-07,ARV,Pediatric,SCMS from RDC,"Lopinavir/Ritonavir 80/20mg/ml [Kaletra], oral solution, cool, Bottle 5 x 60 ml",Lopinavir/Ritonavir,Kaletra,80/20mg/ml,Oral solution,300,746,30660.60,41.1,0.14,ABBVIE (Abbott) Logis. UK,TRUE,88,"$1,566.21 ",49.06
"12,443",106-HT-T01,Pre-PQ Process,SO-1289,DN-498,Haiti,PMO - US,From RDC,N/A - From RDC,Air,Pre-PQ Process,N/A - From RDC,31-Dec-07,31-Dec-07,31-Dec-07,ARV,Adult,SCMS from RDC,"Nevirapine 200mg, tablets, 60 Tabs",Nevirapine,Generic,200mg,Tablet,60,"42,000",142800.00,3.4,0.06,"Aurobindo Unit III, India",TRUE,3957,"$32,483.50 ",228.48
"12,446",110-ZM-T01,Pre-PQ Process,SO-1316,DN-506,Zambia,PMO - US,From RDC,N/A - From RDC,Truck,Pre-PQ Process,N/A - From RDC,19-Dec-07,19-Dec-07,19-Dec-07,ARV,Adult,SCMS from RDC,"Nevirapine 200mg, tablets, 60 Tabs",Nevirapine,Generic,200mg,Tablet,60,"77,724",264261.60,3.4,0.06,"Cipla, Goa, India",TRUE,8554,"$24,405 ",422.82
"12,447",117-ET-T01,Pre-PQ Process,SO-1530,DN-537,Ethiopia,PMO - US,From RDC,N/A - From RDC,Air,Pre-PQ Process,N/A - From RDC,20-Dec-07,25-Dec-07,25-Dec-07,ARV,Adult,SCMS from RDC,"Nevirapine 200mg, tablets, 60 Tabs",Nevirapine,Generic,200mg,Tablet,60,"12,745",43333.00,3.4,0.06,"Aurobindo Unit III, India",TRUE,1197,"$8,332 ",69.33
"12,451",112-NG-T01,Pre-PQ Process,SO-1430,DN-567,Nigeria,PMO - US,From RDC,N/A - From RDC,Air,Pre-PQ Process,N/A - From RDC,16-Jan-08,24-Jan-08,24-Jan-08,ARV,Adult,SCMS from RDC,"Lamivudine/Nevirapine/Zidovudine 150/200/300mg, tablets, 60 Tabs",Lamivudine/Nevirapine/Zidovudine,Generic,150/300/200mg,Tablet - FDC,60,"4,836",99138.00,20.5,0.34,"Aurobindo Unit III, India",TRUE,531,"$3,228 ",158.62
"12,452",104-CI-T01,Pre-PQ Process,SO-1657,DN-568,Côte d'Ivoire,PMO - US,From RDC,N/A - From RDC,Air,Pre-PQ Process,N/A - From RDC,25-Jan-08,25-Jan-08,25-Jan-08,ARV,Adult,SCMS from RDC,"Lopinavir/Ritonavir 200/50mg [Aluvia], tablets, 120 Tabs",Lopinavir/Ritonavir,Aluvia,200/50mg,Tablet,120,"2,121",87173.10,41.1,0.34,ABBVIE Ludwigshafen Germany,TRUE,465,"$2,206 ",139.48
"12,453",117-ET-T01,Pre-PQ Process,SO-1522,DN-519,Ethiopia,PMO - US,From RDC,N/A - From RDC,Air,Pre-PQ Process,N/A - From RDC,31-Jan-08,31-Jan-08,31-Jan-08,ARV,Adult,SCMS from RDC,"Efavirenz 600mg, tablets, 30 Tabs",Efavirenz,Generic,600mg,Tablet,30,"67,624",839890.08,12.42,0.41,"Aurobindo Unit III, India",TRUE,5840,"$20,222.40 ","1,343.82"
"56,022",116-ZA-T30,FPQ-13973,SCMS-238554,ASN-28627,South Africa,PMO - US,Direct Drop,DDP,Truck,4/30/2014,10-03-14,03-Oct-14,03-Oct-14,03-Oct-14,ARV,Adult,PHARMACY DIRECT,"Zidovudine 300mg, tablets, 60 Tabs",Zidovudine,Generic,300mg,Tablet,60,5,124.77,24.95,0.42,"Aurobindo Unit III, India",FALSE,Weight Captured Separately,Freight Included in Commodity Cost,0.13
"56,057",133-NG-T30,FPQ-16329,SCMS-289130,ASN-32957,Nigeria,PMO - US,Direct Drop,EXW,Air,05-07-15,5/26/2015,14-Jul-15,14-Jul-15,14-Jul-15,HRDT,HIV test,"Orgenics, Ltd","HIV 1/2, Determine Complete HIV Kit, 100 Tests","HIV 1/2, Determine Complete HIV Kit",Determine,,Test kit,100,"6,388",568532.00,89,0.89,"Alere Medical Co., Ltd.",TRUE,2590,Freight Included in Commodity Cost,669.16
"12,456",110-ZM-T01,Pre-PQ Process,SO-1315,DN-508,Zambia,PMO - US,From RDC,N/A - From RDC,,Pre-PQ Process,N/A - From RDC,28-Dec-07,28-Dec-07,28-Dec-07,ARV,Adult,SCMS from RDC,"Nevirapine 200mg, tablets, 60 Tabs",Nevirapine,Generic,200mg,Tablet,60,"58,680",199512.00,3.4,0.06,"Aurobindo Unit III, India",TRUE,5557,"$15,245.25 ",319.22
"12,459",110-ZM-T01,Pre-PQ Process,SO-1035,DN-555,Zambia,PMO - US,From RDC,N/A - From RDC,,Pre-PQ Process,N/A - From RDC,25-Jan-08,25-Jan-08,25-Jan-08,ARV,Adult,SCMS from RDC,"Efavirenz 600mg, tablets, 30 Tabs",Efavirenz,Generic,600mg,Tablet,30,"14,465",179655.30,12.42,0.41,Mylan (formerly Matrix) Nashik,TRUE,1135,"$4,428.75 ",287.45
"56,118",116-ZA-T30,FPQ-4359,SCMS-54981,ASN-5475,South Africa,PMO - US,Direct Drop,DDP,Truck,10-08-09,10/15/2009,27-Oct-09,27-Oct-09,27-Oct-09,ARV,Adult,S. BUYS WHOLESALER,"Stavudine 30mg, capsules, 60 Caps",Stavudine,Generic,30mg,Capsule,60,"4,500",20364.96,4.53,0.08,"Aurobindo Unit III, India",TRUE,Weight Captured Separately,Freight Included in Commodity Cost,39.92
"56,167",116-ZA-T30,FPQ-5535,SCMS-71370,ASN-7373,South Africa,PMO - US,Direct Drop,DDP,Truck,4/19/2010,4/21/2010,31-May-10,31-May-10,31-May-10,ARV,Adult,S. BUYS WHOLESALER,"Abacavir 300mg [Ziagen], tablets, Blister 6 x 10 Tabs",Abacavir,Ziagen,300mg,Tablet - blister,60,100,3988.50,39.88,0.66,GSK Ware (UK),FALSE,Weight Captured Separately,Freight Included in Commodity Cost,8.6
"56,310",116-ZA-T30,FPQ-13214,SCMS-215410,ASN-23875,South Africa,PMO - US,Direct Drop,DDP,Truck,11/14/2013,12-02-13,13-Jan-14,13-Jan-14,13-Jan-14,ARV,Pediatric,S. BUYS WHOLESALER,"Lamivudine 10mg/ml, oral solution w/syringe, Bottle, 240 ml",Lamivudine,Generic,10mg/ml,Oral solution,240,4,26.78,6.7,0.03,"Aurobindo Unit III, India",FALSE,Weight Captured Separately,Freight Included in Commodity Cost,0.03
"56,395",116-ZA-T30,FPQ-14942,SCMS-259072,ASN-30377,South Africa,PMO - US,Direct Drop,DDP,Truck,09-11-14,1/26/2015,26-Jan-15,26-Jan-15,26-Jan-15,ARV,Adult,PHARMACY DIRECT,"Emtricitabine/Tenofovir Disoproxil Fumarate 200/300mg, tablets, 30 Tabs",Emtricitabine/Tenofovir Disoproxil Fumarate,Generic,200/300mg,Tablet - FDC,30,11,240.14,21.83,0.73,"Aurobindo Unit III, India",FALSE,Weight Captured Separately,Freight Included in Commodity Cost,0.25
"56,464",116-ZA-T30,FPQ-14942,SCMS-295800,ASN-33865,South Africa,PMO - US,Direct Drop,DDP,Truck,09-11-14,8/24/2015,24-Aug-15,24-Aug-15,24-Aug-15,ARV,Adult,PHARMACY DIRECT,"Didanosine 400mg, delayed-release capsules, 30 Caps",Didanosine,Generic,400mg,Delayed-release capsules,30,8,122.18,15.27,0.51,"Aurobindo Unit III, India",FALSE,Weight Captured Separately,Freight Included in Commodity Cost,0.13
"12,470",117-ET-T01,Pre-PQ Process,SO-1529,DN-524,Ethiopia,PMO - US,From RDC,N/A - From RDC,Air,Pre-PQ Process,N/A - From RDC,04-Feb-08,04-Feb-08,04-Feb-08,ARV,Pediatric,SCMS from RDC,"Zidovudine 10mg/ml, oral solution, Bottle, 240 ml",Zidovudine,Generic,10mg/ml,Oral solution,240,"3,326",7150.90,2.15,0.01,"Aurobindo Unit III, India",TRUE,1225,"$4,485.25 ",11.44
"12,471",104-CI-T01,Pre-PQ Process,SO-1284,DN-610,Côte d'Ivoire,PMO - US,From RDC,N/A - From RDC,Air,Pre-PQ Process,N/A - From RDC,05-Feb-08,19-Feb-08,19-Feb-08,ARV,Adult,SCMS from RDC,"Lamivudine/Nevirapine/Stavudine 150/200/30mg, tablets, 60 Tabs",Lamivudine/Nevirapine/Stavudine,Generic,150/200/30mg,Tablet - FDC,60,"35,600",263440.00,7.4,0.12,"Cipla, Goa, India",TRUE,3731,"$6,778.91 ",421.5
"12,472",104-CI-T01,Pre-PQ Process,SO-1663,DN-611,Côte d'Ivoire,PMO - US,From RDC,N/A - From RDC,Air,Pre-PQ Process,N/A - From RDC,06-Mar-08,19-Feb-08,19-Feb-08,ARV,Adult,SCMS from RDC,"Lamivudine/Zidovudine 150/300mg, tablets, 60 Tabs",Lamivudine/Zidovudine,Generic,150/300mg,Tablet - FDC,60,371,3524.50,9.5,0.16,"Aurobindo Unit III, India",TRUE,4689,"$8,321.29 ",5.64
"12,473",113-ZW-T01,Pre-PQ Process,SO-1874,DN-803,Zimbabwe,PMO - US,From RDC,N/A - From RDC,Air,Pre-PQ Process,N/A - From RDC,01-Jul-08,01-Jul-08,01-Jul-08,HRDT,HIV test,SCMS from RDC,"HIV 1/2, Bioline 3.0 Kit, Lancets, Capillary pipets, Alcohol swabs included, 25 Tests","HIV 1/2, Bioline 3.0 Kit, Lancets, Capillary pipets, Alcohol swabs included",Bioline,,Test kit,25,"9,700",194000.00,20,0.8,"Standard Diagnostics, Korea",TRUE,2907,"$12,781.58 ",310.4
"12,475",106-HT-T01,Pre-PQ Process,SO-2071,DN-693,Haiti,PMO - US,From RDC,N/A - From RDC,Air,Pre-PQ Process,N/A - From RDC,11-Apr-08,11-Apr-08,11-Apr-08,ARV,Pediatric,SCMS from RDC,"Efavirenz 30mg/ml [Stocrin/Sustiva], oral solution, Bottle, 180 ml",Efavirenz,Stocrin/Sustiva,30mg/ml,Oral solution,180,70,1187.20,16.96,0.09,"MSD, Haarlem, NL",TRUE,30,$933.09 ,1.9
"56,465",116-ZA-T30,FPQ-14942,SCMS-259076,ASN-32524,South Africa,PMO - US,Direct Drop,DDP,Truck,09-11-14,06-02-15,02-Jun-15,02-Jun-15,02-Jun-15,ARV,Adult,PHARMACY DIRECT,"Efavirenz 600mg, tablets, 30 Tabs",Efavirenz,Generic,600mg,Tablet,30,38,428.22,11.27,0.38,"Aurobindo Unit III, India",FALSE,Weight Captured Separately,Freight Included in Commodity Cost,0.44
"56,505",161-ZA-T30,FPQ-7175,SCMS-104060,ASN-11256,South Africa,PMO - US,Direct Drop,DDP,Ocean,03-10-11,3/28/2011,06-Dec-11,06-Dec-11,06-Dec-11,ARV,Adult,CIPLA LIMITED,"Nevirapine 200mg, tablets, 60 Tabs",Nevirapine,Generic,200mg,Tablet,60,"129,183",351377.76,2.72,0.05,"Cipla, Goa, India",TRUE,Weight Captured Separately,Freight Included in Commodity Cost,579.77
"56,679",116-ZA-T30,FPQ-12522,SCMS-199287,ASN-27751,South Africa,PMO - US,Direct Drop,DDP,Truck,07-11-13,8/13/2014,13-Aug-14,13-Aug-14,13-Aug-14,ARV,Pediatric,S. BUYS WHOLESALER,"Lopinavir/Ritonavir 80/20mg/ml [Kaletra], oral solution, cool, Bottle 5 x 60 ml",Lopinavir/Ritonavir,Kaletra,80/20mg/ml,Oral solution,300,2,46.90,23.45,0.08,ABBVIE (Abbott) Logis. UK,TRUE,Weight Captured Separately,Freight Included in Commodity Cost,0.06
"56,864",106-HT-T30,FPQ-12590,SCMS-210511,ASN-24884,Haiti,PMO - US,Direct Drop,CIP,Air,8/21/2013,02-05-14,28-Mar-14,28-Mar-14,28-Mar-14,ARV,Adult,HETERO LABS LIMITED,"Lamivudine/Stavudine 150/30mg, tablets, 60 Tabs",Lamivudine/Stavudine,Generic,150/30mg,Tablet - FDC,60,288,717.12,2.49,0.04,Hetero Unit III Hyderabad IN,TRUE,Weight Captured Separately,Freight Included in Commodity Cost,0.89
"56,870",116-ZA-T30,FPQ-13973,SCMS-238550,ASN-30792,South Africa,PMO - US,Direct Drop,DDP,Truck,4/30/2014,05-08-14,19-Feb-15,19-Feb-15,19-Feb-15,ARV,Adult,PHARMACY DIRECT,"Nevirapine 200mg, tablets, 60 Tabs",Nevirapine,Generic,200mg,Tablet,60,3,53.24,17.75,0.3,"Aurobindo Unit III, India",FALSE,Weight Captured Separately,Freight Included in Commodity Cost,0.05
"56,902",116-ZA-T30,FPQ-13973,SCMS-238553,ASN-28021,South Africa,PMO - US,Direct Drop,DDP,Truck,4/30/2014,8/28/2014,28-Aug-14,28-Aug-14,28-Aug-14,ARV,Adult,PHARMACY DIRECT,"Didanosine 250mg, delayed-release capsules, 30 Caps",Didanosine,Generic,250mg,Delayed-release capsules,30,4,60.99,15.25,0.51,"Aurobindo Unit III, India",FALSE,Weight Captured Separately,Freight Included in Commodity Cost,0.06
"12,482",113-ZW-T01,Pre-PQ Process,SO-2790,DN-798,Zimbabwe,PMO - US,From RDC,N/A - From RDC,Truck,Pre-PQ Process,N/A - From RDC,30-Jul-08,30-Jul-08,30-Jul-08,ARV,Adult,SCMS from RDC,"Lamivudine/Nevirapine/Stavudine 150/200/30mg, tablets, 60 Tabs",Lamivudine/Nevirapine/Stavudine,Generic,150/200/30mg,Tablet - FDC,60,"9,732",72016.80,7.4,0.12,"Cipla, Goa, India",TRUE,911,"$2,705.71 ",115.23
"12,483",106-HT-T01,Pre-PQ Process,SO-1916,DN-658,Haiti,PMO - US,From RDC,N/A - From RDC,Air,Pre-PQ Process,N/A - From RDC,19-Mar-08,19-Mar-08,19-Mar-08,HRDT,HIV test,SCMS from RDC,"HIV 1/2, Determine HIV Kit, without Lancets, 100 Tests","HIV 1/2, Determine HIV Kit, without Lancets",Determine,,Test kit,100,345,23115.00,67,0.67,Inverness Japan,TRUE,60,"$1,328.20 ",36.98
"12,484",109-TZ-T01,Pre-PQ Process,SO-2556,DN-748,Tanzania,PMO - US,From RDC,N/A - From RDC,Truck,Pre-PQ Process,N/A - From RDC,30-Jun-08,30-Jun-08,30-Jun-08,ARV,Adult,SCMS from RDC,"Efavirenz 600mg, tablets, 30 Tabs",Efavirenz,Generic,600mg,Tablet,30,"75,000",900750.00,12.01,0.4,"Aurobindo Unit III, India",TRUE,15566,"$9,330 ","1,441.20"
"12,485",110-ZM-T01,Pre-PQ Process,SO-1992,DN-689,Zambia,PMO - US,From RDC,N/A - From RDC,Air,Pre-PQ Process,N/A - From RDC,03-Apr-08,03-Apr-08,03-Apr-08,ARV,Adult,SCMS from RDC,"Lamivudine/Zidovudine 150/300mg, tablets, 60 Tabs",Lamivudine/Zidovudine,Generic,150/300mg,Tablet - FDC,60,"6,597",62671.50,9.5,0.16,"Aurobindo Unit III, India",TRUE,617,"$2,891.60 ",100.27
"12,486",109-TZ-T01,Pre-PQ Process,SO-2559,DN-791,Tanzania,PMO - US,From RDC,N/A - From RDC,Air,Pre-PQ Process,N/A - From RDC,16-Sep-08,16-Sep-08,16-Sep-08,ARV,Adult,SCMS from RDC,"Lamivudine/Nevirapine/Stavudine 150/200/30mg, tablets, 60 Tabs",Lamivudine/Nevirapine/Stavudine,Generic,150/200/30mg,Tablet - FDC,60,"155,319",1149360.60,7.4,0.12,"Cipla, Goa, India",TRUE,28334,"$80,239.66 ","1,838.98"
"56,919",116-ZA-T30,FPQ-14942,SCMS-259076,ASN-32524,South Africa,PMO - US,Direct Drop,DDP,Truck,09-11-14,06-02-15,02-Jun-15,02-Jun-15,02-Jun-15,ARV,Adult,PHARMACY DIRECT,"Lamivudine/Zidovudine 150/300mg, tablets, 60 Tabs",Lamivudine/Zidovudine,Generic,150/300mg,Tablet - FDC,60,14,300.08,21.43,0.36,"Aurobindo Unit III, India",FALSE,Weight Captured Separately,Freight Included in Commodity Cost,0.31
"12,488",111-MZ-T01,Pre-PQ Process,SO-2015,DN-665,Mozambique,PMO - US,From RDC,N/A - From RDC,Air,Pre-PQ Process,N/A - From RDC,05-Jun-08,05-Jun-08,05-Jun-08,ARV,Adult,SCMS from RDC,"Efavirenz 600mg, tablets, 30 Tabs",Efavirenz,Generic,600mg,Tablet,30,"33,787",419634.54,12.42,0.41,"Aurobindo Unit III, India",TRUE,6081,"$3,316.90 ",671.42
"56,927",133-NG-T30,FPQ-4891,SCMS-64780,ASN-6979,Nigeria,PMO - US,Direct Drop,EXW,Air,1/15/2010,02-05-10,05-May-10,16-Jun-10,16-Jun-10,HRDT,HIV test,"Orgenics, Ltd","HIV 1/2, Determine Complete HIV Kit, 100 Tests","HIV 1/2, Determine Complete HIV Kit",Determine,,Test kit,100,"2,100",168000.00,80,0.8,Inverness Japan,TRUE,1002,Freight Included in Commodity Cost,362.21
"56,950",161-ZA-T30,FPQ-5648,SCMS-75650,ASN-9846,South Africa,PMO - US,Direct Drop,DDP,Ocean,06-02-10,6/17/2010,17-Mar-11,17-Mar-11,17-Mar-11,ARV,Pediatric,Aurobindo Pharma Limited,"Lamivudine 10mg/ml, oral solution w/syringe, Bottle, 240 ml",Lamivudine,Generic,10mg/ml,Oral solution,240,"33,476",70969.12,2.12,0.01,"Aurobindo Unit III, India",TRUE,Weight Captured Separately,Freight Included in Commodity Cost,153.01
"12,493",114-UG-T01,Pre-PQ Process,SO-2341,DN-714,Uganda,PMO - US,From RDC,N/A - From RDC,Air,Pre-PQ Process,N/A - From RDC,19-May-08,19-May-08,19-May-08,ARV,Adult,SCMS from RDC,"Lamivudine/Zidovudine 150/300mg, tablets, 60 Tabs",Lamivudine/Zidovudine,Generic,150/300mg,Tablet - FDC,60,800,7560.00,9.45,0.16,"Aurobindo Unit III, India",TRUE,75,$935.80 ,12.1
"12,495",109-TZ-T01,Pre-PQ Process,SO-2558,DN-764,Tanzania,PMO - US,From RDC,N/A - From RDC,Truck,Pre-PQ Process,N/A - From RDC,30-Jun-08,30-Jun-08,30-Jun-08,ARV,Adult,SCMS from RDC,"Lamivudine/Zidovudine 150/300mg, tablets, 60 Tabs",Lamivudine/Zidovudine,Generic,150/300mg,Tablet - FDC,60,"112,191",1060204.95,9.45,0.16,"Aurobindo Unit III, India",TRUE,10453,"$8,831.92 ","1,696.33"
"57,257",161-ZA-T30,FPQ-6262,SCMS-84250,ASN-9452,South Africa,PMO - US,Direct Drop,DDP,Ocean,8/31/2010,9/21/2010,15-Dec-10,11-Feb-11,11-Feb-11,ARV,Adult,STRIDES ARCOLAB LIMITED,"Lamivudine 150mg, tablets, 60 Tabs",Lamivudine,Generic,150mg,Tablet,60,"122,743",303175.21,2.47,0.04,"Strides, Bangalore, India.",TRUE,Weight Captured Separately,Freight Included in Commodity Cost,653.65
"57,308",116-ZA-T30,FPQ-11828,SCMS-183950,ASN-19166,South Africa,South Africa Field Office,Direct Drop,DDP,Truck,3/18/2013,Date Not Captured,16-Apr-13,16-Apr-13,16-Apr-13,ARV,Adult,S. BUYS WHOLESALER,"Didanosine 400mg, delayed-release capsules, 30 Caps",Didanosine,Generic,400mg,Delayed-release capsules,30,251,4996.06,19.9,0.66,"Aurobindo Unit III, India",FALSE,Weight Captured Separately,Freight Included in Commodity Cost,6.18
"12,498",117-ET-T01,Pre-PQ Process,SO-2358,DN-720,Ethiopia,PMO - US,From RDC,N/A - From RDC,Air,Pre-PQ Process,N/A - From RDC,21-Apr-08,21-Apr-08,21-Apr-08,ARV,Pediatric,SCMS from RDC,"Stavudine 1mg/ml, powder for oral solution, 200 ml",Stavudine,Generic,1mg/ml,Oral solution,200,"3,000",4200.00,1.4,0.01,"Aurobindo Unit III, India",TRUE,342,"$1,850.70 ",6.72
"57,344",116-ZA-T30,FPQ-13973,SCMS-238555,ASN-29257,South Africa,PMO - US,Direct Drop,DDP,Truck,4/30/2014,11-04-14,05-Nov-14,05-Nov-14,05-Nov-14,ARV,Pediatric,PHARMACY DIRECT,"Abacavir 20mg/ml, oral solution, Bottle, 240 ml",Abacavir,Generic,20mg/ml,Oral solution,240,45,1102.97,24.51,0.1,"Aurobindo Unit III, India",FALSE,Weight Captured Separately,Freight Included in Commodity Cost,1.13
"57,377",116-ZA-T30,FPQ-14942,SCMS-259079,ASN-33851,South Africa,PMO - US,Direct Drop,DDP,Truck,09-11-14,10-09-14,24-Aug-15,24-Aug-15,24-Aug-15,ARV,Adult,PHARMACY DIRECT,"Nevirapine 200mg, tablets, 60 Tabs",Nevirapine,Generic,200mg,Tablet,60,24,329.70,13.74,0.23,"Aurobindo Unit III, India",FALSE,Weight Captured Separately,Freight Included in Commodity Cost,0.34
"57,537",116-ZA-T30,FPQ-12522,SCMS-199283,ASN-27978,South Africa,PMO - US,Direct Drop,DDP,Truck,07-11-13,8/27/2014,27-Aug-14,27-Aug-14,27-Aug-14,ARV,Adult,S. BUYS WHOLESALER,"Efavirenz 600mg, tablets, 30 Tabs",Efavirenz,Generic,600mg,Tablet,30,203,3395.39,16.73,0.56,Hetero Unit III Hyderabad IN,FALSE,Weight Captured Separately,Freight Included in Commodity Cost,4.2
"57,754",116-ZA-T30,FPQ-13973,SCMS-238551,ASN-26882,South Africa,PMO - US,Direct Drop,DDP,Truck,4/30/2014,6/25/2014,25-Jun-14,25-Jun-14,25-Jun-14,ARV,Adult,PHARMACY DIRECT,"Abacavir 300mg, tablets, 60 Tabs",Abacavir,Generic,300mg,Tablet,60,45,3104.58,68.99,1.15,"Aurobindo Unit III, India",FALSE,Weight Captured Separately,Freight Included in Commodity Cost,3.19
"12,503",106-HT-T01,Pre-PQ Process,SO-2069,DN-704,Haiti,PMO - US,From RDC,N/A - From RDC,Air,Pre-PQ Process,N/A - From RDC,21-Apr-08,21-Apr-08,21-Apr-08,ARV,Adult,SCMS from RDC,"Zidovudine 300mg, tablets, 60 Tabs",Zidovudine,Generic,300mg,Tablet,60,"3,115",25387.25,8.15,0.14,"Aurobindo Unit III, India",TRUE,178,"$2,599 ",40.62
"12,504",109-TZ-T01,Pre-PQ Process,SO-2001,DN-757,Tanzania,PMO - US,From RDC,N/A - From RDC,Air,Pre-PQ Process,N/A - From RDC,30-Jun-08,30-Jun-08,30-Jun-08,ARV,Adult,SCMS from RDC,"Lamivudine/Zidovudine 150/300mg, tablets, 60 Tabs",Lamivudine/Zidovudine,Generic,150/300mg,Tablet - FDC,60,"6,722",63859.00,9.5,0.16,"Aurobindo Unit III, India",TRUE,634,"$1,108.08 ",102.17
"12,505",110-ZM-T01,Pre-PQ Process,SO-1894,DN-808,Zambia,PMO - US,From RDC,N/A - From RDC,Truck,Pre-PQ Process,N/A - From RDC,23-Jul-08,23-Jul-08,23-Jul-08,ARV,Adult,SCMS from RDC,"Efavirenz 600mg, tablets, 30 Tabs",Efavirenz,Generic,600mg,Tablet,30,"55,000",660550.00,12.01,0.4,Mylan (formerly Matrix) Nashik,TRUE,3925,"$2,196.18 ","1,056.88"
"12,506",104-CI-T01,Pre-PQ Process,SO-1307,DN-626,Côte d'Ivoire,PMO - US,From RDC,N/A - From RDC,Air,Pre-PQ Process,N/A - From RDC,27-Feb-08,27-Feb-08,27-Feb-08,ARV,Adult,SCMS from RDC,"Nevirapine 200mg, tablets, 60 Tabs",Nevirapine,Generic,200mg,Tablet,60,"17,621",59911.40,3.4,0.06,"Aurobindo Unit III, India",TRUE,1650,"$3,428.50 ",95.86
"57,780",111-MZ-T30,FPQ-3588,SCMS-45690,ASN-5257,Mozambique,PMO - US,Direct Drop,CIP,Air,3/25/2009,5/13/2009,29-Oct-09,29-Oct-09,29-Oct-09,ARV,Adult,GLAXOSMITHKLINE EXPORT LIMITED,"Abacavir/Lamivudine/Zidovudine 300/150/300mg [Trizivir], tablets, 60 Tabs",Abacavir/Lamivudine/Zidovudine,Trizivir,300/150/300mg,Tablet - FDC,60,"1,676",90017.96,53.71,0.9,GSK Ware (UK),TRUE,249,Freight Included in Commodity Cost,176.44
"57,852",116-ZA-T30,FPQ-12522,SCMS-199289,ASN-28033,South Africa,PMO - US,Direct Drop,DDP,Truck,07-11-13,8/29/2014,29-Aug-14,29-Aug-14,29-Aug-14,ARV,Adult,S. BUYS WHOLESALER,"Abacavir 300mg, tablets, 60 Tabs",Abacavir,Generic,300mg,Tablet,60,88,6697.54,76.11,1.27,"Aurobindo Unit III, India",FALSE,Weight Captured Separately,Freight Included in Commodity Cost,8.28
"12,509",106-HT-T01,Pre-PQ Process,SO-2348,DN-745,Haiti,PMO - US,From RDC,N/A - From RDC,Air,Pre-PQ Process,N/A - From RDC,02-Jun-08,02-Jun-08,02-Jun-08,ARV,Adult,SCMS from RDC,"Zidovudine 300mg, tablets, 60 Tabs",Zidovudine,Generic,300mg,Tablet,60,"1,925",15688.75,8.15,0.14,"Aurobindo Unit III, India",TRUE,111,"$1,355.06 ",25.1
"57,862",116-ZA-T30,FPQ-13973,SCMS-238555,ASN-29257,South Africa,PMO - US,Direct Drop,DDP,Truck,4/30/2014,11-04-14,05-Nov-14,05-Nov-14,05-Nov-14,ARV,Pediatric,PHARMACY DIRECT,"Efavirenz 200mg, capsule, 90 Caps",Efavirenz,Generic,200mg,Capsule,90,46,1085.01,23.59,0.26,"Aurobindo Unit III, India",FALSE,Weight Captured Separately,Freight Included in Commodity Cost,1.12
"57,876",116-ZA-T30,FPQ-3596,SCMS-50360,ASN-5451,South Africa,PMO - US,Direct Drop,DDP,Truck,05-07-09,9/22/2009,29-Oct-09,29-Oct-09,29-Oct-09,ARV,Adult,S. BUYS WHOLESALER,"Lamivudine 150mg, tablets, 60 Tabs",Lamivudine,Generic,150mg,Tablet,60,"8,146",79058.92,9.71,0.16,"Aurobindo Unit III, India",FALSE,Weight Captured Separately,Freight Included in Commodity Cost,154.96
"57,886",116-ZA-T30,FPQ-12522,SCMS-199280,ASN-24433,South Africa,PMO - US,Direct Drop,DDP,Truck,07-11-13,8/13/2013,07-Feb-14,07-Feb-14,07-Feb-14,ARV,Adult,S. BUYS WHOLESALER,"Abacavir 300mg, tablets, 60 Tabs",Abacavir,Generic,300mg,Tablet,60,72,5479.80,76.11,1.27,"Aurobindo Unit III, India",FALSE,Weight Captured Separately,Freight Included in Commodity Cost,6.78
"12,516",109-TZ-T01,Pre-PQ Process,SO-2564,DN-751,Tanzania,PMO - US,From RDC,N/A - From RDC,Air,Pre-PQ Process,N/A - From RDC,01-Jul-08,01-Jul-08,01-Jul-08,ARV,Adult,SCMS from RDC,"Stavudine 30mg, capsules, 60 Caps",Stavudine,Generic,30mg,Capsule,60,"75,318",114483.36,1.52,0.03,"Aurobindo Unit III, India",TRUE,5040,"$22,965.40 ",183.17
"57,905",116-ZA-T30,FPQ-14942,SCMS-259076,ASN-32524,South Africa,PMO - US,Direct Drop,DDP,Truck,09-11-14,06-02-15,02-Jun-15,02-Jun-15,02-Jun-15,ARV,Adult,PHARMACY DIRECT,"Didanosine 400mg, delayed-release capsules, 30 Caps",Didanosine,Generic,400mg,Delayed-release capsules,30,6,85.31,14.22,0.47,"Aurobindo Unit III, India",FALSE,Weight Captured Separately,Freight Included in Commodity Cost,0.09
"57,909",116-ZA-T30,FPQ-13973,SCMS-238550,ASN-30792,South Africa,PMO - US,Direct Drop,DDP,Truck,4/30/2014,05-08-14,19-Feb-15,19-Feb-15,19-Feb-15,ARV,Adult,PHARMACY DIRECT,"Efavirenz 600mg, tablets, 30 Tabs",Efavirenz,Generic,600mg,Tablet,30,3,46.79,15.6,0.52,"Aurobindo Unit III, India",FALSE,Weight Captured Separately,Freight Included in Commodity Cost,0.05
"12,519",114-UG-T01,Pre-PQ Process,SO-2677,DN-789,Uganda,PMO - US,From RDC,N/A - From RDC,Air,Pre-PQ Process,N/A - From RDC,10-Jul-08,10-Jul-08,10-Jul-08,ARV,Adult,SCMS from RDC,"Stavudine 30mg, capsules, 60 Caps",Stavudine,Generic,30mg,Capsule,60,500,775.00,1.55,0.03,"Aurobindo Unit III, India",TRUE,33,$578.24 ,1.24
"57,959",104-CI-T30,FPQ-15618,SCMS-272200,ASN-32748,Côte d'Ivoire,PMO - US,Direct Drop,EXW,Air,12/17/2014,3/13/2015,21-Jul-15,21-Jul-15,22-Jul-15,HRDT,HIV test,"Orgenics, Ltd","HIV 1/2, Determine Complete HIV Kit, 100 Tests","HIV 1/2, Determine Complete HIV Kit",Determine,,Test kit,100,"7,000",560000.00,80,0.8,"Alere Medical Co., Ltd.",TRUE,2836,Freight Included in Commodity Cost,659.12
"12,522",111-MZ-T01,Pre-PQ Process,SO-18330,DN-1002,Mozambique,PMO - US,From RDC,N/A - From RDC,Air,Pre-PQ Process,N/A - From RDC,27-Nov-08,27-Nov-08,27-Nov-08,ARV,Adult,SCMS from RDC,"Ritonavir 100mg [Norvir], capsules, cool, 4 x 84 Caps",Ritonavir,Norvir,100mg,Capsule,336,180,0.00,0,0,ABBVIE (Abbott) France,TRUE,256,"$2,765.64 ",0
"58,025",100-DO-T30,FPQ-6128,SCMS-85620,ASN-8943,Dominican Republic,PMO - US,Direct Drop,DDU,Air,9/14/2010,9/17/2010,30-Nov-10,30-Nov-10,30-Nov-10,ARV,Pediatric,IDIS LIMITED,"Atazanavir 150mg [Reyataz], capsules, 60 Caps",Atazanavir,Reyataz,150mg,Capsule,60,204,61512.12,301.53,5.03,"BMS Evansville, US",TRUE,Weight Captured Separately,Freight Included in Commodity Cost,132.62
"58,173",116-ZA-T30,FPQ-14942,SCMS-259078,ASN-33470,South Africa,PMO - US,Direct Drop,DDP,Truck,09-11-14,10-09-14,24-Jul-15,24-Jul-15,24-Jul-15,ARV,Adult,PHARMACY DIRECT,"Efavirenz 600mg, tablets, 30 Tabs",Efavirenz,Generic,600mg,Tablet,30,47,568.37,12.09,0.4,"Aurobindo Unit III, India",FALSE,Weight Captured Separately,Freight Included in Commodity Cost,0.58
"12,525",110-ZM-T01,Pre-PQ Process,SO-2494,DN-1005,Zambia,PMO - US,From RDC,N/A - From RDC,Truck,Pre-PQ Process,N/A - From RDC,01-Dec-08,01-Dec-08,01-Dec-08,ARV,Adult,SCMS from RDC,"Nevirapine 200mg, tablets, 60 Tabs",Nevirapine,Generic,200mg,Tablet,60,"50,000",170000.00,3.4,0.06,Hetero Unit III Hyderabad IN,TRUE,2809,"$3,629.37 ",333.2
"12,526",110-ZM-T01,Pre-PQ Process,SO-15290,DN-999,Zambia,PMO - US,From RDC,N/A - From RDC,Air,Pre-PQ Process,N/A - From RDC,14-Nov-08,14-Nov-08,14-Nov-08,ARV,Pediatric,SCMS from RDC,"Zidovudine 10mg/ml, oral solution, Bottle, 240 ml",Zidovudine,Generic,10mg/ml,Oral solution,240,"1,800",3780.00,2.1,0.01,"Aurobindo Unit III, India",TRUE,671,"$5,110.76 ",7.41
"12,527",112-NG-T01,Pre-PQ Process,SO-11020,DN-1013,Nigeria,PMO - US,From RDC,N/A - From RDC,Air,Pre-PQ Process,N/A - From RDC,20-Nov-08,20-Nov-08,20-Nov-08,ARV,Pediatric,SCMS from RDC,"Stavudine 1mg/ml, powder for oral solution, 200 ml",Stavudine,Generic,1mg/ml,Oral solution,200,36,50.40,1.4,0.01,"Aurobindo Unit III, India",TRUE,4,$857.17 ,0.1
"58,425",116-ZA-T30,FPQ-3560,SCMS-49642,ASN-5244,South Africa,PMO - US,Direct Drop,DDP,Truck,05-07-09,7/21/2009,19-Nov-09,19-Nov-09,19-Nov-09,ARV,Pediatric,S. BUYS WHOLESALER,"Abacavir 20mg/ml [Ziagen], oral solution, Bottle, 240 ml",Abacavir,Ziagen,20mg/ml,Oral solution,240,1,19.97,19.97,0.08,GSK Mississauga (Canada),TRUE,Weight Captured Separately,Freight Included in Commodity Cost,0.04
"12,531",132-NG-T01,Pre-PQ Process,SO-2681,DN-843,Nigeria,PMO - US,From RDC,N/A - From RDC,Air,Pre-PQ Process,N/A - From RDC,28-Jul-08,28-Jul-08,28-Jul-08,ARV,Adult,SCMS from RDC,"Emtricitabine/Tenofovir Disoproxil Fumarate 200/300mg [Truvada], tablets, 30 Tabs",Emtricitabine/Tenofovir Disoproxil Fumarate,Truvada,300/200mg,Tablet - FDC,30,"15,000",393750.00,26.25,0.88,"Aspen-OSD, Port Elizabeth, SA",TRUE,1309,"$7,463.74 ",630
"12,532",110-ZM-T01,Pre-PQ Process,SO-2482,DN-938,Zambia,PMO - US,From RDC,N/A - From RDC,Truck,Pre-PQ Process,N/A - From RDC,06-Oct-08,06-Oct-08,06-Oct-08,ARV,Adult,SCMS from RDC,"Efavirenz 600mg, tablets, 30 Tabs",Efavirenz,Generic,600mg,Tablet,30,"50,000",600500.00,12.01,0.4,Mylan (formerly Matrix) Nashik,TRUE,3817,"$4,579.42 ",960.8
"58,440",116-ZA-T30,FPQ-13973,SCMS-238550,ASN-30792,South Africa,PMO - US,Direct Drop,DDP,Truck,4/30/2014,05-08-14,19-Feb-15,19-Feb-15,19-Feb-15,ARV,Pediatric,PHARMACY DIRECT,"Efavirenz 50mg, capsule, 30 Caps",Efavirenz,Generic,50mg,Capsule,30,3,8.99,3,0.1,"Aurobindo Unit III, India",FALSE,Weight Captured Separately,Freight Included in Commodity Cost,0.01
"12,534",102-KE-T01,Pre-PQ Process,SO-11480,DN-994,Kenya,PMO - US,From RDC,N/A - From RDC,Truck,Pre-PQ Process,N/A - From RDC,31-Oct-08,31-Oct-08,31-Oct-08,HRDT,HIV test,SCMS from RDC,"HIV 1/2, Uni-Gold HIV Kit, 20 Tests","HIV 1/2, Uni-Gold HIV Kit",Uni-Gold,,Test kit,20,"1,250",40000.00,32,1.6,"Trinity Biotech, Plc",TRUE,393,$157.50 ,78.4
"12,535",123-NG-T01,Pre-PQ Process,SO-11231,DN-862,Nigeria,PMO - US,From RDC,N/A - From RDC,Air,Pre-PQ Process,N/A - From RDC,31-Jul-08,31-Jul-08,31-Jul-08,ARV,Adult,SCMS from RDC,"Emtricitabine/Tenofovir Disoproxil Fumarate 200/300mg [Truvada], tablets, 30 Tabs",Emtricitabine/Tenofovir Disoproxil Fumarate,Truvada,300/200mg,Tablet - FDC,30,"20,000",525000.00,26.25,0.88,"Aspen-OSD, Port Elizabeth, SA",TRUE,1741,"$10,665.71 ",840
"12,536",114-UG-T01,Pre-PQ Process,SO-17450,DN-970,Uganda,PMO - US,From RDC,N/A - From RDC,Ocean,Pre-PQ Process,N/A - From RDC,02-Feb-09,02-Feb-09,02-Feb-09,ARV,Adult,SCMS from RDC,"Lamivudine/Stavudine 150/30mg, tablets, 30 Tabs",Lamivudine/Stavudine,Generic,150/30mg,Tablet - FDC,30,"1,166",2332.00,2,0.07,"Cipla, Goa, India",TRUE,71,"$1,240 ",4.57
"58,450",116-ZA-T30,FPQ-14942,SCMS-259078,ASN-33472,South Africa,PMO - US,Direct Drop,DDP,Truck,09-11-14,10-09-14,24-Jul-15,24-Jul-15,24-Jul-15,ARV,Adult,PHARMACY DIRECT,"Raltegravir 400mg [Isentress], tablets, 60 Tabs",Raltegravir,Isentress,400mg,Tablet,60,6,394.51,65.75,1.1,"MSD, Haarlem, NL",FALSE,Weight Captured Separately,Freight Included in Commodity Cost,0.41
"58,482",116-ZA-T30,FPQ-12522,SCMS-199289,ASN-28036,South Africa,PMO - US,Direct Drop,DDP,Truck,07-11-13,8/29/2014,29-Aug-14,29-Aug-14,29-Aug-14,ARV,Adult,S. BUYS WHOLESALER,"Lamivudine/Nevirapine/Stavudine 150/200/30mg, tablets, 60 Tabs",Lamivudine/Nevirapine/Stavudine,Generic,150/200/30mg,Tablet - FDC,60,7,211.71,30.24,0.5,"Cipla, Goa, India",FALSE,Weight Captured Separately,Freight Included in Commodity Cost,0.26
"58,485",116-ZA-T30,FPQ-4770,SCMS-60190,ASN-5907,South Africa,PMO - US,Direct Drop,DDP,Truck,12/17/2009,12/23/2009,29-Dec-09,29-Dec-09,29-Dec-09,ARV,Adult,S. BUYS WHOLESALER,"Ritonavir 100mg [Norvir], capsules, cool, 84 Caps",Ritonavir,Norvir,100mg,Capsule,84,15,161.34,10.76,0.13,ABBVIE (Abbott) Logis. UK,TRUE,Weight Captured Separately,Freight Included in Commodity Cost,0.35
"12,541",104-CI-T01,Pre-PQ Process,SO-21870,DN-1087,Côte d'Ivoire,PMO - US,From RDC,N/A - From RDC,Air,Pre-PQ Process,N/A - From RDC,02-Mar-09,02-Mar-09,02-Mar-09,ARV,Adult,SCMS from RDC,"Nevirapine 200mg, tablets, 60 Tabs",Nevirapine,Generic,200mg,Tablet,60,"22,566",67698.00,3,0.05,"Aurobindo Unit III, India",TRUE,2113,"$5,574.06 ",132.69
"12,542",114-UG-T01,Pre-PQ Process,SO-17752,DN-1093,Uganda,PMO - US,From RDC,N/A - From RDC,Air,Pre-PQ Process,N/A - From RDC,03-Mar-09,03-Mar-09,03-Mar-09,ARV,Adult,SCMS from RDC,"Lamivudine/Nevirapine/Zidovudine 150/200/300mg, tablets, 60 Tabs",Lamivudine/Nevirapine/Zidovudine,Generic,150/300/200mg,Tablet - FDC,60,88,1038.40,11.8,0.2,"Aurobindo Unit III, India",TRUE,10,"$1,002.20 ",2.04
"12,543",114-UG-T01,Pre-PQ Process,SO-17911,DN-1094,Uganda,PMO - US,From RDC,N/A - From RDC,Air,Pre-PQ Process,N/A - From RDC,19-Mar-09,19-Mar-09,19-Mar-09,ARV,Adult,SCMS from RDC,"Efavirenz 600mg, tablets, 30 Tabs",Efavirenz,Generic,600mg,Tablet,30,9,99.00,11,0.37,"Aurobindo Unit III, India",TRUE,1,$966.37 ,0.19
"58,850",116-ZA-T30,FPQ-14942,SCMS-259079,ASN-33851,South Africa,PMO - US,Direct Drop,DDP,Truck,09-11-14,10-09-14,24-Aug-15,24-Aug-15,24-Aug-15,ARV,Adult,PHARMACY DIRECT,"Lamivudine 150mg, tablets, 60 Tabs",Lamivudine,Generic,150mg,Tablet,60,123,867.36,7.05,0.12,"Aurobindo Unit III, India",FALSE,Weight Captured Separately,Freight Included in Commodity Cost,0.89
"12,545",123-NG-T01,Pre-PQ Process,SO-23040,DN-1106,Nigeria,PMO - US,From RDC,N/A - From RDC,Air,Pre-PQ Process,N/A - From RDC,26-Feb-09,26-Feb-09,26-Feb-09,ARV,Adult,SCMS from RDC,"Stavudine 30mg, capsules, 60 Caps",Stavudine,Generic,30mg,Capsule,60,"11,142",17270.10,1.55,0.03,"Aurobindo Unit III, India",TRUE,739,"$6,315.30 ",33.85
"12,546",104-CI-T01,Pre-PQ Process,SO-21842,DN-1097,Côte d'Ivoire,PMO - US,From RDC,N/A - From RDC,Air,Pre-PQ Process,N/A - From RDC,18-Mar-09,18-Mar-09,18-Mar-09,ARV,Pediatric,SCMS from RDC,"Zidovudine 10mg/ml, oral solution, Bottle, 240 ml",Zidovudine,Generic,10mg/ml,Oral solution,240,"1,643",3450.30,2.1,0.01,"Aurobindo Unit III, India",TRUE,483,"$7,293.90 ",6.76
"58,504",116-ZA-T30,FPQ-14942,SCMS-259077,ASN-33477,South Africa,PMO - US,Direct Drop,DDP,Truck,09-11-14,10-09-14,24-Jul-15,24-Jul-15,24-Jul-15,ARV,Adult,PHARMACY DIRECT,"Didanosine 400mg, delayed-release capsules, 30 Caps",Didanosine,Generic,400mg,Delayed-release capsules,30,5,71.09,14.22,0.47,"Aurobindo Unit III, India",FALSE,Weight Captured Separately,Freight Included in Commodity Cost,0.07
"58,713",116-ZA-T30,FPQ-14942,SCMS-259078,ASN-33472,South Africa,PMO - US,Direct Drop,DDP,Truck,09-11-14,10-09-14,24-Jul-15,24-Jul-15,24-Jul-15,ARV,Adult,PHARMACY DIRECT,"Etravirine 100mg [Intelence], tablets, 120 Tabs",Etravirine,Intelence,100mg,Tablet,120,4,110.05,27.51,0.23,"Janssen-Cilag, Latina, IT",FALSE,Weight Captured Separately,Freight Included in Commodity Cost,0.11
"58,731",116-ZA-T30,FPQ-12522,SCMS-199289,ASN-28034,South Africa,PMO - US,Direct Drop,DDP,Truck,07-11-13,8/29/2014,29-Aug-14,29-Aug-14,29-Aug-14,ARV,Pediatric,S. BUYS WHOLESALER,"Efavirenz 50mg, capsule, 30 Caps",Efavirenz,Generic,50mg,Capsule,30,94,311.73,3.32,0.11,"Aurobindo Unit III, India",FALSE,Weight Captured Separately,Freight Included in Commodity Cost,0.39
"12,550",131-NG-T01,Pre-PQ Process,SO-15051,DN-1057,Nigeria,PMO - US,From RDC,N/A - From RDC,Air,Pre-PQ Process,N/A - From RDC,19-Jan-09,19-Jan-09,19-Jan-09,ARV,Adult,SCMS from RDC,"Efavirenz 600mg, tablets, 30 Tabs",Efavirenz,Generic,600mg,Tablet,30,"14,000",154000.00,11,0.37,"Aurobindo Unit III, India",TRUE,1169,"$13,538.35 ",301.84
"58,761",116-ZA-T30,FPQ-13214,SCMS-215410,ASN-23875,South Africa,PMO - US,Direct Drop,DDP,Truck,11/14/2013,12-02-13,13-Jan-14,13-Jan-14,13-Jan-14,ARV,Pediatric,S. BUYS WHOLESALER,"Efavirenz 200mg, capsule, 90 Caps",Efavirenz,Generic,200mg,Capsule,90,190,4438.36,23.36,0.26,"Aurobindo Unit III, India",FALSE,Weight Captured Separately,Freight Included in Commodity Cost,4.56
"58,800",116-ZA-T30,FPQ-12522,SCMS-199289,ASN-28033,South Africa,PMO - US,Direct Drop,DDP,Truck,07-11-13,8/29/2014,29-Aug-14,29-Aug-14,29-Aug-14,ARV,Adult,S. BUYS WHOLESALER,"Didanosine 250mg, delayed-release capsules, 30 Caps",Didanosine,Generic,250mg,Delayed-release capsules,30,6,100.91,16.82,0.56,"Aurobindo Unit III, India",FALSE,Weight Captured Separately,Freight Included in Commodity Cost,0.12
"58,806",116-ZA-T30,FPQ-4054,SCMS-51251,ASN-5340,South Africa,PMO - US,Direct Drop,DDP,Truck,7/29/2009,08-07-09,07-Oct-09,07-Oct-09,07-Oct-09,ARV,Adult,S. BUYS WHOLESALER,"Efavirenz 600mg, tablets, 30 Tabs",Efavirenz,Generic,600mg,Tablet,30,"1,440",27430.13,19.05,0.64,"Cipla, Goa, India",TRUE,Weight Captured Separately,Freight Included in Commodity Cost,53.76
"58,852",116-ZA-T30,FPQ-5381,SCMS-69590,ASN-6724,South Africa,PMO - US,Direct Drop,DDP,Truck,3/23/2010,3/25/2010,01-Apr-10,01-Apr-10,01-Apr-10,ARV,Adult,S. BUYS WHOLESALER,"Abacavir 300mg [Ziagen], tablets, Blister 6 x 10 Tabs",Abacavir,Ziagen,300mg,Tablet - blister,60,30,1237.01,41.23,0.69,GSK Ware (UK),FALSE,Weight Captured Separately,Freight Included in Commodity Cost,2.67
"58,918",116-ZA-T30,FPQ-4054,SCMS-51250,ASN-5056,South Africa,PMO - US,Direct Drop,DDP,Truck,7/29/2009,08-07-09,24-Aug-09,24-Aug-09,24-Aug-09,ARV,Adult,S. BUYS WHOLESALER,"Lamivudine 150mg [Epivir], tablets, 60 Tabs",Lamivudine,Epivir,150mg,Tablet,60,"3,000",19702.50,6.57,0.11,GSK Cape Town Factory (South Africa),FALSE,Weight Captured Separately,Freight Included in Commodity Cost,38.62
"12,556",104-CI-T01,Pre-PQ Process,SO-21840,DN-1120,Côte d'Ivoire,PMO - US,From RDC,N/A - From RDC,Air,Pre-PQ Process,N/A - From RDC,26-May-09,26-May-09,26-May-09,ARV,Adult,SCMS from RDC,"Efavirenz 600mg, tablets, 30 Tabs",Efavirenz,Generic,600mg,Tablet,30,"36,391",386472.42,10.62,0.35,"Aurobindo Unit III, India",TRUE,4156,"$11,180.32 ",757.49
"59,074",116-ZA-T30,FPQ-13973,SCMS-238552,ASN-27606,South Africa,PMO - US,Direct Drop,DDP,Truck,4/30/2014,08-05-14,05-Aug-14,05-Aug-14,05-Aug-14,ARV,Adult,PHARMACY DIRECT,"Tenofovir Disoproxil Fumarate 300mg, tablets, 30 Tabs",Tenofovir Disoproxil Fumarate,Generic,300mg,Tablet,30,73,1319.03,18.07,0.6,Mylan (formerly Matrix) Nashik,FALSE,Weight Captured Separately,Freight Included in Commodity Cost,1.36
"12,558",151-NG-T01,Pre-PQ Process,SO-21801,DN-1135,Nigeria,PMO - US,From RDC,N/A - From RDC,Air Charter,Pre-PQ Process,N/A - From RDC,19-Mar-09,19-Mar-09,19-Mar-09,ARV,Adult,SCMS from RDC,"Lamivudine/Nevirapine/Zidovudine 150/200/300mg, tablets, 60 Tabs",Lamivudine/Nevirapine/Zidovudine,Generic,150/300/200mg,Tablet - FDC,60,"15,944",181761.60,11.4,0.19,"Aurobindo Unit III, India",TRUE,1793,"$11,492.86 ",356.25
"59,258",133-NG-T30,FPQ-16329,SCMS-289130,ASN-32959,Nigeria,PMO - US,Direct Drop,EXW,Air,05-07-15,5/26/2015,14-Jul-15,09-Jul-15,09-Jul-15,HRDT,HIV test,"Orgenics, Ltd","HIV 1/2, Determine Complete HIV Kit, 100 Tests","HIV 1/2, Determine Complete HIV Kit",Determine,,Test kit,100,"6,523",580547.00,89,0.89,"Alere Medical Co., Ltd.",TRUE,6523,Freight Included in Commodity Cost,683.3
"12,561",110-ZM-T01,Pre-PQ Process,SO-2478,DN-981,Zambia,PMO - US,From RDC,N/A - From RDC,Truck,Pre-PQ Process,N/A - From RDC,07-Nov-08,07-Nov-08,07-Nov-08,ARV,Pediatric,SCMS from RDC,"Didanosine 100mg, chewable/dispersible tablets, 60 Tabs",Didanosine,Generic,100mg,Chewable/dispersible tablet,60,"4,200",32550.00,7.75,0.13,"Aurobindo Unit III, India",TRUE,867,"$2,938.92 ",63.8
"59,314",116-ZA-T30,FPQ-14942,SCMS-259073,ASN-30671,South Africa,PMO - US,Direct Drop,DDP,Truck,09-11-14,02-12-15,12-Feb-15,12-Feb-15,12-Feb-15,ARV,Adult,PHARMACY DIRECT,"Didanosine 250mg, delayed-release capsules, 30 Caps",Didanosine,Generic,250mg,Delayed-release capsules,30,6,66.10,11.02,0.37,"Aurobindo Unit III, India",FALSE,Weight Captured Separately,Freight Included in Commodity Cost,0.07
"12,564",104-CI-T01,Pre-PQ Process,SO-21871,DN-1170,Côte d'Ivoire,PMO - US,From RDC,N/A - From RDC,Air,Pre-PQ Process,N/A - From RDC,19-Jun-09,19-Jun-09,19-Jun-09,ARV,Adult,SCMS from RDC,"Nevirapine 200mg, tablets, 60 Tabs",Nevirapine,Generic,200mg,Tablet,60,"5,259",15777.00,3,0.05,Hetero Unit III Hyderabad IN,TRUE,294,"$5,432.93 ",30.92
"12,565",110-ZM-T01,Pre-PQ Process,SO-17610,DN-1178,Zambia,PMO - US,From RDC,N/A - From RDC,Truck,Pre-PQ Process,N/A - From RDC,27-Apr-09,27-Apr-09,27-Apr-09,ARV,Adult,SCMS from RDC,"Efavirenz 600mg, tablets, 30 Tabs",Efavirenz,Generic,600mg,Tablet,30,"60,000",660000.00,11,0.37,"Aurobindo Unit III, India",TRUE,5144,"$13,853.29 ","1,293.60"
"12,567",111-MZ-T01,Pre-PQ Process,SO-27870,DN-1195,Mozambique,PMO - US,From RDC,N/A - From RDC,Air,Pre-PQ Process,N/A - From RDC,16-Jun-09,16-Jun-09,16-Jun-09,ARV,Adult,SCMS from RDC,"Lamivudine/Nevirapine/Zidovudine 150/200/300mg, tablets, 60 Tabs",Lamivudine/Nevirapine/Zidovudine,Generic,150/300/200mg,Tablet - FDC,60,"26,292",310245.60,11.8,0.2,Mylan (formerly Matrix) Nashik,TRUE,3218,"$15,990.35 ",608.08
"12,568",151-NG-T01,Pre-PQ Process,SO-22521,DN-1196,Nigeria,PMO - US,From RDC,N/A - From RDC,Air Charter,Pre-PQ Process,N/A - From RDC,08-May-09,08-May-09,08-May-09,ARV,Adult,SCMS from RDC,"Lamivudine/Nevirapine/Zidovudine 150/200/300mg, tablets, 60 Tabs",Lamivudine/Nevirapine/Zidovudine,Generic,150/300/200mg,Tablet - FDC,60,"71,422",814210.80,11.4,0.19,"Aurobindo Unit III, India",TRUE,8016,"$15,128.37 ","1,595.85"
"12,569",114-UG-T01,Pre-PQ Process,SO-26180,DN-1197,Uganda,PMO - US,From RDC,N/A - From RDC,Air,Pre-PQ Process,N/A - From RDC,24-Apr-09,24-Apr-09,24-Apr-09,ARV,Adult,SCMS from RDC,"Lopinavir/Ritonavir 200/50mg [Aluvia], tablets, 120 Tabs",Lopinavir/Ritonavir,Aluvia,200/50mg,Tablet,120,80,3288.00,41.1,0.34,ABBVIE Ludwigshafen Germany,TRUE,19,"$1,381.64 ",6.44
"12,570",151-NG-T01,Pre-PQ Process,SO-22523,DN-1202,Nigeria,PMO - US,From RDC,N/A - From RDC,Air,Pre-PQ Process,N/A - From RDC,29-Apr-09,29-Apr-09,29-Apr-09,ARV,Adult,SCMS from RDC,"Emtricitabine/Tenofovir Disoproxil Fumarate 200/300mg [Truvada], tablets, 30 Tabs",Emtricitabine/Tenofovir Disoproxil Fumarate,Truvada,300/200mg,Tablet - FDC,30,"17,933",470741.25,26.25,0.88,"Aspen-OSD, Port Elizabeth, SA",TRUE,1564,"$16,864.58 ",922.65
"12,571",123-NG-T01,Pre-PQ Process,SO-23431,DN-1203,Nigeria,PMO - US,From RDC,N/A - From RDC,Air Charter,Pre-PQ Process,N/A - From RDC,08-May-09,08-May-09,08-May-09,ARV,Adult,SCMS from RDC,"Lamivudine/Zidovudine 150/300mg, tablets, 60 Tabs",Lamivudine/Zidovudine,Generic,150/300mg,Tablet - FDC,60,"10,000",93500.00,9.35,0.16,"Aurobindo Unit III, India",TRUE,905,"$15,128.37 ",183.26
"59,466",116-ZA-T30,FPQ-14942,SCMS-259078,ASN-33470,South Africa,PMO - US,Direct Drop,DDP,Truck,09-11-14,10-09-14,24-Jul-15,24-Jul-15,24-Jul-15,ARV,Adult,PHARMACY DIRECT,"Abacavir 300mg, tablets, 60 Tabs",Abacavir,Generic,300mg,Tablet,60,35,1874.71,53.56,0.89,"Aurobindo Unit III, India",FALSE,Weight Captured Separately,Freight Included in Commodity Cost,1.93
"12,573",126-NG-T01,Pre-PQ Process,SO-26250,DN-1212,Nigeria,PMO - US,From RDC,N/A - From RDC,Air Charter,Pre-PQ Process,N/A - From RDC,08-May-09,08-May-09,08-May-09,ARV,Adult,SCMS from RDC,"Lamivudine/Tenofovir Disoproxil Fumarate 300/300mg, tablets, 30 Tabs",Lamivudine/Tenofovir Disoproxil Fumarate,Generic,300/300mg,Tablet - FDC,30,"23,991",275896.50,11.5,0.38,Mylan (formerly Matrix) Nashik,TRUE,2096,"$15,128.37 ",540.76
"12,574",106-HT-T01,Pre-PQ Process,SO-24870,DN-1218,Haiti,PMO - US,From RDC,N/A - From RDC,Air,Pre-PQ Process,N/A - From RDC,22-May-09,22-May-09,22-May-09,ARV,Pediatric,SCMS from RDC,"Efavirenz 30mg/ml [Stocrin/Sustiva], oral solution, Bottle, 180 ml",Efavirenz,Stocrin/Sustiva,30mg/ml,Oral solution,180,98,1662.08,16.96,0.09,"MSD, Haarlem, NL",TRUE,28,$988.24 ,3.26
"12,575",104-CI-T01,Pre-PQ Process,SO-21883,DN-1220,Côte d'Ivoire,PMO - US,From RDC,N/A - From RDC,Air,Pre-PQ Process,N/A - From RDC,20-May-09,20-May-09,20-May-09,ARV,Adult,SCMS from RDC,"Lamivudine/Zidovudine 150/300mg, tablets, 60 Tabs",Lamivudine/Zidovudine,Generic,150/300mg,Tablet - FDC,60,"6,476",56729.76,8.76,0.15,Mylan (formerly Matrix) Nashik,TRUE,540,"$4,881.06 ",111.19
"12,576",151-NG-T01,Pre-PQ Process,SO-22525,DN-1206,Nigeria,PMO - US,From RDC,N/A - From RDC,Ocean,Pre-PQ Process,N/A - From RDC,30-Apr-09,30-Apr-09,30-Apr-09,ARV,Adult,SCMS from RDC,"Lamivudine/Nevirapine/Zidovudine 150/200/300mg, tablets, 60 Tabs",Lamivudine/Nevirapine/Zidovudine,Generic,150/300/200mg,Tablet - FDC,60,"13,334",152007.60,11.4,0.19,Mylan (formerly Matrix) Nashik,TRUE,1626,"$17,096.24 ",297.93
"59,500",116-ZA-T30,FPQ-13973,SCMS-238552,ASN-27606,South Africa,PMO - US,Direct Drop,DDP,Truck,4/30/2014,08-05-14,05-Aug-14,05-Aug-14,05-Aug-14,ARV,Adult,PHARMACY DIRECT,"Zidovudine 300mg, tablets, 60 Tabs",Zidovudine,Generic,300mg,Tablet,60,1,24.95,24.95,0.42,"Aurobindo Unit III, India",FALSE,Weight Captured Separately,Freight Included in Commodity Cost,0.03
"59,530",116-ZA-T30,FPQ-13214,SCMS-215410,ASN-23875,South Africa,PMO - US,Direct Drop,DDP,Truck,11/14/2013,12-02-13,13-Jan-14,13-Jan-14,13-Jan-14,ARV,Adult,S. BUYS WHOLESALER,"Didanosine 250mg, delayed-release capsules, 30 Caps",Didanosine,Generic,250mg,Delayed-release capsules,30,18,271.80,15.1,0.5,"Aurobindo Unit III, India",FALSE,Weight Captured Separately,Freight Included in Commodity Cost,0.28
"59,566",116-ZA-T30,FPQ-14942,SCMS-259079,ASN-33852,South Africa,PMO - US,Direct Drop,DDP,Truck,09-11-14,10-09-14,24-Aug-15,24-Aug-15,24-Aug-15,ARV,Pediatric,PHARMACY DIRECT,"Efavirenz 50mg, capsule, 30 Caps",Efavirenz,Generic,50mg,Capsule,30,9,21.81,2.42,0.08,"Aurobindo Unit III, India",FALSE,Weight Captured Separately,Freight Included in Commodity Cost,0.02
"59,572",116-ZA-T30,FPQ-3596,SCMS-50370,ASN-5459,South Africa,PMO - US,Direct Drop,DDP,Truck,05-07-09,9/22/2009,29-Oct-09,29-Oct-09,29-Oct-09,ARV,Adult,S. BUYS WHOLESALER,"Nevirapine 200mg [Viramune], tablets, 60 Tabs",Nevirapine,Viramune,200mg,Tablet,60,"2,600",52801.37,20.31,0.34,"Boehringer Ing., Koropi, GR",TRUE,Weight Captured Separately,Freight Included in Commodity Cost,103.49
"59,624",116-ZA-T30,FPQ-12522,SCMS-199280,ASN-24433,South Africa,PMO - US,Direct Drop,DDP,Truck,07-11-13,8/13/2013,07-Feb-14,07-Feb-14,07-Feb-14,ARV,Adult,S. BUYS WHOLESALER,"Didanosine 250mg, delayed-release capsules, 30 Caps",Didanosine,Generic,250mg,Delayed-release capsules,30,5,84.10,16.82,0.56,"Aurobindo Unit III, India",FALSE,Weight Captured Separately,Freight Included in Commodity Cost,0.1
"12,585",123-NG-T01,Pre-PQ Process,SO-22840,DN-1245,Nigeria,PMO - US,From RDC,N/A - From RDC,Air Charter,Pre-PQ Process,N/A - From RDC,16-Jun-09,16-Jun-09,16-Jun-09,ARV,Adult,SCMS from RDC,"Stavudine 30mg, capsules, 60 Caps",Stavudine,Generic,30mg,Capsule,60,"12,000",17880.00,1.49,0.02,"Aurobindo Unit III, India",TRUE,789,"$7,329.83 ",35.04
"12,586",119-NA-T01,Pre-PQ Process,SO-30460,DN-1251,Namibia,PMO - US,From RDC,N/A - From RDC,Air,Pre-PQ Process,N/A - From RDC,15-Jun-09,15-Jun-09,15-Jun-09,ARV,Adult,SCMS from RDC,"Lamivudine/Tenofovir Disoproxil Fumarate 300/300mg, tablets, 30 Tabs",Lamivudine/Tenofovir Disoproxil Fumarate,Generic,300/300mg,Tablet - FDC,30,"5,000",50000.00,10,0.33,Mylan (formerly Matrix) Nashik,TRUE,419,"$2,317.20 ",98
"12,587",114-UG-T01,Pre-PQ Process,SO-30110,DN-1256,Uganda,PMO - US,From RDC,N/A - From RDC,Air,Pre-PQ Process,N/A - From RDC,24-Jun-09,24-Jun-09,24-Jun-09,ARV,Adult,SCMS from RDC,"Lamivudine/Nevirapine/Zidovudine 150/200/300mg, tablets, 60 Tabs",Lamivudine/Nevirapine/Zidovudine,Generic,150/300/200mg,Tablet - FDC,60,"1,155",13109.25,11.35,0.19,Mylan (formerly Matrix) Nashik,TRUE,147,"$1,848.59 ",25.69
"12,591",114-UG-T01,Pre-PQ Process,SO-31430,DN-1281,Uganda,PMO - US,From RDC,N/A - From RDC,Air,Pre-PQ Process,N/A - From RDC,26-Jun-09,26-Jun-09,26-Jun-09,ARV,Adult,SCMS from RDC,"Lopinavir/Ritonavir 200/50mg [Aluvia], tablets, 120 Tabs",Lopinavir/Ritonavir,Aluvia,200/50mg,Tablet,120,220,9042.00,41.1,0.34,ABBVIE Ludwigshafen Germany,TRUE,50,"$1,359.40 ",17.72
"12,592",110-ZM-T01,Pre-PQ Process,SO-29060,DN-1285,Zambia,PMO - US,From RDC,N/A - From RDC,Truck,Date Not Captured,N/A - From RDC,02-Jul-09,02-Jul-09,02-Jul-09,ARV,Adult,SCMS from RDC,"Lamivudine/Tenofovir Disoproxil Fumarate 300/300mg, tablets, 30 Tabs",Lamivudine/Tenofovir Disoproxil Fumarate,Generic,300/300mg,Tablet - FDC,30,"92,000",1058000.00,11.5,0.38,Mylan (formerly Matrix) Nashik,TRUE,7101,"$16,702.26 ","2,073.68"
"12,593",110-ZM-T01,Pre-PQ Process,SO-31900,DN-1286,Zambia,PMO - US,From RDC,N/A - From RDC,Air,Date Not Captured,N/A - From RDC,02-Jul-09,02-Jul-09,02-Jul-09,ARV,Pediatric,SCMS from RDC,"Efavirenz 200mg, capsule, 90 Caps",Efavirenz,Generic,200mg,Capsule,90,"4,000",61040.00,15.26,0.17,"Aurobindo Unit III, India",TRUE,481,"$2,951.12 ",119.64
"12,594",104-CI-T01,Pre-PQ Process,SO-31960,DN-1297,Côte d'Ivoire,PMO - US,From RDC,N/A - From RDC,Air,Pre-PQ Process,N/A - From RDC,30-Jun-09,30-Jun-09,30-Jun-09,ARV,Adult,SCMS from RDC,"Emtricitabine/Tenofovir Disoproxil Fumarate 200/300mg [Truvada], tablets, 30 Tabs",Emtricitabine/Tenofovir Disoproxil Fumarate,Truvada,300/200mg,Tablet - FDC,30,"2,160",56700.00,26.25,0.88,"Aspen-OSD, Port Elizabeth, SA",TRUE,186,"$1,660.07 ",111.13
"12,597",106-HT-T01,Pre-PQ Process,SO-30170,DN-1309,Haiti,PMO - US,From RDC,N/A - From RDC,Air,Pre-PQ Process,N/A - From RDC,24-Jun-09,24-Jun-09,24-Jun-09,ARV,Adult,SCMS from RDC,"Lamivudine/Zidovudine 150/300mg, tablets, 60 Tabs",Lamivudine/Zidovudine,Generic,150/300mg,Tablet - FDC,60,"25,824",226218.24,8.76,0.15,"Aurobindo Unit III, India",TRUE,2359,"$26,714.63 ",443.39
"12,598",110-ZM-T01,Pre-PQ Process,SO-32510,DN-1329,Zambia,PMO - US,From RDC,N/A - From RDC,Truck,Date Not Captured,N/A - From RDC,04-Sep-09,04-Sep-09,04-Sep-09,ARV,Adult,SCMS from RDC,"Lamivudine/Nevirapine/Stavudine 150/200/30mg, tablets, 60 Tabs",Lamivudine/Nevirapine/Stavudine,Generic,150/200/30mg,Tablet - FDC,60,"35,000",249200.00,7.12,0.12,"Strides, Bangalore, India.",TRUE,2604,"$2,448.71 ",488.43
"12,599",151-NG-T01,Pre-PQ Process,SO-32640,DN-1342,Nigeria,PMO - US,From RDC,N/A - From RDC,Air Charter,Date Not Captured,N/A - From RDC,04-Aug-09,04-Aug-09,04-Aug-09,ARV,Adult,SCMS from RDC,"Lamivudine/Nevirapine/Zidovudine 150/200/300mg, tablets, 60 Tabs",Lamivudine/Nevirapine/Zidovudine,Generic,150/300/200mg,Tablet - FDC,60,"23,670",269838.00,11.4,0.19,"Aurobindo Unit III, India",TRUE,2666,"$7,445.80 ",528.88
"12,600",151-NG-T01,Pre-PQ Process,SO-27815,DN-1351,Nigeria,PMO - US,From RDC,N/A - From RDC,Air Charter,Date Not Captured,N/A - From RDC,04-Aug-09,04-Aug-09,04-Aug-09,ARV,Adult,SCMS from RDC,"Emtricitabine/Tenofovir Disoproxil Fumarate 200/300mg [Truvada], tablets, 30 Tabs",Emtricitabine/Tenofovir Disoproxil Fumarate,Truvada,300/200mg,Tablet - FDC,30,671,17613.75,26.25,0.88,"Aspen-OSD, Port Elizabeth, SA",TRUE,59,"$7,445.80 ",34.52
"12,601",110-ZM-T01,Pre-PQ Process,SO-31951,DN-1362,Zambia,PMO - US,From RDC,N/A - From RDC,Truck,Date Not Captured,N/A - From RDC,15-Sep-09,15-Sep-09,15-Sep-09,ARV,Adult,SCMS from RDC,"Zidovudine 300mg, tablets, 60 Tabs",Zidovudine,Generic,300mg,Tablet,60,"12,294",94786.74,7.71,0.13,Hetero Unit III Hyderabad IN,TRUE,629,"$8,281.69 ",185.78
"59,633",106-HT-T30,FPQ-9894,SCMS-147600,ASN-15503,Haiti,PMO - US,Direct Drop,DDP,Truck,5/22/2012,06-05-12,28-Jun-12,28-Jun-12,28-Jun-12,HRDT,HIV test,REINBOLD EXPORT IMPORT,"HIV 1/2, Determine Complete HIV Kit, 100 Tests","HIV 1/2, Determine Complete HIV Kit",Determine,,Test kit,100,"1,250",160937.50,128.75,1.29,"Alere Medical Co., Ltd.",TRUE,Weight Captured Separately,Freight Included in Commodity Cost,225.63
"12,603",114-UG-T01,Pre-PQ Process,SO-30120,DN-1369,Uganda,PMO - US,From RDC,N/A - From RDC,Air,Date Not Captured,N/A - From RDC,10-Aug-09,10-Aug-09,10-Aug-09,ARV,Adult,SCMS from RDC,"Lamivudine/Zidovudine 150/300mg, tablets, 60 Tabs",Lamivudine/Zidovudine,Generic,150/300mg,Tablet - FDC,60,"2,420",21199.20,8.76,0.15,Mylan (formerly Matrix) Nashik,TRUE,202,"$1,534.10 ",41.55
"59,698",116-ZA-T30,FPQ-13973,SCMS-238555,ASN-29257,South Africa,PMO - US,Direct Drop,DDP,Truck,4/30/2014,11-04-14,05-Nov-14,05-Nov-14,05-Nov-14,ARV,Adult,PHARMACY DIRECT,"Tenofovir Disoproxil Fumarate 300mg, tablets, 30 Tabs",Tenofovir Disoproxil Fumarate,Generic,300mg,Tablet,30,114,2179.73,19.12,0.64,Mylan (formerly Matrix) Nashik,FALSE,Weight Captured Separately,Freight Included in Commodity Cost,2.24
"12,608",111-MZ-T01,Pre-PQ Process,SO-32570,DN-1396,Mozambique,PMO - US,From RDC,N/A - From RDC,Truck,Date Not Captured,N/A - From RDC,07-Oct-09,07-Oct-09,07-Oct-09,ARV,Adult,SCMS from RDC,"Lamivudine/Stavudine 150/30mg, tablets, 60 Tabs",Lamivudine/Stavudine,Generic,150/30mg,Tablet - FDC,60,"17,500",68250.00,3.9,0.06,Mylan (formerly Matrix) Nashik,TRUE,1292,"$1,588.05 ",133.77
"12,609",110-ZM-T01,Pre-PQ Process,SO-17660,DN-1403,Zambia,PMO - US,From RDC,N/A - From RDC,Truck,Date Not Captured,N/A - From RDC,22-Sep-09,22-Sep-09,22-Sep-09,ARV,Adult,SCMS from RDC,"Efavirenz 600mg, tablets, 30 Tabs",Efavirenz,Generic,600mg,Tablet,30,"88,000",968000.00,11,0.37,"Aurobindo Unit III, India",TRUE,7579,"$6,759.28 ","1,897.28"
"12,610",109-TZ-T01,Pre-PQ Process,SO-18750,DN-1431,Tanzania,PMO - US,From RDC,N/A - From RDC,Truck,Date Not Captured,N/A - From RDC,25-Sep-09,25-Sep-09,25-Sep-09,ARV,Adult,SCMS from RDC,"Tenofovir Disoproxil Fumarate 300mg [Viread], tablets, 30 Tabs",Tenofovir Disoproxil Fumarate,Viread,300mg,Tablet,30,536,9112.00,17,0.57,"Aspen-OSD, Port Elizabeth, SA",TRUE,41,"$2,233.61 ",17.86
"59,750",111-MZ-T30,FPQ-11923,SCMS-187100,ASN-22575,Mozambique,PMO - US,Direct Drop,CIP,Air,4/19/2013,4/25/2013,08-Nov-13,08-Nov-13,29-Jan-14,ARV,Adult,ASPEN PHARMACARE,"Darunavir 300mg [Prezista], tablets, 120 Tabs",Darunavir,Prezista,300mg,Tablet,120,90,5994.00,66.6,0.55,"Janssen-Cilag, Latina, IT",TRUE,Weight Captured Separately,Freight Included in Commodity Cost,7.41
"12,612",111-MZ-T01,Pre-PQ Process,SO-26421,DN-1413,Mozambique,PMO - US,From RDC,N/A - From RDC,Air,Date Not Captured,N/A - From RDC,27-Aug-09,27-Aug-09,27-Aug-09,ARV,Adult,SCMS from RDC,"Lamivudine/Nevirapine/Stavudine 150/200/30mg, tablets, 60 Tabs",Lamivudine/Nevirapine/Stavudine,Generic,150/200/30mg,Tablet - FDC,60,"98,396",700579.52,7.12,0.12,"Strides, Bangalore, India.",TRUE,7426,"$2,400.25 ","1,373.14"
"12,613",151-NG-T01,Pre-PQ Process,SO-27820,DN-1440,Nigeria,PMO - US,From RDC,N/A - From RDC,Air Charter,Date Not Captured,N/A - From RDC,20-Oct-09,20-Oct-09,20-Oct-09,ARV,Adult,SCMS from RDC,"Emtricitabine/Tenofovir Disoproxil Fumarate 200/300mg, tablets, 30 Tabs",Emtricitabine/Tenofovir Disoproxil Fumarate,Generic,200/300mg,Tablet - FDC,30,"121,280",1425040.00,11.75,0.39,Mylan (formerly Matrix) Nashik,TRUE,9813,"$9,341.49 ","2,793.08"
"12,614",109-TZ-T01,Pre-PQ Process,SO-31282,DN-1459,Tanzania,PMO - US,From RDC,N/A - From RDC,Truck,Date Not Captured,N/A - From RDC,26-Oct-09,26-Oct-09,26-Oct-09,ARV,Adult,SCMS from RDC,"Abacavir 300mg, tablets, 60 Tabs",Abacavir,Generic,300mg,Tablet,60,"15,900",404655.00,25.45,0.42,Mylan (formerly Matrix) Nashik,TRUE,1630,"$2,217.50 ",793.12
"59,847",116-ZA-T30,FPQ-13973,SCMS-238554,ASN-28626,South Africa,PMO - US,Direct Drop,DDP,Truck,4/30/2014,10-03-14,03-Oct-14,03-Oct-14,03-Oct-14,ARV,Pediatric,PHARMACY DIRECT,"Atazanavir 150mg [Reyataz], capsules, 60 Caps",Atazanavir,Reyataz,150mg,Capsule,60,6,132.02,22,0.37,"BMS Evansville, US",FALSE,Weight Captured Separately,Freight Included in Commodity Cost,0.14
"12,617",106-HT-T01,Pre-PQ Process,SO-32770,DN-1465,Haiti,PMO - US,From RDC,N/A - From RDC,Air,Date Not Captured,N/A - From RDC,13-Oct-09,13-Oct-09,13-Oct-09,ARV,Adult,SCMS from RDC,"Efavirenz 600mg, tablets, 30 Tabs",Efavirenz,Generic,600mg,Tablet,30,"36,456",226756.32,6.22,0.21,"Aurobindo Unit III, India",TRUE,3160,"$32,104.30 ",444.44
"12,618",111-MZ-T01,Pre-PQ Process,SO-33340,DN-1485,Mozambique,PMO - US,From RDC,N/A - From RDC,Air,Date Not Captured,N/A - From RDC,13-Nov-09,13-Nov-09,13-Nov-09,ARV,Adult,SCMS from RDC,"Stavudine 30mg, capsules, 60 Caps",Stavudine,Generic,30mg,Capsule,60,945,1408.05,1.49,0.02,"Aurobindo Unit III, India",TRUE,62,"$1,074.80 ",3.04
"59,894",116-ZA-T30,FPQ-14942,SCMS-259081,ASN-30228,South Africa,PMO - US,Direct Drop,DDP,Truck,09-11-14,1/14/2015,14-Jan-15,14-Jan-15,14-Jan-15,ARV,Pediatric,PHARMACY DIRECT,"Lopinavir/Ritonavir 80/20mg/ml [Kaletra], oral solution, cool, Bottle 5 x 60 ml",Lopinavir/Ritonavir,Kaletra,80/20mg/ml,Oral solution,300,4,63.78,15.94,0.05,ABBVIE (Abbott) Logis. UK,TRUE,Weight Captured Separately,Freight Included in Commodity Cost,0.07
"12,620",111-MZ-T01,Pre-PQ Process,SO-15520,DN-1549,Mozambique,PMO - US,From RDC,N/A - From RDC,Air,Date Not Captured,N/A - From RDC,06-Jan-10,06-Jan-10,06-Jan-10,ARV,Adult,SCMS from RDC,"Stavudine 30mg, capsules, 60 Caps",Stavudine,Generic,30mg,Capsule,60,735,1073.10,1.46,0.02,"Aurobindo Unit III, India",TRUE,47,$955.36 ,2.31
"12,622",111-MZ-T01,Pre-PQ Process,SO-325,DN-18,Mozambique,PMO - US,From RDC,N/A - From RDC,Air,Pre-PQ Process,N/A - From RDC,29-Mar-07,29-Mar-07,29-Mar-07,ARV,Pediatric,SCMS from RDC,"Lamivudine 10mg/ml, oral solution, Bottle, 240 ml",Lamivudine,Generic,10mg/ml,Oral solution,240,"7,707",18805.08,2.44,0.01,"Cipla, Goa, India",TRUE,Weight Captured Separately,"$2,123.04 ",
"59,917",116-ZA-T30,FPQ-14942,SCMS-259075,ASN-32138,South Africa,PMO - US,Direct Drop,DDP,Truck,09-11-14,05-11-15,12-May-15,12-May-15,12-May-15,ARV,Pediatric,PHARMACY DIRECT,"Abacavir 20mg/ml, oral solution, Bottle, 240 ml",Abacavir,Generic,20mg/ml,Oral solution,240,3,53.13,17.71,0.07,"Aurobindo Unit III, India",FALSE,Weight Captured Separately,Freight Included in Commodity Cost,0.05
"12,628",110-ZM-T01,Pre-PQ Process,SO-203,DN-39,Zambia,PMO - US,From RDC,N/A - From RDC,,Pre-PQ Process,N/A - From RDC,28-Mar-07,28-Mar-07,28-Mar-07,ARV,Adult,SCMS from RDC,"Efavirenz 600mg, tablets, 30 Tabs",Efavirenz,Generic,600mg,Tablet,30,"16,033",260536.25,16.25,0.54,"Aurobindo Unit III, India",TRUE,536,"$3,807.29 ",
"12,630",111-MZ-T01,Pre-PQ Process,SO-380,DN-88,Mozambique,PMO - US,From RDC,N/A - From RDC,Air,Pre-PQ Process,N/A - From RDC,04-May-07,04-May-07,04-May-07,ARV,Pediatric,SCMS from RDC,"Efavirenz 50mg [Stocrin/Sustiva], capsule, 30 Caps",Efavirenz,Stocrin/Sustiva,50mg,Capsule,30,"3,756",12845.52,3.42,0.11,"MSD Manati, Puerto Rico, (USA)",TRUE,Weight Captured Separately,$679.60 ,
"59,919",116-ZA-T30,FPQ-13214,SCMS-215410,ASN-23875,South Africa,PMO - US,Direct Drop,DDP,Truck,11/14/2013,12-02-13,13-Jan-14,13-Jan-14,13-Jan-14,ARV,Adult,S. BUYS WHOLESALER,"Stavudine 30mg, capsules, 60 Caps",Stavudine,Generic,30mg,Capsule,60,44,163.95,3.73,0.06,"Aurobindo Unit III, India",FALSE,Weight Captured Separately,Freight Included in Commodity Cost,0.17
"12,632",110-ZM-T01,Pre-PQ Process,SO-309,DN-98,Zambia,PMO - US,From RDC,N/A - From RDC,,Pre-PQ Process,N/A - From RDC,27-Apr-07,27-Apr-07,27-Apr-07,ARV,Adult,SCMS from RDC,"Nevirapine 200mg, tablets, 60 Tabs",Nevirapine,Generic,200mg,Tablet,60,"43,470",155187.90,3.57,0.06,"Ranbaxy, Paonta Shahib, India",TRUE,4398,"$18,137.64 ",
"12,633",110-ZM-T01,Pre-PQ Process,SO-478,DN-99,Zambia,PMO - US,From RDC,N/A - From RDC,,Pre-PQ Process,N/A - From RDC,26-Apr-07,26-Apr-07,26-Apr-07,ARV,Pediatric,SCMS from RDC,"Efavirenz 50mg [Stocrin/Sustiva], capsule, 30 Caps",Efavirenz,Stocrin/Sustiva,50mg,Capsule,30,"1,030",3574.10,3.47,0.12,"MSD Manati, Puerto Rico, (USA)",TRUE,48,$574.56 ,
"12,635",110-ZM-T01,Pre-PQ Process,SO-205,DN-120,Zambia,PMO - US,From RDC,N/A - From RDC,,Pre-PQ Process,N/A - From RDC,16-May-07,16-May-07,16-May-07,ARV,Adult,SCMS from RDC,"Tenofovir Disoproxil Fumarate 300mg [Viread], tablets, 30 Tabs",Tenofovir Disoproxil Fumarate,Viread,300mg,Tablet,30,"4,165",70805.00,17,0.57,Gilead(Nycomed) Oranienburg DE,TRUE,265,"$1,483.30 ",
"12,637",107-RW-T01,Pre-PQ Process,SO-490,DN-110,Rwanda,PMO - US,From RDC,N/A - From RDC,Air,Pre-PQ Process,N/A - From RDC,19-Apr-07,19-Apr-07,19-Apr-07,ARV,Adult,SCMS from RDC,"Lamivudine/Zidovudine 150/300mg, tablets, 60 Tabs",Lamivudine/Zidovudine,Generic,150/300mg,Tablet - FDC,60,"38,463",383860.74,9.98,0.17,"Cipla, Goa, India",TRUE,3450,"$20,896.50 ",
"59,970",101-ZA-T30,FPQ-12932,SCMS-206101,ASN-24548,South Africa,PMO - US,Direct Drop,DDP,Truck,09-07-13,11/28/2013,05-Feb-14,05-Feb-14,17-Feb-14,ARV,Adult,PHARMACY DIRECT,"Efavirenz/Emtricitabine/Tenofovir Disoproxil Fumarate 600/200/300mg, tablets, 30 Tabs",Efavirenz/Emtricitabine/Tenofovir Disoproxil Fumarate,Generic,600/200/300mg,Tablet - FDC,30,"5,409",206791.05,38.23,1.27,"Aurobindo Unit VII, IN",TRUE,Weight Captured Separately,Freight Included in Commodity Cost,255.8
"12,639",102-NG-T01,Pre-PQ Process,SO-474,DN-138,Nigeria,PMO - US,From RDC,N/A - From RDC,,Pre-PQ Process,N/A - From RDC,24-May-07,24-May-07,24-May-07,HRDT,HIV test,SCMS from RDC,"HIV 1/2, Stat-Pak HIV, Kit, 20 Tests","HIV 1/2, Stat-Pak HIV, Kit",Stat-Pak,,Test kit,20,"6,000",162000.00,27,1.35,Chembio Diagnostics Sys. Inc.,TRUE,1833,"$9,666 ",
"12,641",110-ZM-T01,Pre-PQ Process,SO-374,DN-56,Zambia,PMO - US,From RDC,N/A - From RDC,,Pre-PQ Process,N/A - From RDC,26-Mar-07,26-Mar-07,26-Mar-07,ARV,Adult,SCMS from RDC,"Lamivudine 150mg, tablets, 60 Tabs",Lamivudine,Generic,150mg,Tablet,60,"3,334",11035.54,3.31,0.06,"Ranbaxy, Paonta Shahib, India",TRUE,179,"$1,170.16 ",
"12,644",109-TZ-T01,Pre-PQ Process,SO-395,DN-66,Tanzania,PMO - US,From RDC,N/A - From RDC,Air,Pre-PQ Process,N/A - From RDC,13-Apr-07,13-Apr-07,13-Apr-07,HRDT,HIV test,SCMS from RDC,"HIV 1/2, Uni-Gold HIV Kit, 20 Tests","HIV 1/2, Uni-Gold HIV Kit",Uni-Gold,,Test kit,20,100,3200.00,32,1.6,"Trinity Biotech, Plc",TRUE,66,"$1,004.60 ",
"12,646",111-MZ-T01,Pre-PQ Process,SO-260,DN-68,Mozambique,PMO - US,From RDC,N/A - From RDC,Air,Pre-PQ Process,N/A - From RDC,04-May-07,04-May-07,04-May-07,ARV,Adult,SCMS from RDC,"Nelfinavir (as mesilate) 250mg [Viracept], tablets, 270 Tabs",Nelfinavir (as mesilate),Viracept,250mg,Tablet,270,"2,579",205288.40,79.6,0.29,Roche Madrid,TRUE,663,"$1,824.11 ",
"12,648",100-CI-T01,Pre-PQ Process,SO-433,DN-77,Côte d'Ivoire,PMO - US,From RDC,N/A - From RDC,,Pre-PQ Process,N/A - From RDC,30-Apr-07,30-Apr-07,30-Apr-07,ARV,Adult,SCMS from RDC,"Efavirenz 600mg, tablets, 30 Tabs",Efavirenz,Generic,600mg,Tablet,30,"8,148",132405.00,16.25,0.54,"Aurobindo Unit III, India",TRUE,743,"$2,660 ",
"12,649",100-CI-T01,Pre-PQ Process,SO-432,DN-82,Côte d'Ivoire,PMO - US,From RDC,N/A - From RDC,,Pre-PQ Process,N/A - From RDC,30-Apr-07,30-Apr-07,30-Apr-07,ARV,Adult,SCMS from RDC,"Lamivudine/Nevirapine/Stavudine 150/200/30mg, tablets, 60 Tabs",Lamivudine/Nevirapine/Stavudine,Generic,150/200/30mg,Tablet - FDC,60,"9,000",67500.00,7.5,0.12,"Cipla, Goa, India",TRUE,974,"$3,166 ",
"59,994",116-ZA-T30,FPQ-13214,SCMS-215410,ASN-23875,South Africa,PMO - US,Direct Drop,DDP,Truck,11/14/2013,12-02-13,13-Jan-14,13-Jan-14,13-Jan-14,ARV,Adult,S. BUYS WHOLESALER,"Abacavir 300mg, tablets, 60 Tabs",Abacavir,Generic,300mg,Tablet,60,268,18310.96,68.32,1.14,"Aurobindo Unit III, India",FALSE,Weight Captured Separately,Freight Included in Commodity Cost,18.82
"60,026",116-ZA-T30,FPQ-5381,SCMS-69590,ASN-6724,South Africa,PMO - US,Direct Drop,DDP,Truck,3/23/2010,3/25/2010,01-Apr-10,01-Apr-10,01-Apr-10,ARV,Adult,S. BUYS WHOLESALER,"Zidovudine 300mg [Retrovir], tablets, 60 Tabs",Zidovudine,Retrovir,300mg,Tablet,60,200,3058.27,15.29,0.25,GSK Ware (UK),FALSE,Weight Captured Separately,Freight Included in Commodity Cost,6.59
"12,658",111-MZ-T01,Pre-PQ Process,SO-671,DN-189,Mozambique,PMO - US,From RDC,N/A - From RDC,Air,Pre-PQ Process,N/A - From RDC,20-Jun-07,20-Jun-07,20-Jun-07,ARV,Adult,SCMS from RDC,"Lamivudine/Nevirapine/Stavudine 150/200/30mg, tablets, 60 Tabs",Lamivudine/Nevirapine/Stavudine,Generic,150/200/30mg,Tablet - FDC,60,"62,000",458800.00,7.4,0.12,"Cipla, Goa, India",TRUE,5778,"$20,299 ",734.08
"12,659",104-CI-T01,Pre-PQ Process,SO-518,DN-149,Côte d'Ivoire,PMO - US,From RDC,N/A - From RDC,,Pre-PQ Process,N/A - From RDC,18-May-07,18-May-07,18-May-07,HRDT,HIV test,SCMS from RDC,"#108853** HIV, Genie II HIV-1/HIV-2 Kit, 40 Tests","HIV, Genie II HIV-1/HIV-2 Kit",Genie,,Test kit,40,160,12160.00,76,1.9,Bio-Rad Laboratories,TRUE,173,"$1,754 ",
"12,661",104-CI-T01,Pre-PQ Process,SO-640,DN-173,Côte d'Ivoire,PMO - US,From RDC,N/A - From RDC,,Pre-PQ Process,N/A - From RDC,21-Jun-07,21-Jun-07,21-Jun-07,ARV,Adult,SCMS from RDC,"Lamivudine/Zidovudine 150/300mg, tablets, 60 Tabs",Lamivudine/Zidovudine,Generic,150/300mg,Tablet - FDC,60,"35,074",374590.32,10.68,0.18,"Aurobindo Unit III, India",TRUE,3116,"$1,478 ",
"12,662",104-CI-T01,Pre-PQ Process,SO-641,DN-174,Côte d'Ivoire,PMO - US,From RDC,N/A - From RDC,,Pre-PQ Process,N/A - From RDC,08-Jun-07,08-Jun-07,08-Jun-07,ARV,Adult,SCMS from RDC,"Tenofovir Disoproxil Fumarate 300mg [Viread], tablets, 30 Tabs",Tenofovir Disoproxil Fumarate,Viread,300mg,Tablet,30,621,10557.00,17,0.57,Gilead(Nycomed) Oranienburg DE,TRUE,40,"$1,388 ",
"12,663",109-TZ-T01,Pre-PQ Process,SO-758,DN-234,Tanzania,PMO - US,From RDC,N/A - From RDC,Air,Pre-PQ Process,N/A - From RDC,13-Jul-07,13-Jul-07,13-Jul-07,HRDT,HIV test,SCMS from RDC,"HIV 1/2, Capillus HIV Kit, 100 Tests","HIV 1/2, Capillus HIV Kit",Capillus,,Test kit,100,"2,000",278000.00,139,1.39,"Trinity Biotech, Plc",TRUE,1415,"$4,458 ",444.8
"60,105",116-ZA-T30,FPQ-14942,SCMS-259075,ASN-32138,South Africa,PMO - US,Direct Drop,DDP,Truck,09-11-14,05-11-15,12-May-15,12-May-15,12-May-15,ARV,Adult,PHARMACY DIRECT,"Emtricitabine/Tenofovir Disoproxil Fumarate 200/300mg, tablets, 30 Tabs",Emtricitabine/Tenofovir Disoproxil Fumarate,Generic,200/300mg,Tablet - FDC,30,3,65.49,21.83,0.73,"Aurobindo Unit III, India",FALSE,Weight Captured Separately,Freight Included in Commodity Cost,0.07
"12,665",107-RW-T01,Pre-PQ Process,SO-489,DN-248,Rwanda,PMO - US,From RDC,N/A - From RDC,Air,Pre-PQ Process,N/A - From RDC,26-Jul-07,26-Jul-07,26-Jul-07,ARV,Pediatric,SCMS from RDC,"Lopinavir/Ritonavir 80/20mg/ml [Kaletra], oral solution, cool, Bottle 5 x 60 ml",Lopinavir/Ritonavir,Kaletra,80/20mg/ml,Oral solution,300,50,2055.00,41.1,0.14,ABBVIE (Abbott) Logis. UK,TRUE,50,$661.06 ,3.29
"12,666",104-CI-T01,Pre-PQ Process,SO-733,DN-267,Côte d'Ivoire,PMO - US,From RDC,N/A - From RDC,,Pre-PQ Process,N/A - From RDC,03-Aug-07,03-Aug-07,03-Aug-07,ARV,Adult,SCMS from RDC,"Lopinavir/Ritonavir 200/50mg [Aluvia], tablets, 120 Tabs",Lopinavir/Ritonavir,Aluvia,200/50mg,Tablet,120,"3,090",127122.60,41.14,0.34,ABBVIE Ludwigshafen Germany,TRUE,650,"$2,457 ",203.4
"60,299",116-ZA-T30,FPQ-14942,SCMS-259074,ASN-31070,South Africa,PMO - US,Direct Drop,DDP,Truck,09-11-14,03-09-15,09-Mar-15,09-Mar-15,09-Mar-15,ARV,Pediatric,PHARMACY DIRECT,"Efavirenz 50mg, capsule, 30 Caps",Efavirenz,Generic,50mg,Capsule,30,6,13.03,2.17,0.07,"Aurobindo Unit III, India",FALSE,Weight Captured Separately,Freight Included in Commodity Cost,0.01
"12,669",104-CI-T01,Pre-PQ Process,SO-410,DN-219,Côte d'Ivoire,PMO - US,From RDC,N/A - From RDC,,Pre-PQ Process,N/A - From RDC,10-Jul-07,10-Jul-07,10-Jul-07,HRDT,HIV test - Ancillary,SCMS from RDC,"HIV, Pepti-LAV 1|2 (HIV-1|2 Ab differenciation, Immuno-Blot)","HIV, Pepti-LAV 1|2 (HIV-1|2 Ab differenciation, Immuno-Blot)",Pepti-LAV,,Test kit - Ancillary,1,2,477.30,238.65,238.65,Bio-Rad Laboratories,TRUE,6,"$1,356 ",0.76
"60,375",116-ZA-T30,FPQ-13035,SCMS-215370,ASN-24415,South Africa,PMO - US,Direct Drop,DDP,Truck,10-08-13,12-02-13,06-Feb-14,06-Feb-14,06-Feb-14,ARV,Pediatric,S. BUYS WHOLESALER,"Efavirenz 50mg, capsule, 30 Caps",Efavirenz,Generic,50mg,Capsule,30,387,1089.02,2.81,0.09,"Aurobindo Unit III, India",FALSE,Weight Captured Separately,Freight Included in Commodity Cost,1.35
"12,671",104-CI-T01,Pre-PQ Process,SO-815,DN-262,Côte d'Ivoire,PMO - US,From RDC,N/A - From RDC,,Pre-PQ Process,N/A - From RDC,03-Aug-07,03-Aug-07,03-Aug-07,ARV,Adult,SCMS from RDC,"Lamivudine 150mg, tablets, 60 Tabs",Lamivudine,Generic,150mg,Tablet,60,"22,047",67022.88,3.04,0.05,"Ranbaxy, Paonta Shahib, India",TRUE,1057,"$3,348 ",107.24
"12,672",107-RW-T01,Pre-PQ Process,SO-824,DN-266,Rwanda,PMO - US,From RDC,N/A - From RDC,Air,Pre-PQ Process,N/A - From RDC,02-Aug-07,02-Aug-07,02-Aug-07,HRDT,HIV test,SCMS from RDC,"HIV 1/2/O, First Response HIV 1-2.0, v.3.0 Cards Kit, 30 Tests","HIV 1/2/O, First Response HIV 1-2.0, v.3.0 Cards Kit",First Response,,Test kit,30,"2,034",33561.00,16.5,0.55,Premier Med. Corp Ltd. India,TRUE,768,"$4,465.10 ",53.7
"60,391",161-ZA-T30,FPQ-6262,SCMS-83770,ASN-9939,South Africa,PMO - US,Direct Drop,DDP,Ocean,8/31/2010,9/24/2010,26-Apr-11,26-Apr-11,26-Apr-11,ARV,Adult,Aurobindo Pharma Limited,"Efavirenz 600mg, tablets, 30 Tabs",Efavirenz,Generic,600mg,Tablet,30,"25,692",116384.76,4.53,0.15,"Aurobindo Unit III, India",TRUE,Weight Captured Separately,Freight Included in Commodity Cost,250.93
"60,439",116-ZA-T30,FPQ-3596,SCMS-50370,ASN-5460,South Africa,PMO - US,Direct Drop,DDP,Truck,05-07-09,9/22/2009,29-Oct-09,29-Oct-09,29-Oct-09,ARV,Adult,S. BUYS WHOLESALER,"Zidovudine 300mg, tablets, 60 Tabs",Zidovudine,Generic,300mg,Tablet,60,770,20108.36,26.11,0.44,"Aurobindo Unit III, India",FALSE,Weight Captured Separately,Freight Included in Commodity Cost,39.41
"12,676",104-CI-T01,Pre-PQ Process,SO-543,DN-227,Côte d'Ivoire,PMO - US,From RDC,N/A - From RDC,,Pre-PQ Process,N/A - From RDC,18-Jul-07,18-Jul-07,18-Jul-07,HRDT,HIV test,SCMS from RDC,"HIV 1/2, Bioline 3.0 Kit, (no accessories), 30 Tests","HIV 1/2, Bioline 3.0 Kit (no accessories)",Bioline,,Test kit,30,167,3340.00,20,0.67,"Standard Diagnostics, Korea",TRUE,67,"$1,439 ",5.34
"60,573",116-ZA-T30,FPQ-12522,SCMS-199283,ASN-27980,South Africa,PMO - US,Direct Drop,DDP,Truck,07-11-13,8/27/2014,27-Aug-14,27-Aug-14,27-Aug-14,ARV,Pediatric,S. BUYS WHOLESALER,"Efavirenz 50mg, capsule, 30 Caps",Efavirenz,Generic,50mg,Capsule,30,16,53.06,3.32,0.11,"Aurobindo Unit III, India",FALSE,Weight Captured Separately,Freight Included in Commodity Cost,0.07
"60,816",116-ZA-T30,FPQ-14942,SCMS-259075,ASN-32138,South Africa,PMO - US,Direct Drop,DDP,Truck,09-11-14,05-11-15,12-May-15,12-May-15,12-May-15,ARV,Adult,PHARMACY DIRECT,"Darunavir 600mg [Prezista], tablets, 60 Tabs",Darunavir,Prezista,600mg,Tablet,60,3,141.39,47.13,0.79,"Janssen-Cilag, Latina, IT",FALSE,Weight Captured Separately,Freight Included in Commodity Cost,0.15
"60,866",116-ZA-T30,FPQ-14942,SCMS-295800,ASN-33864,South Africa,PMO - US,Direct Drop,DDP,Truck,09-11-14,8/24/2015,24-Aug-15,24-Aug-15,24-Aug-15,ARV,Adult,PHARMACY DIRECT,"Etravirine 100mg [Intelence], tablets, 120 Tabs",Etravirine,Intelence,100mg,Tablet,120,18,495.23,27.51,0.23,"Janssen-Cilag, Latina, IT",FALSE,Weight Captured Separately,Freight Included in Commodity Cost,0.51
"60,964",116-ZA-T30,FPQ-4770,SCMS-60171,ASN-5931,South Africa,PMO - US,Direct Drop,DDP,Truck,12/17/2009,12/23/2009,12-Jan-10,12-Jan-10,12-Jan-10,ARV,Pediatric,S. BUYS WHOLESALER,"Nevirapine 10mg/ml [Viramune], oral suspension, Bottle, 240 ml",Nevirapine,Viramune,10mg/ml,Oral suspension,240,40,625.57,15.64,0.07,Boehringer Ingelheim Roxane US,TRUE,Weight Captured Separately,Freight Included in Commodity Cost,1.35
"60,978",161-ZA-T30,FPQ-6708,SCMS-93530,ASN-9936,South Africa,PMO - US,Direct Drop,DDP,Ocean,11/26/2010,12/14/2010,07-Apr-11,07-Apr-11,07-Apr-11,ARV,Adult,Aurobindo Pharma Limited,"Tenofovir Disoproxil Fumarate 300mg, tablets, 30 Tabs",Tenofovir Disoproxil Fumarate,Generic,300mg,Tablet,30,"76,615",509489.75,6.65,0.22,"Aurobindo Unit III, India",TRUE,Weight Captured Separately,Freight Included in Commodity Cost,840.66
"61,105",111-MZ-T30,FPQ-15221,SCMS-270130,ASN-31861,Mozambique,PMO - US,Direct Drop,CIP,Air,10/28/2014,12/19/2014,06-May-15,06-May-15,16-Jul-15,ARV,Adult,JANSSEN SCIENCES IRELAND UC (FORMERLY JANSSEN R&D IRELAND),"Darunavir 600mg [Prezista], tablets, 60 Tabs",Darunavir,Prezista,600mg,Tablet,60,100,5400.00,54,0.9,"Janssen-Cilag, Latina, IT",TRUE,Weight Captured Separately,Freight Included in Commodity Cost,6.36
"61,186",116-ZA-T30,FPQ-14942,SCMS-259079,ASN-33852,South Africa,PMO - US,Direct Drop,DDP,Truck,09-11-14,10-09-14,24-Aug-15,24-Aug-15,24-Aug-15,ARV,Adult,PHARMACY DIRECT,"Emtricitabine/Tenofovir Disoproxil Fumarate 200/300mg, tablets, 30 Tabs",Emtricitabine/Tenofovir Disoproxil Fumarate,Generic,200/300mg,Tablet - FDC,30,10,234.38,23.44,0.78,"Aurobindo Unit III, India",FALSE,Weight Captured Separately,Freight Included in Commodity Cost,0.24
"12,690",100-ZW-T01,Pre-PQ Process,SO-898,DN-357,Zimbabwe,PMO - US,From RDC,N/A - From RDC,Truck,Pre-PQ Process,N/A - From RDC,18-Sep-07,18-Sep-07,18-Sep-07,ARV,Adult,SCMS from RDC,"Lamivudine/Zidovudine 150/300mg, tablets, 60 Tabs",Lamivudine/Zidovudine,Generic,150/300mg,Tablet - FDC,60,"1,560",14820.00,9.5,0.16,"Aurobindo Unit III, India",TRUE,90,"$1,106 ",23.71
"61,274",116-ZA-T30,FPQ-14942,SCMS-259075,ASN-32138,South Africa,PMO - US,Direct Drop,DDP,Truck,09-11-14,05-11-15,12-May-15,12-May-15,12-May-15,ARV,Adult,PHARMACY DIRECT,"Zidovudine 300mg, tablets, 60 Tabs",Zidovudine,Generic,300mg,Tablet,60,3,54.10,18.03,0.3,"Aurobindo Unit III, India",FALSE,Weight Captured Separately,Freight Included in Commodity Cost,0.06
"12,694",114-UG-T01,Pre-PQ Process,SO-1081,DN-363,Uganda,PMO - US,From RDC,N/A - From RDC,,Pre-PQ Process,N/A - From RDC,16-Oct-07,16-Oct-07,16-Oct-07,ARV,Adult,SCMS from RDC,"Lamivudine/Zidovudine 150/300mg, tablets, 60 Tabs",Lamivudine/Zidovudine,Generic,150/300mg,Tablet - FDC,60,"1,350",12825.00,9.5,0.16,"Aurobindo Unit III, India",TRUE,80,$739 ,20.52
"61,354",116-ZA-T30,FPQ-14942,SCMS-259078,ASN-33470,South Africa,PMO - US,Direct Drop,DDP,Truck,09-11-14,10-09-14,24-Jul-15,24-Jul-15,24-Jul-15,ARV,Adult,PHARMACY DIRECT,"Tenofovir Disoproxil Fumarate 300mg, tablets, 30 Tabs",Tenofovir Disoproxil Fumarate,Generic,300mg,Tablet,30,38,564.39,14.85,0.5,Mylan (formerly Matrix) Nashik,FALSE,Weight Captured Separately,Freight Included in Commodity Cost,0.58
"61,417",116-ZA-T30,FPQ-14942,SCMS-259072,ASN-30377,South Africa,PMO - US,Direct Drop,DDP,Truck,09-11-14,1/26/2015,26-Jan-15,26-Jan-15,26-Jan-15,ARV,Adult,PHARMACY DIRECT,"Didanosine 250mg, delayed-release capsules, 30 Caps",Didanosine,Generic,250mg,Delayed-release capsules,30,6,66.10,11.02,0.37,"Aurobindo Unit III, India",FALSE,Weight Captured Separately,Freight Included in Commodity Cost,0.07
"61,473",116-ZA-T30,FPQ-14942,SCMS-259077,ASN-33477,South Africa,PMO - US,Direct Drop,DDP,Truck,09-11-14,10-09-14,24-Jul-15,24-Jul-15,24-Jul-15,ARV,Adult,PHARMACY DIRECT,"Lamivudine/Zidovudine 150/300mg, tablets, 60 Tabs",Lamivudine/Zidovudine,Generic,150/300mg,Tablet - FDC,60,13,293.03,22.54,0.38,"Aurobindo Unit III, India",FALSE,Weight Captured Separately,Freight Included in Commodity Cost,0.3
"12,714",110-ZM-T01,Pre-PQ Process,SO-626,DN-329,Zambia,PMO - US,From RDC,N/A - From RDC,,Pre-PQ Process,N/A - From RDC,31-Aug-07,31-Aug-07,31-Aug-07,ARV,Adult,SCMS from RDC,"Lopinavir/Ritonavir 200/50mg [Aluvia], tablets, 120 Tabs",Lopinavir/Ritonavir,Aluvia,200/50mg,Tablet,120,"4,078",167605.80,41.1,0.34,ABBVIE Ludwigshafen Germany,TRUE,885,"$4,119.60 ",268.17
"61,658",116-ZA-T30,FPQ-15269,SCMS-267020,ASN-29764,South Africa,PMO - US,Direct Drop,DDP,Truck,10/29/2014,12-10-14,10-Dec-14,10-Dec-14,10-Dec-14,ARV,Adult,S. BUYS WHOLESALER,"Emtricitabine/Tenofovir Disoproxil Fumarate 200/300mg, tablets, 30 Tabs",Emtricitabine/Tenofovir Disoproxil Fumarate,Generic,200/300mg,Tablet - FDC,30,2,53.51,26.76,0.89,"Aurobindo Unit III, India",FALSE,Weight Captured Separately,Freight Included in Commodity Cost,0.06
"12,716",110-ZM-T01,Pre-PQ Process,SO-977,DN-396,Zambia,PMO - US,From RDC,N/A - From RDC,,Pre-PQ Process,N/A - From RDC,12-Nov-07,12-Nov-07,12-Nov-07,ARV,Pediatric,SCMS from RDC,"Nevirapine 10mg/ml, oral suspension, Bottle, 240 ml",Nevirapine,Generic,10mg/ml,Oral suspension,240,"10,996",68175.20,6.2,0.03,"Aurobindo Unit III, India",TRUE,3967,"$13,094.92 ",109.08
"12,718",106-HT-T01,Pre-PQ Process,SO-1099,DN-372,Haiti,PMO - US,From RDC,N/A - From RDC,,Pre-PQ Process,N/A - From RDC,06-Oct-07,06-Oct-07,06-Oct-07,HRDT,HIV test,SCMS from RDC,"HIV 1/2, Determine Complete HIV Kit, 100 Tests","HIV 1/2, Determine Complete HIV Kit",Determine,,Test kit,100,600,43200.00,72,0.72,ABBVIE GmbH & Co.KG Wiesbaden,TRUE,137,"$1,732.74 ",69.12
"61,694",116-ZA-T30,FPQ-13973,SCMS-238551,ASN-26882,South Africa,PMO - US,Direct Drop,DDP,Truck,4/30/2014,6/25/2014,25-Jun-14,25-Jun-14,25-Jun-14,ARV,Pediatric,PHARMACY DIRECT,"Lamivudine 10mg/ml, oral solution, Bottle, 240 ml",Lamivudine,Generic,10mg/ml,Oral solution,240,6,42.91,7.15,0.03,"Aurobindo Unit III, India",FALSE,Weight Captured Separately,Freight Included in Commodity Cost,0.04
"61,697",116-ZA-T30,FPQ-14942,SCMS-259076,ASN-32524,South Africa,PMO - US,Direct Drop,DDP,Truck,09-11-14,06-02-15,02-Jun-15,02-Jun-15,02-Jun-15,ARV,Adult,PHARMACY DIRECT,"Zidovudine 300mg, tablets, 60 Tabs",Zidovudine,Generic,300mg,Tablet,60,7,126.22,18.03,0.3,"Aurobindo Unit III, India",FALSE,Weight Captured Separately,Freight Included in Commodity Cost,0.13
"61,779",111-MZ-T30,FPQ-13774,SCMS-229670,ASN-25566,Mozambique,PMO - US,Direct Drop,EXW,Air,2/21/2014,2/28/2014,02-May-14,02-May-14,02-May-14,HRDT,HIV test - Ancillary,"Orgenics, Ltd","Chase Buffer, Determine, 100 Tests, 2.5ml x 1 Vial","Chase Buffer, Determine, 100 Tests, 2.5ml x 1 Vial",Determine,,Test kit - Ancillary,1,229,1145.00,5,5,"Alere Medical Co., Ltd.",FALSE,Weight Captured Separately,Freight Included in Commodity Cost,1.18
"61,811",116-ZA-T30,FPQ-12522,SCMS-199289,ASN-28037,South Africa,PMO - US,Direct Drop,DDP,Truck,07-11-13,8/29/2014,29-Aug-14,29-Aug-14,29-Aug-14,ARV,Adult,S. BUYS WHOLESALER,"Emtricitabine/Tenofovir Disoproxil Fumarate 200/300mg, tablets, 30 Tabs",Emtricitabine/Tenofovir Disoproxil Fumarate,Generic,200/300mg,Tablet - FDC,30,228,7598.95,33.33,1.11,"Aurobindo Unit III, India",FALSE,Weight Captured Separately,Freight Included in Commodity Cost,9.4
"62,158",116-ZA-T30,FPQ-14942,SCMS-259075,ASN-32122,South Africa,PMO - US,Direct Drop,DDP,Truck,09-11-14,05-11-15,12-May-15,12-May-15,12-May-15,ARV,Adult,PHARMACY DIRECT,"Efavirenz 600mg, tablets, 30 Tabs",Efavirenz,Generic,600mg,Tablet,30,34,383.14,11.27,0.38,"Aurobindo Unit III, India",FALSE,Weight Captured Separately,Freight Included in Commodity Cost,0.39
"62,164",116-ZA-T30,FPQ-4359,SCMS-54980,ASN-5372,South Africa,PMO - US,Direct Drop,DDP,Truck,10-08-09,10/15/2009,21-Oct-09,21-Oct-09,21-Oct-09,ARV,Adult,S. BUYS WHOLESALER,"Zidovudine 300mg [Retrovir], tablets, 60 Tabs",Zidovudine,Retrovir,300mg,Tablet,60,300,4826.37,16.09,0.27,GSK Ware (UK),FALSE,Weight Captured Separately,Freight Included in Commodity Cost,9.46
"62,168",116-ZA-T30,FPQ-14942,SCMS-259075,ASN-32138,South Africa,PMO - US,Direct Drop,DDP,Truck,09-11-14,05-11-15,12-May-15,12-May-15,12-May-15,ARV,Adult,PHARMACY DIRECT,"Tenofovir Disoproxil Fumarate 300mg, tablets, 30 Tabs",Tenofovir Disoproxil Fumarate,Generic,300mg,Tablet,30,3,41.45,13.82,0.46,Mylan (formerly Matrix) Nashik,FALSE,Weight Captured Separately,Freight Included in Commodity Cost,0.04
"62,227",116-ZA-T30,FPQ-11828,SCMS-183950,ASN-19166,South Africa,South Africa Field Office,Direct Drop,DDP,Truck,3/18/2013,Date Not Captured,16-Apr-13,16-Apr-13,16-Apr-13,ARV,Pediatric,S. BUYS WHOLESALER,"Efavirenz 200mg, capsule, 90 Caps",Efavirenz,Generic,200mg,Capsule,90,51,1217.19,23.87,0.27,"Aurobindo Unit III, India",FALSE,Weight Captured Separately,Freight Included in Commodity Cost,1.51
"62,256",116-ZA-T30,FPQ-14942,SCMS-259079,ASN-33851,South Africa,PMO - US,Direct Drop,DDP,Truck,09-11-14,10-09-14,24-Aug-15,24-Aug-15,24-Aug-15,ARV,Adult,PHARMACY DIRECT,"Didanosine 400mg, delayed-release capsules, 30 Caps",Didanosine,Generic,400mg,Delayed-release capsules,30,9,137.45,15.27,0.51,"Aurobindo Unit III, India",FALSE,Weight Captured Separately,Freight Included in Commodity Cost,0.14
"12,740",110-ZM-T01,Pre-PQ Process,SO-1078,DN-438,Zambia,PMO - US,From RDC,N/A - From RDC,,Pre-PQ Process,N/A - From RDC,21-Nov-07,21-Nov-07,21-Nov-07,ARV,Adult,SCMS from RDC,"Lamivudine/Nevirapine/Stavudine 150/200/30mg, tablets, 60 Tabs",Lamivudine/Nevirapine/Stavudine,Generic,150/200/30mg,Tablet - FDC,60,"18,974",140407.60,7.4,0.12,"Cipla, Goa, India",TRUE,1928,"$7,194.30 ",224.65
"62,370",116-ZA-T30,FPQ-12522,SCMS-199289,ASN-28036,South Africa,PMO - US,Direct Drop,DDP,Truck,07-11-13,8/29/2014,29-Aug-14,29-Aug-14,29-Aug-14,ARV,Adult,S. BUYS WHOLESALER,"Didanosine 250mg, delayed-release capsules, 30 Caps",Didanosine,Generic,250mg,Delayed-release capsules,30,11,185.01,16.82,0.56,"Aurobindo Unit III, India",FALSE,Weight Captured Separately,Freight Included in Commodity Cost,0.23
"62,390",116-ZA-T30,FPQ-11828,SCMS-183950,ASN-19166,South Africa,South Africa Field Office,Direct Drop,DDP,Truck,3/18/2013,Date Not Captured,16-Apr-13,16-Apr-13,16-Apr-13,ARV,Adult,S. BUYS WHOLESALER,"Lamivudine 150mg [Epivir], tablets, 60 Tabs",Lamivudine,Epivir,150mg,Tablet,60,869,5923.93,6.82,0.11,GSK Ware (UK),FALSE,Weight Captured Separately,Freight Included in Commodity Cost,7.33
"62,421",116-ZA-T30,FPQ-15269,SCMS-267020,ASN-29764,South Africa,PMO - US,Direct Drop,DDP,Truck,10/29/2014,12-10-14,10-Dec-14,10-Dec-14,10-Dec-14,ARV,Adult,S. BUYS WHOLESALER,"Efavirenz 600mg, tablets, 30 Tabs",Efavirenz,Generic,600mg,Tablet,30,912,12596.09,13.81,0.46,"Aurobindo Unit III, India",FALSE,Weight Captured Separately,Freight Included in Commodity Cost,14.83
"12,749",104-CI-T01,Pre-PQ Process,SO-1297,DN-449,Côte d'Ivoire,PMO - US,From RDC,N/A - From RDC,Air,Pre-PQ Process,N/A - From RDC,18-Dec-07,18-Dec-07,18-Dec-07,ARV,Adult,SCMS from RDC,"Lopinavir/Ritonavir 200/50mg [Aluvia], tablets, 120 Tabs",Lopinavir/Ritonavir,Aluvia,200/50mg,Tablet,120,403,16563.30,41.1,0.34,ABBVIE Ludwigshafen Germany,TRUE,88,"$1,603.44 ",26.5
"62,549",116-ZA-T30,FPQ-14942,SCMS-259076,ASN-32524,South Africa,PMO - US,Direct Drop,DDP,Truck,09-11-14,06-02-15,02-Jun-15,02-Jun-15,02-Jun-15,ARV,Adult,PHARMACY DIRECT,"Lamivudine 150mg, tablets, 60 Tabs",Lamivudine,Generic,150mg,Tablet,60,52,343.51,6.61,0.11,"Aurobindo Unit III, India",FALSE,Weight Captured Separately,Freight Included in Commodity Cost,0.35
"62,594",116-ZA-T30,FPQ-3560,SCMS-49631,ASN-5443,South Africa,PMO - US,Direct Drop,DDP,Truck,05-07-09,7/21/2009,14-Sep-09,14-Sep-09,14-Sep-09,ARV,Adult,S. BUYS WHOLESALER,"Efavirenz 600mg, tablets, 30 Tabs",Efavirenz,Generic,600mg,Tablet,30,1,19.05,19.05,0.64,"Cipla, Goa, India",TRUE,Weight Captured Separately,Freight Included in Commodity Cost,0.04
"12,753",111-MZ-T01,Pre-PQ Process,SO-1040,DN-487,Mozambique,PMO - US,From RDC,N/A - From RDC,Air,Pre-PQ Process,N/A - From RDC,08-Feb-08,08-Feb-08,08-Feb-08,ARV,Adult,SCMS from RDC,"Ritonavir 100mg [Norvir], capsules, cool, 84 Caps",Ritonavir,Norvir,100mg,Capsule,84,210,8055.60,38.36,0.46,ABBVIE (Abbott) Logis. UK,TRUE,63,$740.16 ,12.89
"12,754",104-CI-T01,Pre-PQ Process,SO-1483,DN-501,Côte d'Ivoire,PMO - US,From RDC,N/A - From RDC,Air,Pre-PQ Process,N/A - From RDC,14-Dec-07,14-Dec-07,14-Dec-07,ARV,Adult,SCMS from RDC,"Lamivudine/Nevirapine/Stavudine 150/200/30mg, tablets, 60 Tabs",Lamivudine/Nevirapine/Stavudine,Generic,150/200/30mg,Tablet - FDC,60,"40,000",296000.00,7.4,0.12,"Cipla, Goa, India",TRUE,4026,"$13,325 ",473.6
"12,755",102-NG-T01,Pre-PQ Process,SO-1504,DN-515,Nigeria,PMO - US,From RDC,N/A - From RDC,Air,Pre-PQ Process,N/A - From RDC,09-Jan-08,09-Jan-08,09-Jan-08,HRDT,HIV test,SCMS from RDC,"#108853** HIV, Genie II HIV-1/HIV-2 Kit, 40 Tests","HIV, Genie II HIV-1/HIV-2 Kit",Genie,,Test kit,40,375,28500.00,76,1.9,Bio-Rad Laboratories,TRUE,411,"$3,147 ",45.6
"62,603",116-ZA-T30,FPQ-14942,SCMS-259075,ASN-32121,South Africa,PMO - US,Direct Drop,DDP,Truck,09-11-14,05-11-15,12-May-15,12-May-15,12-May-15,ARV,Adult,PHARMACY DIRECT,"Darunavir 600mg [Prezista], tablets, 60 Tabs",Darunavir,Prezista,600mg,Tablet,60,1,47.13,47.13,0.79,"Janssen-Cilag, Latina, IT",FALSE,Weight Captured Separately,Freight Included in Commodity Cost,0.05
"12,759",117-ET-T01,Pre-PQ Process,SO-1523,DN-520,Ethiopia,PMO - US,From RDC,N/A - From RDC,Air,Pre-PQ Process,N/A - From RDC,20-Dec-07,20-Dec-07,20-Dec-07,ARV,Adult,SCMS from RDC,"Lamivudine/Zidovudine 150/300mg, tablets, 60 Tabs",Lamivudine/Zidovudine,Generic,150/300mg,Tablet - FDC,60,"9,691",92064.50,9.5,0.16,"Aurobindo Unit III, India",TRUE,899,"$6,483 ",147.3
"62,795",116-ZA-T30,FPQ-11828,SCMS-183950,ASN-19166,South Africa,South Africa Field Office,Direct Drop,DDP,Truck,3/18/2013,Date Not Captured,16-Apr-13,16-Apr-13,16-Apr-13,ARV,Pediatric,S. BUYS WHOLESALER,"Efavirenz 200mg, capsule, 90 Caps",Efavirenz,Generic,200mg,Capsule,90,257,7465.87,29.05,0.32,"Aurobindo Unit III, India",FALSE,Weight Captured Separately,Freight Included in Commodity Cost,9.24
"12,761",114-UG-T01,Pre-PQ Process,SO-1820,DN-622,Uganda,PMO - US,From RDC,N/A - From RDC,,Pre-PQ Process,N/A - From RDC,11-Mar-08,11-Mar-08,11-Mar-08,ARV,Adult,SCMS from RDC,"Lamivudine/Nevirapine/Stavudine 150/200/30mg, tablets, 60 Tabs",Lamivudine/Nevirapine/Stavudine,Generic,150/200/30mg,Tablet - FDC,60,"1,860",13764.00,7.4,0.12,"Cipla, Goa, India",TRUE,192,"$1,617.52 ",22.02
"62,808",116-ZA-T30,FPQ-13973,SCMS-238551,ASN-26882,South Africa,PMO - US,Direct Drop,DDP,Truck,4/30/2014,6/25/2014,25-Jun-14,25-Jun-14,25-Jun-14,ARV,Adult,PHARMACY DIRECT,"Lamivudine 150mg, tablets, 60 Tabs",Lamivudine,Generic,150mg,Tablet,60,138,1261.73,9.14,0.15,"Aurobindo Unit III, India",FALSE,Weight Captured Separately,Freight Included in Commodity Cost,1.3
"62,853",116-ZA-T30,FPQ-13035,SCMS-215370,ASN-24415,South Africa,PMO - US,Direct Drop,DDP,Truck,10-08-13,12-02-13,06-Feb-14,06-Feb-14,06-Feb-14,ARV,Adult,S. BUYS WHOLESALER,"Didanosine 250mg, delayed-release capsules, 30 Caps",Didanosine,Generic,250mg,Delayed-release capsules,30,17,242.61,14.27,0.48,"Aurobindo Unit III, India",FALSE,Weight Captured Separately,Freight Included in Commodity Cost,0.3
"62,988",116-ZA-T30,FPQ-13973,SCMS-238550,ASN-30792,South Africa,PMO - US,Direct Drop,DDP,Truck,4/30/2014,05-08-14,19-Feb-15,19-Feb-15,19-Feb-15,ARV,Adult,PHARMACY DIRECT,"Etravirine 100mg [Intelence], tablets, 120 Tabs",Etravirine,Intelence,100mg,Tablet,120,3,106.26,35.42,0.3,"Janssen-Cilag, Latina, IT",FALSE,Weight Captured Separately,Freight Included in Commodity Cost,0.11
"63,047",116-ZA-T30,FPQ-13973,SCMS-238553,ASN-28021,South Africa,PMO - US,Direct Drop,DDP,Truck,4/30/2014,8/28/2014,28-Aug-14,28-Aug-14,28-Aug-14,ARV,Adult,PHARMACY DIRECT,"Zidovudine 300mg, tablets, 60 Tabs",Zidovudine,Generic,300mg,Tablet,60,11,274.50,24.95,0.42,"Aurobindo Unit III, India",FALSE,Weight Captured Separately,Freight Included in Commodity Cost,0.28
"12,770",117-ET-T01,Pre-PQ Process,SO-1542,DN-541,Ethiopia,PMO - US,From RDC,N/A - From RDC,Air,Pre-PQ Process,N/A - From RDC,20-Dec-07,09-Jan-08,09-Jan-08,ARV,Adult,SCMS from RDC,"Lamivudine 150mg, tablets, 60 Tabs",Lamivudine,Generic,150mg,Tablet,60,"29,500",89680.00,3.04,0.05,"Ranbaxy, Paonta Shahib, India",TRUE,1640,"$11,273 ",143.49
"12,771",114-UG-T01,Pre-PQ Process,SO-1299,DN-534,Uganda,PMO - US,From RDC,N/A - From RDC,Air,Pre-PQ Process,N/A - From RDC,15-Feb-08,15-Feb-08,15-Feb-08,ARV,Adult,SCMS from RDC,"Lamivudine/Nevirapine/Stavudine 150/200/30mg, tablets, 60 Tabs",Lamivudine/Nevirapine/Stavudine,Generic,150/200/30mg,Tablet - FDC,60,"6,500",48100.00,7.4,0.12,"Cipla, Goa, India",TRUE,667,"$3,609.20 ",76.96
"63,228",116-ZA-T30,FPQ-13973,SCMS-238550,ASN-30792,South Africa,PMO - US,Direct Drop,DDP,Truck,4/30/2014,05-08-14,19-Feb-15,19-Feb-15,19-Feb-15,ARV,Adult,PHARMACY DIRECT,"Zidovudine 300mg, tablets, 60 Tabs",Zidovudine,Generic,300mg,Tablet,60,3,74.86,24.95,0.42,"Aurobindo Unit III, India",FALSE,Weight Captured Separately,Freight Included in Commodity Cost,0.08
"12,773",104-CI-T01,Pre-PQ Process,SO-1112,DN-582,Côte d'Ivoire,PMO - US,From RDC,N/A - From RDC,Air,Pre-PQ Process,N/A - From RDC,01-Feb-08,01-Feb-08,01-Feb-08,ARV,Pediatric,SCMS from RDC,"Stavudine 1mg/ml, powder for oral solution, 200 ml",Stavudine,Generic,1mg/ml,Oral solution,200,"2,326",3535.52,1.52,0.01,"Aurobindo Unit III, India",TRUE,232,"$1,704.79 ",5.66
"63,308",116-ZA-T30,FPQ-12522,SCMS-199280,ASN-24433,South Africa,PMO - US,Direct Drop,DDP,Truck,07-11-13,8/13/2013,07-Feb-14,07-Feb-14,07-Feb-14,ARV,Pediatric,S. BUYS WHOLESALER,"Efavirenz 50mg, capsule, 30 Caps",Efavirenz,Generic,50mg,Capsule,30,71,235.46,3.32,0.11,"Aurobindo Unit III, India",FALSE,Weight Captured Separately,Freight Included in Commodity Cost,0.29
"63,362",116-ZA-T30,FPQ-14942,SCMS-259073,ASN-30671,South Africa,PMO - US,Direct Drop,DDP,Truck,09-11-14,02-12-15,12-Feb-15,12-Feb-15,12-Feb-15,ARV,Pediatric,PHARMACY DIRECT,"Efavirenz 200mg, capsule, 90 Caps",Efavirenz,Generic,200mg,Capsule,90,21,357.91,17.04,0.19,"Aurobindo Unit III, India",FALSE,Weight Captured Separately,Freight Included in Commodity Cost,0.37
"12,777",106-HT-T01,Pre-PQ Process,SO-2594,DN-802,Haiti,PMO - US,From RDC,N/A - From RDC,Air,Pre-PQ Process,N/A - From RDC,04-Jul-08,04-Jul-08,04-Jul-08,ARV,Adult,SCMS from RDC,"Lamivudine/Zidovudine 150/300mg, tablets, 60 Tabs",Lamivudine/Zidovudine,Generic,150/300mg,Tablet - FDC,60,"14,995",141702.75,9.45,0.16,"Cipla, Goa, India",TRUE,1586,"$17,289 ",226.72
"63,466",116-ZA-T30,FPQ-4359,SCMS-54980,ASN-5372,South Africa,PMO - US,Direct Drop,DDP,Truck,10-08-09,10/15/2009,21-Oct-09,21-Oct-09,21-Oct-09,ARV,Adult,S. BUYS WHOLESALER,"Nevirapine 200mg, tablets, 60 Tabs",Nevirapine,Generic,200mg,Tablet,60,300,6758.47,22.53,0.38,"Cipla, Goa, India",FALSE,Weight Captured Separately,Freight Included in Commodity Cost,13.25
"12,779",104-CI-T01,Pre-PQ Process,SO-1901,DN-735,Côte d'Ivoire,PMO - US,From RDC,N/A - From RDC,Air,Pre-PQ Process,N/A - From RDC,14-May-08,14-May-08,14-May-08,ARV,Adult,SCMS from RDC,"Lamivudine/Nevirapine/Stavudine 150/200/30mg, tablets, 60 Tabs",Lamivudine/Nevirapine/Stavudine,Generic,150/200/30mg,Tablet - FDC,60,"3,847",28467.80,7.4,0.12,"Cipla, Goa, India",TRUE,408,"$1,514.68 ",45.55
"63,468",116-ZA-T30,FPQ-12522,SCMS-199289,ASN-28033,South Africa,PMO - US,Direct Drop,DDP,Truck,07-11-13,8/29/2014,29-Aug-14,29-Aug-14,29-Aug-14,ARV,Adult,S. BUYS WHOLESALER,"Efavirenz 600mg, tablets, 30 Tabs",Efavirenz,Generic,600mg,Tablet,30,632,10473.05,16.57,0.55,Hetero Unit III Hyderabad IN,FALSE,Weight Captured Separately,Freight Included in Commodity Cost,12.96
"63,582",116-ZA-T30,FPQ-12522,SCMS-199289,ASN-28033,South Africa,PMO - US,Direct Drop,DDP,Truck,07-11-13,8/29/2014,29-Aug-14,29-Aug-14,29-Aug-14,ARV,Pediatric,S. BUYS WHOLESALER,"Efavirenz 200mg, capsule, 90 Caps",Efavirenz,Generic,200mg,Capsule,90,60,1561.82,26.03,0.29,"Aurobindo Unit III, India",FALSE,Weight Captured Separately,Freight Included in Commodity Cost,1.93
"63,907",202-GT-T30,FPQ-6944,SCMS-98040,ASN-12152,Guatemala,PMO - US,Direct Drop,DDU,Air,1/17/2011,1/25/2011,12-Sep-11,12-Sep-11,12-Sep-11,ARV,Pediatric,IDIS LIMITED,"Didanosine 25mg [Videx], chewable tablets, 60 Tabs",Didanosine,Videx,25mg,Chewable/dispersible tablet,60,150,6843.00,45.62,0.76,"BMS Meymac, France",FALSE,Weight Captured Separately,Freight Included in Commodity Cost,11.29
"64,351",161-ZA-T30,FPQ-7175,SCMS-103510,ASN-11803,South Africa,PMO - US,Direct Drop,DDP,Ocean,03-10-11,3/24/2011,10-Oct-11,10-Oct-11,10-Oct-11,ARV,Adult,Aurobindo Pharma Limited,"Efavirenz 600mg, tablets, 30 Tabs",Efavirenz,Generic,600mg,Tablet,30,"90,273",407131.23,4.51,0.15,"Aurobindo Unit III, India",TRUE,Weight Captured Separately,Freight Included in Commodity Cost,671.77
"64,371",116-ZA-T30,FPQ-13973,SCMS-238550,ASN-30792,South Africa,PMO - US,Direct Drop,DDP,Truck,4/30/2014,05-08-14,19-Feb-15,19-Feb-15,19-Feb-15,ARV,Adult,PHARMACY DIRECT,"Didanosine 250mg, delayed-release capsules, 30 Caps",Didanosine,Generic,250mg,Delayed-release capsules,30,3,45.74,15.25,0.51,"Aurobindo Unit III, India",FALSE,Weight Captured Separately,Freight Included in Commodity Cost,0.05
"12,784",111-MZ-T01,Pre-PQ Process,SO-2670,DN-768,Mozambique,PMO - US,From RDC,N/A - From RDC,Truck,Pre-PQ Process,N/A - From RDC,18-Jul-08,18-Jul-08,18-Jul-08,ARV,Adult,SCMS from RDC,"Ritonavir 100mg [Norvir], capsules, cool, 84 Caps",Ritonavir,Norvir,100mg,Capsule,84,"1,358",13023.22,9.59,0.11,ABBVIE (Abbott) Logis. UK,TRUE,387,"$2,107.14 ",20.84
"64,405",116-ZA-T30,FPQ-12522,SCMS-199283,ASN-27979,South Africa,PMO - US,Direct Drop,DDP,Truck,07-11-13,8/27/2014,27-Aug-14,27-Aug-14,27-Aug-14,ARV,Adult,S. BUYS WHOLESALER,"Abacavir 300mg, tablets, 60 Tabs",Abacavir,Generic,300mg,Tablet,60,47,3625.90,77.15,1.29,"Aurobindo Unit III, India",FALSE,Weight Captured Separately,Freight Included in Commodity Cost,4.49
"12,786",109-TZ-T01,Pre-PQ Process,SO-10970,DN-831,Tanzania,PMO - US,From RDC,N/A - From RDC,Air,Pre-PQ Process,N/A - From RDC,21-Aug-08,21-Aug-08,21-Aug-08,ARV,Adult,SCMS from RDC,"Lamivudine/Nevirapine/Stavudine 150/200/30mg, tablets, 60 Tabs",Lamivudine/Nevirapine/Stavudine,Generic,150/200/30mg,Tablet - FDC,60,"40,000",296000.00,7.4,0.12,"Cipla, Goa, India",TRUE,4289,"$24,594.29 ",473.6
"64,617",116-ZA-T30,FPQ-14942,SCMS-259078,ASN-33470,South Africa,PMO - US,Direct Drop,DDP,Truck,09-11-14,10-09-14,24-Jul-15,24-Jul-15,24-Jul-15,ARV,Pediatric,PHARMACY DIRECT,"Abacavir 20mg/ml, oral solution, Bottle, 240 ml",Abacavir,Generic,20mg/ml,Oral solution,240,25,474.97,19,0.08,"Aurobindo Unit III, India",FALSE,Weight Captured Separately,Freight Included in Commodity Cost,0.49
"12,789",117-ET-T01,Pre-PQ Process,SO-1950,DN-669,Ethiopia,PMO - US,From RDC,N/A - From RDC,,Pre-PQ Process,N/A - From RDC,27-Mar-08,27-Mar-08,27-Mar-08,ARV,Adult,SCMS from RDC,"Stavudine 30mg, capsules, 60 Caps",Stavudine,Generic,30mg,Capsule,60,"78,460",119259.20,1.52,0.03,"Aurobindo Unit III, India",TRUE,5184,"$17,910 ",190.81
"12,790",106-HT-T01,Pre-PQ Process,SO-2050,DN-736,Haiti,PMO - US,From RDC,N/A - From RDC,Air,Pre-PQ Process,N/A - From RDC,29-May-08,29-May-08,29-May-08,ARV,Adult,SCMS from RDC,"Abacavir 300mg, tablets, 60 Tabs",Abacavir,Generic,300mg,Tablet,60,270,7433.10,27.53,0.46,Mylan (formerly Matrix) Nashik,TRUE,862,"$9,711.20 ",11.89
"64,903",116-ZA-T30,FPQ-14942,SCMS-259078,ASN-33472,South Africa,PMO - US,Direct Drop,DDP,Truck,09-11-14,10-09-14,24-Jul-15,24-Jul-15,24-Jul-15,ARV,Adult,PHARMACY DIRECT,"Saquinavir 200mg [Invirase], capsules, 270 Caps",Saquinavir,Invirase,200mg,Capsule,270,27,1611.22,59.67,0.22,Roche Madrid,FALSE,Weight Captured Separately,Freight Included in Commodity Cost,1.66
"65,037",116-ZA-T30,FPQ-5535,SCMS-71370,ASN-7373,South Africa,PMO - US,Direct Drop,DDP,Truck,4/19/2010,4/21/2010,31-May-10,31-May-10,31-May-10,ARV,Pediatric,S. BUYS WHOLESALER,"Zidovudine 100mg [Retrovir], capsules, 100 Caps",Zidovudine,Retrovir,100mg,Capsule,100,40,544.11,13.6,0.14,GSK Crawley,FALSE,Weight Captured Separately,Freight Included in Commodity Cost,1.17
"12,793",136-RW-T01,Pre-PQ Process,SO-11520,DN-842,Cameroon,PMO - US,From RDC,N/A - From RDC,Air,Pre-PQ Process,N/A - From RDC,20-Aug-08,20-Aug-08,20-Aug-08,HRDT,HIV test,SCMS from RDC,"HIV 1/2, Uni-Gold HIV Kit, 20 Tests","HIV 1/2, Uni-Gold HIV Kit",Uni-Gold,,Test kit,20,"2,000",64000.00,32,1.6,"Trinity Biotech, Plc",TRUE,643,"$7,805.33 ",102.4
"65,165",161-ZA-T30,FPQ-7175,SCMS-103810,ASN-12626,South Africa,PMO - US,Direct Drop,DDP,Ocean,03-10-11,3/28/2011,07-Dec-11,06-Dec-11,06-Dec-11,ARV,Pediatric,CIPLA LIMITED,"Lamivudine 10mg/ml, oral solution, Bottle, 240 ml",Lamivudine,Generic,10mg/ml,Oral solution,240,"40,040",82482.40,2.06,0.01,"Cipla, Goa, India",TRUE,Weight Captured Separately,Freight Included in Commodity Cost,136.1
"65,280",116-ZA-T30,FPQ-12522,SCMS-199289,ASN-28036,South Africa,PMO - US,Direct Drop,DDP,Truck,07-11-13,8/29/2014,29-Aug-14,29-Aug-14,29-Aug-14,ARV,Adult,S. BUYS WHOLESALER,"Lamivudine 150mg, tablets, 60 Tabs",Lamivudine,Generic,150mg,Tablet,60,783,7639.77,9.76,0.16,Hetero Unit III Hyderabad IN,FALSE,Weight Captured Separately,Freight Included in Commodity Cost,9.45
"12,796",110-ZM-T01,Pre-PQ Process,SO-2545,DN-779,Zambia,PMO - US,From RDC,N/A - From RDC,Air,Pre-PQ Process,N/A - From RDC,19-Jun-08,19-Jun-08,19-Jun-08,ARV,Adult,SCMS from RDC,"Lamivudine/Stavudine 150/30mg, tablets, 30 Tabs",Lamivudine/Stavudine,Generic,150/30mg,Tablet - FDC,30,"81,198",162396.00,2,0.07,"Cipla, Goa, India",TRUE,4678,"$30,610.20 ",259.83
"65,314",116-ZA-T30,FPQ-12522,SCMS-199287,ASN-27749,South Africa,PMO - US,Direct Drop,DDP,Truck,07-11-13,8/13/2014,13-Aug-14,13-Aug-14,13-Aug-14,ARV,Pediatric,S. BUYS WHOLESALER,"Lopinavir/Ritonavir 80/20mg/ml [Kaletra], oral solution, cool, Bottle 5 x 60 ml",Lopinavir/Ritonavir,Kaletra,80/20mg/ml,Oral solution,300,2,46.90,23.45,0.08,ABBVIE (Abbott) Logis. UK,TRUE,Weight Captured Separately,Freight Included in Commodity Cost,0.06
"12,798",112-NG-T01,Pre-PQ Process,SO-2356,DN-801,Nigeria,PMO - US,From RDC,N/A - From RDC,Air,Pre-PQ Process,N/A - From RDC,30-Jun-08,30-Jun-08,30-Jun-08,ARV,Adult,SCMS from RDC,"Tenofovir Disoproxil Fumarate 300mg [Viread], tablets, 30 Tabs",Tenofovir Disoproxil Fumarate,Viread,300mg,Tablet,30,48,816.00,17,0.57,"Aspen-OSD, Port Elizabeth, SA",TRUE,4,$213.75 ,1.31
"65,359",116-ZA-T30,FPQ-14942,SCMS-259077,ASN-33478,South Africa,PMO - US,Direct Drop,DDP,Truck,09-11-14,10-09-14,24-Jul-15,24-Jul-15,24-Jul-15,ARV,Adult,PHARMACY DIRECT,"Raltegravir 400mg [Isentress], tablets, 60 Tabs",Raltegravir,Isentress,400mg,Tablet,60,35,2301.31,65.75,1.1,"MSD, Haarlem, NL",FALSE,Weight Captured Separately,Freight Included in Commodity Cost,2.37
"12,803",113-ZW-T01,Pre-PQ Process,SO-1921,DN-645,Zimbabwe,PMO - US,From RDC,N/A - From RDC,Truck,Pre-PQ Process,N/A - From RDC,07-Mar-08,07-Mar-08,07-Mar-08,ARV,Adult,SCMS from RDC,"Zidovudine 300mg, tablets, 60 Tabs",Zidovudine,Generic,300mg,Tablet,60,"3,180",25917.00,8.15,0.14,"Aurobindo Unit III, India",TRUE,182,"$1,593.48 ",41.47
"65,370",116-ZA-T30,FPQ-4770,SCMS-60170,ASN-5933,South Africa,PMO - US,Direct Drop,DDP,Truck,12/17/2009,12/23/2009,29-Dec-09,29-Dec-09,29-Dec-09,ARV,Adult,S. BUYS WHOLESALER,"Nevirapine 200mg, tablets, 60 Tabs",Nevirapine,Generic,200mg,Tablet,60,300,6676.17,22.25,0.37,"Cipla, Goa, India",FALSE,Weight Captured Separately,Freight Included in Commodity Cost,14.39
"12,806",111-MZ-T01,Pre-PQ Process,SO-2217,DN-699,Mozambique,PMO - US,From RDC,N/A - From RDC,Air,Pre-PQ Process,N/A - From RDC,21-Apr-08,21-Apr-08,21-Apr-08,ARV,Adult,SCMS from RDC,"Nevirapine 200mg, tablets, 60 Tabs",Nevirapine,Generic,200mg,Tablet,60,"3,000",10200.00,3.4,0.06,Hetero Unit III Hyderabad IN,TRUE,168,"$1,074.95 ",16.32
"12,808",114-UG-T01,Pre-PQ Process,SO-1995,DN-683,Uganda,PMO - US,From RDC,N/A - From RDC,Air,Pre-PQ Process,N/A - From RDC,17-Apr-08,17-Apr-08,17-Apr-08,ARV,Pediatric,SCMS from RDC,"Nevirapine 10mg/ml, oral suspension, Bottle, 240 ml",Nevirapine,Generic,10mg/ml,Oral suspension,240,127,243.84,1.92,0.01,"Aurobindo Unit III, India",TRUE,46,$740.34 ,0.39
"12,809",117-ET-T01,Pre-PQ Process,SO-1536,DN-630,Ethiopia,PMO - US,From RDC,N/A - From RDC,Air,Pre-PQ Process,N/A - From RDC,01-Feb-08,06-Mar-08,06-Mar-08,ARV,Adult,SCMS from RDC,"Lamivudine 150mg, tablets, 60 Tabs",Lamivudine,Generic,150mg,Tablet,60,"30,874",93856.96,3.04,0.05,"Ranbaxy, Paonta Shahib, India",TRUE,1822,"$9,742 ",150.17
"65,436",116-ZA-T30,FPQ-11828,SCMS-183950,ASN-19166,South Africa,South Africa Field Office,Direct Drop,DDP,Truck,3/18/2013,Date Not Captured,16-Apr-13,16-Apr-13,16-Apr-13,ARV,Pediatric,S. BUYS WHOLESALER,"Lopinavir/Ritonavir 100/25mg [Aluvia], tablets, 60 Tabs",Lopinavir/Ritonavir,Generic,100/25mg,Tablet,60,45,281.20,6.25,0.1,ABBVIE Ludwigshafen Germany,FALSE,Weight Captured Separately,Freight Included in Commodity Cost,0.35
"65,458",116-ZA-T30,FPQ-12522,SCMS-199289,ASN-28036,South Africa,PMO - US,Direct Drop,DDP,Truck,07-11-13,8/29/2014,29-Aug-14,29-Aug-14,29-Aug-14,ARV,Pediatric,S. BUYS WHOLESALER,"Abacavir 20mg/ml, oral solution w/syringe, Bottle, 240 ml",Abacavir,Generic,20mg/ml,Oral solution,240,171,4623.54,27.04,0.11,"Aurobindo Unit III, India",FALSE,Weight Captured Separately,Freight Included in Commodity Cost,5.72
"12,812",114-UG-T01,Pre-PQ Process,SO-2621,DN-812,Uganda,PMO - US,From RDC,N/A - From RDC,Air,Pre-PQ Process,N/A - From RDC,21-Aug-08,21-Aug-08,21-Aug-08,ARV,Adult,SCMS from RDC,"Lamivudine/Nevirapine/Zidovudine 150/200/300mg, tablets, 60 Tabs",Lamivudine/Nevirapine/Zidovudine,Generic,150/300/200mg,Tablet - FDC,60,"1,400",18900.00,13.5,0.22,"Aurobindo Unit III, India",TRUE,156,"$1,282.60 ",30.24
"12,813",110-ZM-T01,Pre-PQ Process,SO-2484,DN-976,Zambia,PMO - US,From RDC,N/A - From RDC,Truck,Pre-PQ Process,N/A - From RDC,07-Nov-08,07-Nov-08,07-Nov-08,ARV,Adult,SCMS from RDC,"Efavirenz 600mg, tablets, 30 Tabs",Efavirenz,Generic,600mg,Tablet,30,"35,000",420350.00,12.01,0.4,Mylan (formerly Matrix) Nashik,TRUE,2641,"$2,938.92 ",823.89
"12,814",110-ZM-T01,Pre-PQ Process,SO-2487,DN-977,Zambia,PMO - US,From RDC,N/A - From RDC,Truck,Pre-PQ Process,N/A - From RDC,07-Nov-08,07-Nov-08,07-Nov-08,ARV,Adult,SCMS from RDC,"Lamivudine/Zidovudine 150/300mg, tablets, 60 Tabs",Lamivudine/Zidovudine,Generic,150/300mg,Tablet - FDC,60,"50,000",472500.00,9.45,0.16,"Aurobindo Unit III, India",TRUE,4585,"$2,938.92 ",926.1
"65,545",116-ZA-T30,FPQ-13973,SCMS-238554,ASN-28627,South Africa,PMO - US,Direct Drop,DDP,Truck,4/30/2014,10-03-14,03-Oct-14,03-Oct-14,03-Oct-14,ARV,Adult,PHARMACY DIRECT,"Tenofovir Disoproxil Fumarate 300mg, tablets, 30 Tabs",Tenofovir Disoproxil Fumarate,Generic,300mg,Tablet,30,43,822.19,19.12,0.64,Mylan (formerly Matrix) Nashik,FALSE,Weight Captured Separately,Freight Included in Commodity Cost,0.85
"12,818",102-KE-T01,Pre-PQ Process,SO-11460,DN-963,Kenya,PMO - US,From RDC,N/A - From RDC,Truck,Pre-PQ Process,N/A - From RDC,16-Oct-08,16-Oct-08,16-Oct-08,HRDT,HIV test,SCMS from RDC,"HIV 1/2, Bioline 3.0 Kit, Lancets, Capillary pipets, Alcohol swabs included, 25 Tests","HIV 1/2, Bioline 3.0 Kit, Lancets, Capillary pipets, Alcohol swabs included",Bioline,,Test kit,25,"19,999",399980.00,20,0.8,"Standard Diagnostics, Korea",TRUE,6074,"$1,250 ",783.96
"12,819",109-TZ-T01,Pre-PQ Process,SO-2561,DN-845,Tanzania,PMO - US,From RDC,N/A - From RDC,Truck,Pre-PQ Process,N/A - From RDC,22-Aug-08,22-Aug-08,22-Aug-08,ARV,Adult,SCMS from RDC,"Lamivudine 150mg, tablets, 60 Tabs",Lamivudine,Generic,150mg,Tablet,60,"32,544",94703.04,2.91,0.05,"Aurobindo Unit III, India",TRUE,1608,"$1,700.32 ",151.52
"12,820",106-HT-T01,Pre-PQ Process,SO-12140,DN-860,Haiti,PMO - US,From RDC,N/A - From RDC,Air,Pre-PQ Process,N/A - From RDC,11-Aug-08,11-Aug-08,11-Aug-08,ARV,Pediatric,SCMS from RDC,"Stavudine 1mg/ml, powder for oral solution, 200 ml",Stavudine,Generic,1mg/ml,Oral solution,200,"1,500",2100.00,1.4,0.01,"Aurobindo Unit III, India",TRUE,235,"$3,022.74 ",3.36
"65,574",106-HT-T30,FPQ-4389,SCMS-58010,ASN-5820,Haiti,PMO - US,Direct Drop,CIP,Air,11-03-09,11/24/2009,24-Feb-10,24-Feb-10,24-Feb-10,ARV,Pediatric,BRISTOL-MYERS SQUIBB,"Didanosine 2g [Videx], powder for oral solution 10mg/ml, reconstitute to 200 ml",Didanosine,Videx,2g,Powder for oral solution,200,192,2417.28,12.59,0.06,"BMS Meymac, France",FALSE,Weight Captured Separately,Freight Included in Commodity Cost,5.21
"65,619",116-ZA-T30,FPQ-4770,SCMS-60190,ASN-5907,South Africa,PMO - US,Direct Drop,DDP,Truck,12/17/2009,12/23/2009,29-Dec-09,29-Dec-09,29-Dec-09,ARV,Pediatric,S. BUYS WHOLESALER,"Lopinavir/Ritonavir 80/20mg/ml [Kaletra], oral solution, cool, Bottle 5 x 60 ml",Lopinavir/Ritonavir,Kaletra,80/20mg/ml,Oral solution,300,60,2433.47,40.56,0.14,ABBVIE (Abbott) Logis. UK,FALSE,Weight Captured Separately,Freight Included in Commodity Cost,5.25
"12,823",130-NG-T01,Pre-PQ Process,SO-10660,DN-1011,Nigeria,PMO - US,From RDC,N/A - From RDC,Air,Pre-PQ Process,N/A - From RDC,20-Nov-08,20-Nov-08,20-Nov-08,ARV,Adult,SCMS from RDC,"Lamivudine/Stavudine 150/30mg, tablets, 60 Tabs",Lamivudine/Stavudine,Generic,150/30mg,Tablet - FDC,60,"1,152",4492.80,3.9,0.06,Mylan (formerly Matrix) Nashik,TRUE,85,"$1,266.05 ",8.81
"12,870",510-KE-T01,Pre-PQ Process,SO-12710,DN-879,Kenya,PMO - US,From RDC,N/A - From RDC,Truck,Pre-PQ Process,N/A - From RDC,20-Aug-08,20-Aug-08,20-Aug-08,HRDT,HIV test,SCMS from RDC,"HIV 1/2, Uni-Gold HIV Kit, 20 Tests","HIV 1/2, Uni-Gold HIV Kit",Uni-Gold,,Test kit,20,"1,067",34144.00,32,1.6,"Trinity Biotech, Plc",TRUE,297,"$3,616.67 ",54.63
"65,630",116-ZA-T30,FPQ-13973,SCMS-238572,ASN-27958,South Africa,PMO - US,Direct Drop,DDP,Truck,4/30/2014,8/26/2014,26-Aug-14,26-Aug-14,26-Aug-14,ARV,Pediatric,PHARMACY DIRECT,"Lopinavir/Ritonavir 80/20mg/ml [Kaletra], oral solution, cool, Bottle 5 x 60 ml",Lopinavir/Ritonavir,Kaletra,80/20mg/ml,Oral solution,300,4,88.27,22.07,0.07,ABBVIE (Abbott) Logis. UK,TRUE,Weight Captured Separately,Freight Included in Commodity Cost,0.09
"12,825",130-NG-T01,Pre-PQ Process,SO-10550,DN-889,Nigeria,PMO - US,From RDC,N/A - From RDC,Air,Pre-PQ Process,N/A - From RDC,16-Sep-08,16-Sep-08,16-Sep-08,ARV,Adult,SCMS from RDC,"Lamivudine/Stavudine 150/30mg, tablets, 60 Tabs",Lamivudine/Stavudine,Generic,150/30mg,Tablet - FDC,60,784,3057.60,3.9,0.06,Mylan (formerly Matrix) Nashik,TRUE,58,"$1,102.98 ",4.89
"65,693",116-ZA-T30,FPQ-13035,SCMS-215370,ASN-24415,South Africa,PMO - US,Direct Drop,DDP,Truck,10-08-13,12-02-13,06-Feb-14,06-Feb-14,06-Feb-14,ARV,Adult,S. BUYS WHOLESALER,"Tenofovir Disoproxil Fumarate 300mg, tablets, 30 Tabs",Tenofovir Disoproxil Fumarate,Generic,300mg,Tablet,30,"2,906",54302.12,18.69,0.62,Hetero Unit III Hyderabad IN,FALSE,Weight Captured Separately,Freight Included in Commodity Cost,67.17
"12,827",112-NG-T01,Pre-PQ Process,SO-11032,DN-920,Nigeria,PMO - US,From RDC,N/A - From RDC,Air,Pre-PQ Process,N/A - From RDC,26-Sep-08,26-Sep-08,26-Sep-08,ARV,Adult,SCMS from RDC,"Lopinavir/Ritonavir 200/50mg [Aluvia], tablets, 120 Tabs",Lopinavir/Ritonavir,Aluvia,200/50mg,Tablet,120,94,3863.40,41.1,0.34,ABBVIE Ludwigshafen Germany,TRUE,27,"$1,058 ",6.18
"12,828",102-KE-T01,Pre-PQ Process,SO-11450,DN-937,Kenya,PMO - US,From RDC,N/A - From RDC,Truck,Pre-PQ Process,N/A - From RDC,25-Sep-08,25-Sep-08,25-Sep-08,HRDT,HIV test,SCMS from RDC,"HIV 1/2, Bioline 3.0 Kit, Lancets, Capillary pipets, Alcohol swabs included, 25 Tests","HIV 1/2, Bioline 3.0 Kit, Lancets, Capillary pipets, Alcohol swabs included",Bioline,,Test kit,25,"20,000",400000.00,20,0.8,"Standard Diagnostics, Korea",TRUE,6067,"$1,250 ",640
"65,799",116-ZA-T30,FPQ-12522,SCMS-199289,ASN-28033,South Africa,PMO - US,Direct Drop,DDP,Truck,07-11-13,8/29/2014,29-Aug-14,29-Aug-14,29-Aug-14,ARV,Adult,S. BUYS WHOLESALER,"Lamivudine/Zidovudine 150/300mg, tablets, 60 Tabs",Lamivudine/Zidovudine,Generic,150/300mg,Tablet - FDC,60,206,6746.05,32.75,0.55,Hetero Unit III Hyderabad IN,FALSE,Weight Captured Separately,Freight Included in Commodity Cost,8.34
"65,803",116-ZA-T30,FPQ-12522,SCMS-199289,ASN-28037,South Africa,PMO - US,Direct Drop,DDP,Truck,07-11-13,8/29/2014,29-Aug-14,29-Aug-14,29-Aug-14,ARV,Adult,S. BUYS WHOLESALER,"Zidovudine 300mg, tablets, 60 Tabs",Zidovudine,Generic,300mg,Tablet,60,19,515.11,27.11,0.45,"Aurobindo Unit III, India",FALSE,Weight Captured Separately,Freight Included in Commodity Cost,0.64
"65,849",116-ZA-T30,FPQ-12522,SCMS-199283,ASN-27979,South Africa,PMO - US,Direct Drop,DDP,Truck,07-11-13,8/27/2014,27-Aug-14,27-Aug-14,27-Aug-14,ARV,Adult,S. BUYS WHOLESALER,"Tenofovir Disoproxil Fumarate 300mg, tablets, 30 Tabs",Tenofovir Disoproxil Fumarate,Generic,300mg,Tablet,30,132,2983.26,22.6,0.75,"Aurobindo Unit III, India",FALSE,Weight Captured Separately,Freight Included in Commodity Cost,3.69
"65,940",106-HT-T30,FPQ-7459,SCMS-106780,ASN-11663,Haiti,PMO - US,Direct Drop,DDU,Air,3/29/2011,4/29/2011,25-Jul-11,25-Jul-11,25-Jul-11,HRDT,HIV test,REINBOLD EXPORT IMPORT,"HIV 1/2, Determine Complete HIV Kit, 100 Tests","HIV 1/2, Determine Complete HIV Kit",Determine,,Test kit,100,"1,432",164680.00,115,1.15,Inverness Japan,TRUE,Weight Captured Separately,Freight Included in Commodity Cost,271.72
"66,123",161-ZA-T30,FPQ-6262,SCMS-84210,ASN-10109,South Africa,PMO - US,Direct Drop,DDP,Ocean,8/31/2010,9/21/2010,05-Apr-11,05-May-11,05-May-11,ARV,Adult,CIPLA LIMITED,"Nevirapine 200mg, tablets, 60 Tabs",Nevirapine,Generic,200mg,Tablet,60,"48,446",135164.34,2.79,0.05,"Cipla, Goa, India",TRUE,Weight Captured Separately,Freight Included in Commodity Cost,291.41
"66,145",116-ZA-T30,FPQ-14942,SCMS-259079,ASN-33854,South Africa,PMO - US,Direct Drop,DDP,Truck,09-11-14,10-09-14,24-Aug-15,24-Aug-15,24-Aug-15,ARV,Adult,PHARMACY DIRECT,"Raltegravir 400mg [Isentress], tablets, 60 Tabs",Raltegravir,Isentress,400mg,Tablet,60,3,197.26,65.75,1.1,"MSD, Haarlem, NL",FALSE,Weight Captured Separately,Freight Included in Commodity Cost,0.2
"12,839",117-ET-T01,Pre-PQ Process,SO-14230,DN-907,Ethiopia,PMO - US,From RDC,N/A - From RDC,Truck,Pre-PQ Process,N/A - From RDC,16-Sep-08,16-Sep-08,16-Sep-08,ARV,Adult,SCMS from RDC,"Ritonavir 100mg [Norvir], capsules, cool, 4 x 84 Caps",Ritonavir,Norvir,100mg,Capsule,336,14,537.04,38.36,0.11,ABBVIE (Abbott) Logis. UK,TRUE,25,$505 ,0.86
"66,218",116-ZA-T30,FPQ-4770,SCMS-60190,ASN-5907,South Africa,PMO - US,Direct Drop,DDP,Truck,12/17/2009,12/23/2009,29-Dec-09,29-Dec-09,29-Dec-09,ARV,Pediatric,S. BUYS WHOLESALER,"Ritonavir 80mg/ml [Norvir], oral solution, cool, Bottle, 90 ml",Ritonavir,Norvir,80mg/ml,Oral solution,90,5,46.16,9.23,0.1,ABBVIE (Abbott) France,FALSE,Weight Captured Separately,Freight Included in Commodity Cost,0.1
"12,841",117-ET-T01,Pre-PQ Process,SO-21350,DN-1037,Ethiopia,PMO - US,From RDC,N/A - From RDC,Air,Pre-PQ Process,N/A - From RDC,19-Dec-08,19-Dec-08,19-Dec-08,ARV,Pediatric,SCMS from RDC,"Lamivudine 10mg/ml, oral solution, Bottle, 240 ml",Lamivudine,Generic,10mg/ml,Oral solution,240,"2,005",3809.50,1.9,0.01,"Aurobindo Unit III, India",TRUE,692,"$4,983.22 ",7.47
"12,842",114-UG-T01,Pre-PQ Process,SO-17751,DN-1077,Uganda,PMO - US,From RDC,N/A - From RDC,Air,Pre-PQ Process,N/A - From RDC,19-Feb-09,19-Feb-09,19-Feb-09,ARV,Adult,SCMS from RDC,"Lamivudine/Nevirapine/Zidovudine 150/200/300mg, tablets, 60 Tabs",Lamivudine/Nevirapine/Zidovudine,Generic,150/300/200mg,Tablet - FDC,60,"14,600",172280.00,11.8,0.2,"Aurobindo Unit III, India",TRUE,1657,"$9,995.55 ",337.67
"66,257",116-ZA-T30,FPQ-13035,SCMS-215370,ASN-24415,South Africa,PMO - US,Direct Drop,DDP,Truck,10-08-13,12-02-13,06-Feb-14,06-Feb-14,06-Feb-14,ARV,Pediatric,S. BUYS WHOLESALER,"Abacavir 20mg/ml [Ziagen], oral solution, Bottle, 240 ml",Abacavir,Ziagen,20mg/ml,Oral solution,240,8,192.37,24.05,0.1,GSK Mississauga (Canada),FALSE,Weight Captured Separately,Freight Included in Commodity Cost,0.24
"66,333",116-ZA-T30,FPQ-5535,SCMS-71370,ASN-7373,South Africa,PMO - US,Direct Drop,DDP,Truck,4/19/2010,4/21/2010,31-May-10,31-May-10,31-May-10,ARV,Pediatric,S. BUYS WHOLESALER,"Zidovudine 10mg/ml [Retrovir], oral solution, Bottle, 200 ml",Zidovudine,Retrovir,10mg/ml,Oral solution,200,400,2864.03,7.16,0.04,GSK Mississauga (Canada),FALSE,Weight Captured Separately,Freight Included in Commodity Cost,6.17
"66,338",116-ZA-T30,FPQ-11828,SCMS-183950,ASN-19166,South Africa,South Africa Field Office,Direct Drop,DDP,Truck,3/18/2013,Date Not Captured,16-Apr-13,16-Apr-13,16-Apr-13,ARV,Pediatric,S. BUYS WHOLESALER,"Zidovudine 10mg/ml, oral solution, Bottle, 240 ml",Zidovudine,Generic,10mg/ml,Oral solution,240,145,1173.68,8.09,0.03,"Aurobindo Unit III, India",FALSE,Weight Captured Separately,Freight Included in Commodity Cost,1.45
"66,352",116-ZA-T30,FPQ-14942,SCMS-259074,ASN-31070,South Africa,PMO - US,Direct Drop,DDP,Truck,09-11-14,03-09-15,09-Mar-15,09-Mar-15,09-Mar-15,ARV,Adult,PHARMACY DIRECT,"Lamivudine/Zidovudine 150/300mg, tablets, 60 Tabs",Lamivudine/Zidovudine,Generic,150/300mg,Tablet - FDC,60,20,428.71,21.44,0.36,"Aurobindo Unit III, India",FALSE,Weight Captured Separately,Freight Included in Commodity Cost,0.44
"66,500",116-ZA-T30,FPQ-15269,SCMS-267020,ASN-29764,South Africa,PMO - US,Direct Drop,DDP,Truck,10/29/2014,12-10-14,10-Dec-14,10-Dec-14,10-Dec-14,ARV,Adult,S. BUYS WHOLESALER,"Stavudine 30mg, capsules, 60 Caps",Stavudine,Generic,30mg,Capsule,60,329,1159.91,3.53,0.06,"Aurobindo Unit III, India",FALSE,Weight Captured Separately,Freight Included in Commodity Cost,1.37
"66,522",116-ZA-T30,FPQ-4054,SCMS-51250,ASN-5056,South Africa,PMO - US,Direct Drop,DDP,Truck,7/29/2009,08-07-09,24-Aug-09,24-Aug-09,24-Aug-09,ARV,Adult,S. BUYS WHOLESALER,"Nevirapine 200mg [Viramune], tablets, 60 Tabs",Nevirapine,Viramune,200mg,Tablet,60,100,2156.36,21.56,0.36,"Boehringer Ing., Koropi, GR",FALSE,Weight Captured Separately,Freight Included in Commodity Cost,4.23
"67,069",116-ZA-T30,FPQ-3560,SCMS-49660,ASN-5048,South Africa,PMO - US,Direct Drop,DDP,Truck,05-07-09,7/21/2009,12-Aug-09,12-Aug-09,12-Aug-09,ARV,Adult,S. BUYS WHOLESALER,"Ritonavir 100mg [Norvir], capsules, cool, 84 Caps",Ritonavir,Norvir,100mg,Capsule,84,329,3345.72,10.17,0.12,ABBVIE (Abbott) Logis. UK,TRUE,Weight Captured Separately,Freight Included in Commodity Cost,6.56
"12,852",110-ZM-T01,Pre-PQ Process,SO-14040,DN-905,Zambia,PMO - US,From RDC,N/A - From RDC,Air,Pre-PQ Process,N/A - From RDC,23-Sep-08,23-Sep-08,23-Sep-08,ARV,Adult,SCMS from RDC,"Nevirapine 200mg, tablets, 60 Tabs",Nevirapine,Generic,200mg,Tablet,60,"9,408",31987.20,3.4,0.06,"Aurobindo Unit III, India",TRUE,893,"$6,269.70 ",51.18
"12,853",123-NG-T01,Pre-PQ Process,SO-11230,DN-883,Nigeria,PMO - US,From RDC,N/A - From RDC,Air,Pre-PQ Process,N/A - From RDC,24-Aug-08,24-Aug-08,24-Aug-08,ARV,Adult,SCMS from RDC,"Emtricitabine/Tenofovir Disoproxil Fumarate 200/300mg [Truvada], tablets, 30 Tabs",Emtricitabine/Tenofovir Disoproxil Fumarate,Truvada,300/200mg,Tablet - FDC,30,"12,696",333270.00,26.25,0.88,"Aspen-OSD, Port Elizabeth, SA",TRUE,1114,"$7,641.10 ",533.23
"67,134",116-ZA-T30,FPQ-12522,SCMS-199283,ASN-27980,South Africa,PMO - US,Direct Drop,DDP,Truck,07-11-13,8/27/2014,27-Aug-14,27-Aug-14,27-Aug-14,ARV,Adult,S. BUYS WHOLESALER,"Lamivudine 150mg, tablets, 60 Tabs",Lamivudine,Generic,150mg,Tablet,60,148,1457.49,9.85,0.16,Hetero Unit III Hyderabad IN,FALSE,Weight Captured Separately,Freight Included in Commodity Cost,1.8
"12,857",109-TZ-T01,Pre-PQ Process,SO-11860,DN-852,Tanzania,PMO - US,From RDC,N/A - From RDC,Air,Pre-PQ Process,N/A - From RDC,22-Aug-08,22-Aug-08,22-Aug-08,ARV,Adult,SCMS from RDC,"Lamivudine/Zidovudine 150/300mg, tablets, 60 Tabs",Lamivudine/Zidovudine,Generic,150/300mg,Tablet - FDC,60,"76,427",722235.15,9.45,0.16,"Aurobindo Unit III, India",TRUE,7017,"$5,367.09 ","1,155.58"
"67,203",116-ZA-T30,FPQ-14942,SCMS-259073,ASN-30671,South Africa,PMO - US,Direct Drop,DDP,Truck,09-11-14,02-12-15,12-Feb-15,12-Feb-15,12-Feb-15,ARV,Pediatric,PHARMACY DIRECT,"Abacavir 20mg/ml, oral solution, Bottle, 240 ml",Abacavir,Generic,20mg/ml,Oral solution,240,23,407.34,17.71,0.07,"Aurobindo Unit III, India",FALSE,Weight Captured Separately,Freight Included in Commodity Cost,0.42
"67,248",116-ZA-T30,FPQ-14942,SCMS-259084,ASN-33331,South Africa,PMO - US,Direct Drop,DDP,Truck,09-11-14,7/14/2015,14-Jul-15,14-Jul-15,14-Jul-15,ARV,Pediatric,PHARMACY DIRECT,"Lopinavir/Ritonavir 80/20mg/ml [Kaletra], oral solution, cool, Bottle 5 x 60 ml",Lopinavir/Ritonavir,Kaletra,80/20mg/ml,Oral solution,300,4,68.56,17.14,0.06,ABBVIE (Abbott) Logis. UK,TRUE,Weight Captured Separately,Freight Included in Commodity Cost,0.07
"67,448",116-ZA-T30,FPQ-13973,SCMS-238551,ASN-26882,South Africa,PMO - US,Direct Drop,DDP,Truck,4/30/2014,6/25/2014,25-Jun-14,25-Jun-14,25-Jun-14,ARV,Adult,PHARMACY DIRECT,"Tenofovir Disoproxil Fumarate 300mg, tablets, 30 Tabs",Tenofovir Disoproxil Fumarate,Generic,300mg,Tablet,30,91,1644.26,18.07,0.6,Mylan (formerly Matrix) Nashik,FALSE,Weight Captured Separately,Freight Included in Commodity Cost,1.69
"67,526",116-ZA-T30,FPQ-14942,SCMS-295800,ASN-33865,South Africa,PMO - US,Direct Drop,DDP,Truck,09-11-14,8/24/2015,24-Aug-15,24-Aug-15,24-Aug-15,ARV,Adult,PHARMACY DIRECT,"Zidovudine 300mg, tablets, 60 Tabs",Zidovudine,Generic,300mg,Tablet,60,14,270.58,19.33,0.32,"Aurobindo Unit III, India",FALSE,Weight Captured Separately,Freight Included in Commodity Cost,0.28
"12,863",123-NG-T01,Pre-PQ Process,SO-13000,DN-1026,Nigeria,PMO - US,From RDC,N/A - From RDC,Air,Pre-PQ Process,N/A - From RDC,17-Dec-08,17-Dec-08,17-Dec-08,ARV,Adult,SCMS from RDC,"Stavudine 30mg, capsules, 60 Caps",Stavudine,Generic,30mg,Capsule,60,"7,876",12207.80,1.55,0.03,"Aurobindo Unit III, India",TRUE,521,"$4,608.92 ",23.93
"67,551",111-MZ-T30,FPQ-15221,SCMS-270120,ASN-32420,Mozambique,PMO - US,Direct Drop,CIP,Air,10/28/2014,12/19/2014,09-Jun-15,09-Jun-15,16-Jul-15,ARV,Adult,MERCK SHARP & DOHME IDEA GMBH (FORMALLY MERCK SHARP & DOHME B.V.),"Raltegravir 400mg [Isentress], tablets, 60 Tabs",Raltegravir,Isentress,400mg,Tablet,60,52,2886.00,55.5,0.92,"MSD, Haarlem, NL",TRUE,Weight Captured Separately,Freight Included in Commodity Cost,3.4
"67,634",116-ZA-T30,FPQ-13973,SCMS-238554,ASN-28629,South Africa,PMO - US,Direct Drop,DDP,Truck,4/30/2014,10-03-14,03-Oct-14,03-Oct-14,03-Oct-14,ARV,Adult,PHARMACY DIRECT,"Etravirine 100mg [Intelence], tablets, 120 Tabs",Etravirine,Intelence,100mg,Tablet,120,33,1168.83,35.42,0.3,"Janssen-Cilag, Latina, IT",TRUE,Weight Captured Separately,Freight Included in Commodity Cost,1.2
"12,866",151-NG-T01,Pre-PQ Process,SO-21806,DN-1140,Nigeria,PMO - US,From RDC,N/A - From RDC,Air Charter,Pre-PQ Process,N/A - From RDC,19-Mar-09,19-Mar-09,19-Mar-09,ARV,Adult,SCMS from RDC,"Lamivudine/Nevirapine/Zidovudine 150/200/300mg, tablets, 60 Tabs",Lamivudine/Nevirapine/Zidovudine,Generic,150/300/200mg,Tablet - FDC,60,"67,842",773398.80,11.4,0.19,"Aurobindo Unit III, India",TRUE,7627,"$11,492.86 ","1,515.86"
"12,868",104-CI-T01,Pre-PQ Process,SO-19340,DN-1122,Côte d'Ivoire,PMO - US,From RDC,N/A - From RDC,Air,Pre-PQ Process,N/A - From RDC,29-Apr-09,29-Apr-09,29-Apr-09,ARV,Adult,SCMS from RDC,"Lamivudine/Zidovudine 150/300mg, tablets, 60 Tabs",Lamivudine/Zidovudine,Generic,150/300mg,Tablet - FDC,60,"28,624",267634.40,9.35,0.16,"Aurobindo Unit III, India",TRUE,2583,"$7,608.70 ",524.56
"12,869",113-ZW-T01,Pre-PQ Process,SO-13980,DN-972,Zimbabwe,PMO - US,From RDC,N/A - From RDC,Truck,Pre-PQ Process,N/A - From RDC,31-Oct-08,31-Oct-08,31-Oct-08,ARV,Adult,SCMS from RDC,"Lamivudine/Stavudine 150/30mg, tablets, 30 Tabs",Lamivudine/Stavudine,Generic,150/30mg,Tablet - FDC,30,"8,000",16000.00,2,0.07,"Cipla, Goa, India",TRUE,483,"$2,947.59 ",31.36
"67,654",116-ZA-T30,FPQ-13973,SCMS-238551,ASN-26882,South Africa,PMO - US,Direct Drop,DDP,Truck,4/30/2014,6/25/2014,25-Jun-14,25-Jun-14,25-Jun-14,ARV,Adult,PHARMACY DIRECT,"Emtricitabine/Tenofovir Disoproxil Fumarate 200/300mg, tablets, 30 Tabs",Emtricitabine/Tenofovir Disoproxil Fumarate,Generic,200/300mg,Tablet - FDC,30,11,332.32,30.21,1.01,"Aurobindo Unit III, India",FALSE,Weight Captured Separately,Freight Included in Commodity Cost,0.34
"67,666",116-ZA-T30,FPQ-14942,SCMS-259075,ASN-32122,South Africa,PMO - US,Direct Drop,DDP,Truck,09-11-14,05-11-15,12-May-15,12-May-15,12-May-15,ARV,Pediatric,PHARMACY DIRECT,"Efavirenz 200mg, capsule, 90 Caps",Efavirenz,Generic,200mg,Capsule,90,12,204.53,17.04,0.19,"Aurobindo Unit III, India",FALSE,Weight Captured Separately,Freight Included in Commodity Cost,0.21
"67,759",116-ZA-T30,FPQ-11828,SCMS-183950,ASN-19166,South Africa,South Africa Field Office,Direct Drop,DDP,Truck,3/18/2013,Date Not Captured,16-Apr-13,16-Apr-13,16-Apr-13,ARV,Adult,S. BUYS WHOLESALER,"Lamivudine/Zidovudine 150/300mg, tablets, 60 Tabs",Lamivudine/Zidovudine,Generic,150/300mg,Tablet - FDC,60,287,4059.70,14.15,0.24,"Cipla, Goa, India",FALSE,Weight Captured Separately,Freight Included in Commodity Cost,5.02
"12,875",111-MZ-T01,Pre-PQ Process,SO-17531,DN-1181,Mozambique,PMO - US,From RDC,N/A - From RDC,Truck,Pre-PQ Process,N/A - From RDC,03-Jun-09,03-Jun-09,03-Jun-09,ARV,Adult,SCMS from RDC,"Lamivudine/Nevirapine/Stavudine 150/200/30mg, tablets, 60 Tabs",Lamivudine/Nevirapine/Stavudine,Generic,150/200/30mg,Tablet - FDC,60,"135,000",972000.00,7.2,0.12,"Strides, Bangalore, India.",TRUE,10053,"$10,211.52 ","1,905.12"
"67,917",161-ZA-T30,FPQ-5648,SCMS-75460,ASN-8900,South Africa,PMO - US,Direct Drop,DDP,Ocean,06-02-10,6/17/2010,04-Mar-11,06-Jan-11,06-Jan-11,ARV,Adult,Aurobindo Pharma Limited,"Lamivudine 150mg, tablets, 60 Tabs",Lamivudine,Generic,150mg,Tablet,60,"19,172",46396.24,2.42,0.04,"Aurobindo Unit III, India",TRUE,Weight Captured Separately,Freight Included in Commodity Cost,100.03
"12,877",123-NG-T01,Pre-PQ Process,SO-22831,DN-1172,Nigeria,PMO - US,From RDC,N/A - From RDC,Air,Pre-PQ Process,N/A - From RDC,30-Apr-09,30-Apr-09,30-Apr-09,ARV,Adult,SCMS from RDC,"Nevirapine 200mg, tablets, 60 Tabs",Nevirapine,Generic,200mg,Tablet,60,248,793.60,3.2,0.05,"Aurobindo Unit III, India",TRUE,24,"$1,547.94 ",1.56
"12,878",112-NG-T01,Pre-PQ Process,SO-20962,DN-1182,Nigeria,PMO - US,From RDC,N/A - From RDC,Air,Pre-PQ Process,N/A - From RDC,30-Apr-09,30-Apr-09,30-Apr-09,ARV,Adult,SCMS from RDC,"Nevirapine 200mg, tablets, 60 Tabs",Nevirapine,Generic,200mg,Tablet,60,"1,067",3414.40,3.2,0.05,Hetero Unit III Hyderabad IN,TRUE,60,"$1,981.10 ",6.69
"12,879",123-NG-T01,Pre-PQ Process,SO-23430,DN-1183,Nigeria,PMO - US,From RDC,N/A - From RDC,Air Charter,Pre-PQ Process,N/A - From RDC,08-May-09,08-May-09,08-May-09,ARV,Adult,SCMS from RDC,"Lamivudine/Zidovudine 150/300mg, tablets, 60 Tabs",Lamivudine/Zidovudine,Generic,150/300mg,Tablet - FDC,60,"35,000",327250.00,9.35,0.16,"Aurobindo Unit III, India",TRUE,3162,"$15,128.37 ",641.41
"67,925",116-ZA-T30,FPQ-14942,SCMS-295800,ASN-33865,South Africa,PMO - US,Direct Drop,DDP,Truck,09-11-14,8/24/2015,24-Aug-15,24-Aug-15,24-Aug-15,ARV,Adult,PHARMACY DIRECT,"Nevirapine 200mg, tablets, 60 Tabs",Nevirapine,Generic,200mg,Tablet,60,18,247.28,13.74,0.23,"Aurobindo Unit III, India",FALSE,Weight Captured Separately,Freight Included in Commodity Cost,0.25
"68,110",116-ZA-T30,FPQ-13973,SCMS-238554,ASN-28629,South Africa,PMO - US,Direct Drop,DDP,Truck,4/30/2014,10-03-14,03-Oct-14,03-Oct-14,03-Oct-14,ARV,Adult,PHARMACY DIRECT,"Darunavir 300mg [Prezista], tablets, 120 Tabs",Darunavir,Prezista,300mg,Tablet,120,36,2509.54,69.71,0.58,"Janssen-Cilag, Latina, IT",FALSE,Weight Captured Separately,Freight Included in Commodity Cost,2.58
"68,116",116-ZA-T30,FPQ-13973,SCMS-238551,ASN-26882,South Africa,PMO - US,Direct Drop,DDP,Truck,4/30/2014,6/25/2014,25-Jun-14,25-Jun-14,25-Jun-14,ARV,Adult,PHARMACY DIRECT,"Efavirenz 600mg, tablets, 30 Tabs",Efavirenz,Generic,600mg,Tablet,30,106,1653.18,15.6,0.52,"Aurobindo Unit III, India",FALSE,Weight Captured Separately,Freight Included in Commodity Cost,1.7
"12,887",114-UG-T01,Pre-PQ Process,SO-30070,DN-1254,Uganda,PMO - US,From RDC,N/A - From RDC,Air,Pre-PQ Process,N/A - From RDC,01-Jun-09,01-Jun-09,01-Jun-09,ARV,Adult,SCMS from RDC,"Lamivudine/Nevirapine/Stavudine 150/200/30mg, tablets, 60 Tabs",Lamivudine/Nevirapine/Stavudine,Generic,150/200/30mg,Tablet - FDC,60,"3,895",27732.40,7.12,0.12,"Strides, Bangalore, India.",TRUE,289,"$2,798.70 ",54.36
"12,892",123-NG-T01,Pre-PQ Process,SO-24480,DN-1276,Nigeria,PMO - US,From RDC,N/A - From RDC,Air Charter,Pre-PQ Process,N/A - From RDC,16-Jun-09,16-Jun-09,16-Jun-09,ARV,Adult,SCMS from RDC,"Indinavir 400mg [Crixivan], capsules, 180 Caps",Indinavir,Crixivan,400mg,Capsule,180,400,20000.00,50,0.28,"MSD, Haarlem, NL",TRUE,89,"$7,329.83 ",39.2
"12,893",151-NG-T01,Pre-PQ Process,SO-30024,DN-1291,Nigeria,PMO - US,From RDC,N/A - From RDC,Air Charter,Pre-PQ Process,N/A - From RDC,16-Jun-09,16-Jun-09,16-Jun-09,ARV,Adult,SCMS from RDC,"Lamivudine/Nevirapine/Zidovudine 150/200/300mg, tablets, 60 Tabs",Lamivudine/Nevirapine/Zidovudine,Generic,150/300/200mg,Tablet - FDC,60,"3,190",36366.00,11.4,0.19,"Aurobindo Unit III, India",TRUE,361,"$7,329.83 ",71.28
"68,117",116-ZA-T30,FPQ-12522,SCMS-199280,ASN-24433,South Africa,PMO - US,Direct Drop,DDP,Truck,07-11-13,8/13/2013,07-Feb-14,07-Feb-14,07-Feb-14,ARV,Adult,S. BUYS WHOLESALER,"Lamivudine 150mg, tablets, 60 Tabs",Lamivudine,Generic,150mg,Tablet,60,415,4049.18,9.76,0.16,Hetero Unit III Hyderabad IN,FALSE,Weight Captured Separately,Freight Included in Commodity Cost,5.01
"12,896",111-MZ-T01,Pre-PQ Process,SO-32110,DN-1305,Mozambique,PMO - US,From RDC,N/A - From RDC,Air,Date Not Captured,N/A - From RDC,20-Aug-09,20-Aug-09,20-Aug-09,ARV,Adult,SCMS from RDC,"Nevirapine 200mg, tablets, 60 Tabs",Nevirapine,Generic,200mg,Tablet,60,"9,310",29792.00,3.2,0.05,Hetero Unit III Hyderabad IN,TRUE,376,"$2,342.92 ",58.39
"12,897",110-ZM-T01,Pre-PQ Process,SO-17640,DN-1324,Zambia,PMO - US,From RDC,N/A - From RDC,Air,Date Not Captured,N/A - From RDC,04-Sep-09,04-Sep-09,04-Sep-09,ARV,Adult,SCMS from RDC,"Efavirenz 600mg, tablets, 30 Tabs",Efavirenz,Generic,600mg,Tablet,30,"22,260",244860.00,11,0.37,"Aurobindo Unit III, India",TRUE,1921,"$2,448.71 ",479.93
"68,207",116-ZA-T30,FPQ-4770,SCMS-60170,ASN-5934,South Africa,PMO - US,Direct Drop,DDP,Truck,12/17/2009,12/23/2009,28-Dec-09,28-Dec-09,28-Dec-09,ARV,Pediatric,S. BUYS WHOLESALER,"Lamivudine 10mg/ml [Epivir], oral solution, Bottle, 240 ml",Lamivudine,Epivir,10mg/ml,Oral solution,240,800,4943.88,6.18,0.03,GSK Mississauga (Canada),FALSE,Weight Captured Separately,Freight Included in Commodity Cost,10.66
"12,899",151-NG-T01,Pre-PQ Process,SO-32647,DN-1341,Nigeria,PMO - US,From RDC,N/A - From RDC,Air Charter,Date Not Captured,N/A - From RDC,04-Aug-09,04-Aug-09,04-Aug-09,ARV,Adult,SCMS from RDC,"Lamivudine/Nevirapine/Zidovudine 150/200/300mg, tablets, 60 Tabs",Lamivudine/Nevirapine/Zidovudine,Generic,150/300/200mg,Tablet - FDC,60,"1,268",14455.20,11.4,0.19,"Aurobindo Unit III, India",TRUE,143,"$7,445.80 ",28.33
"12,900",110-ZM-T01,Pre-PQ Process,SO-30310,DN-1363,Zambia,PMO - US,From RDC,N/A - From RDC,Truck,Date Not Captured,N/A - From RDC,29-Sep-09,29-Sep-09,29-Sep-09,ARV,Adult,SCMS from RDC,"Efavirenz 600mg, tablets, 30 Tabs",Efavirenz,Generic,600mg,Tablet,30,"27,941",307351.00,11,0.37,"Emcure Plot No.P-2, I.T-B.T. Park, Phase II, MIDC, Hinjwadi, Pune, India",TRUE,1970,"$6,759.28 ",602.41
"12,902",106-HT-T01,Pre-PQ Process,SO-32750,DN-1372,Haiti,PMO - US,From RDC,N/A - From RDC,Air,Date Not Captured,N/A - From RDC,27-Aug-09,27-Aug-09,27-Aug-09,ARV,Pediatric,SCMS from RDC,"Zidovudine 10mg/ml, oral solution, Bottle, 240 ml",Zidovudine,Generic,10mg/ml,Oral solution,240,"2,757",5789.70,2.1,0.01,"Aurobindo Unit III, India",TRUE,1038,"$11,774.50 ",11.35
"68,231",116-ZA-T30,FPQ-13214,SCMS-215410,ASN-23875,South Africa,PMO - US,Direct Drop,DDP,Truck,11/14/2013,12-02-13,13-Jan-14,13-Jan-14,13-Jan-14,ARV,Adult,S. BUYS WHOLESALER,"Efavirenz 600mg, tablets, 30 Tabs",Efavirenz,Generic,600mg,Tablet,30,"2,157",33315.55,15.45,0.52,"Aurobindo Unit III, India",FALSE,Weight Captured Separately,Freight Included in Commodity Cost,34.25
"68,281",116-ZA-T30,FPQ-14942,SCMS-259075,ASN-32122,South Africa,PMO - US,Direct Drop,DDP,Truck,09-11-14,05-11-15,12-May-15,12-May-15,12-May-15,ARV,Adult,PHARMACY DIRECT,"Didanosine 250mg, delayed-release capsules, 30 Caps",Didanosine,Generic,250mg,Delayed-release capsules,30,5,55.08,11.02,0.37,"Aurobindo Unit III, India",FALSE,Weight Captured Separately,Freight Included in Commodity Cost,0.06
"12,905",104-CI-T01,Pre-PQ Process,SO-32220,DN-1390,Côte d'Ivoire,PMO - US,From RDC,N/A - From RDC,Air,Date Not Captured,N/A - From RDC,21-Aug-09,21-Aug-09,21-Aug-09,ARV,Adult,SCMS from RDC,"Lamivudine/Nevirapine/Zidovudine 150/200/300mg, tablets, 60 Tabs",Lamivudine/Nevirapine/Zidovudine,Generic,150/300/200mg,Tablet - FDC,60,"18,180",206343.00,11.35,0.19,"Aurobindo Unit III, India",TRUE,2047,"$6,739.08 ",404.43
"68,389",116-ZA-T30,FPQ-14942,SCMS-259072,ASN-30377,South Africa,PMO - US,Direct Drop,DDP,Truck,09-11-14,1/26/2015,26-Jan-15,26-Jan-15,26-Jan-15,ARV,Pediatric,PHARMACY DIRECT,"Efavirenz 50mg, capsule, 30 Caps",Efavirenz,Generic,50mg,Capsule,30,9,19.55,2.17,0.07,"Aurobindo Unit III, India",FALSE,Weight Captured Separately,Freight Included in Commodity Cost,0.02
"12,909",114-UG-T01,Pre-PQ Process,SO-31440,DN-1408,Uganda,PMO - US,From RDC,N/A - From RDC,Ocean,Date Not Captured,N/A - From RDC,15-Sep-09,15-Sep-09,15-Sep-09,ARV,Adult,SCMS from RDC,"Lamivudine/Nevirapine/Zidovudine 150/200/300mg, tablets, 60 Tabs",Lamivudine/Nevirapine/Zidovudine,Generic,150/300/200mg,Tablet - FDC,60,"8,784",99698.40,11.35,0.19,Mylan (formerly Matrix) Nashik,TRUE,1118,"$7,338.54 ",195.41
"68,457",161-ZA-T30,FPQ-6708,SCMS-93550,ASN-11511,South Africa,PMO - US,Direct Drop,DDP,Ocean,11/26/2010,12/14/2010,13-Jun-11,05-Sep-11,05-Sep-11,ARV,Adult,Aurobindo Pharma Limited,"Tenofovir Disoproxil Fumarate 300mg, tablets, 30 Tabs",Tenofovir Disoproxil Fumarate,Generic,300mg,Tablet,30,"29,031",193056.15,6.65,0.22,"Aurobindo Unit III, India",TRUE,Weight Captured Separately,Freight Included in Commodity Cost,318.54
"68,627",116-ZA-T30,FPQ-3596,SCMS-50363,ASN-6113,South Africa,PMO - US,Direct Drop,DDP,Truck,05-07-09,9/22/2009,27-Jan-10,27-Jan-10,27-Jan-10,ARV,Adult,S. BUYS WHOLESALER,"Stavudine 30mg, capsules, 60 Caps",Stavudine,Generic,30mg,Capsule,60,"3,000",13863.09,4.62,0.08,"Aurobindo Unit III, India",TRUE,Weight Captured Separately,Freight Included in Commodity Cost,27.17
"12,912",114-UG-T01,Pre-PQ Process,SO-32940,DN-1425,Uganda,PMO - US,From RDC,N/A - From RDC,Air,Date Not Captured,N/A - From RDC,07-Oct-09,07-Oct-09,07-Oct-09,ARV,Adult,SCMS from RDC,"Efavirenz 600mg, tablets, 30 Tabs",Efavirenz,Generic,600mg,Tablet,30,"29,426",201568.10,6.85,0.23,"Aurobindo Unit III, India",TRUE,2529,"$4,031.30 ",395.07
"68,641",116-ZA-T30,FPQ-13973,SCMS-238552,ASN-27609,South Africa,PMO - US,Direct Drop,DDP,Truck,4/30/2014,08-05-14,05-Aug-14,05-Aug-14,05-Aug-14,ARV,Adult,PHARMACY DIRECT,"Raltegravir 400mg [Isentress], tablets, 60 Tabs",Raltegravir,Isentress,400mg,Tablet,60,40,3199.67,79.99,1.33,"MSD, Haarlem, NL",FALSE,Weight Captured Separately,Freight Included in Commodity Cost,3.29
"12,914",151-NG-T01,Pre-PQ Process,SO-33332,DN-1435,Nigeria,PMO - US,From RDC,N/A - From RDC,Air Charter,Date Not Captured,N/A - From RDC,20-Oct-09,20-Oct-09,20-Oct-09,ARV,Adult,SCMS from RDC,"Lamivudine/Nevirapine/Zidovudine 150/200/300mg, tablets, 60 Tabs",Lamivudine/Nevirapine/Zidovudine,Generic,150/300/200mg,Tablet - FDC,60,"17,000",193800.00,11.4,0.19,"Aurobindo Unit III, India",TRUE,1914,"$9,341.49 ",379.85
"12,915",151-NG-T01,Pre-PQ Process,SO-33336,DN-1437,Nigeria,PMO - US,From RDC,N/A - From RDC,Air Charter,Date Not Captured,N/A - From RDC,20-Oct-09,20-Oct-09,20-Oct-09,ARV,Adult,SCMS from RDC,"Lamivudine/Nevirapine/Zidovudine 150/200/300mg, tablets, 60 Tabs",Lamivudine/Nevirapine/Zidovudine,Generic,150/300/200mg,Tablet - FDC,60,"3,001",34211.40,11.4,0.19,"Aurobindo Unit III, India",TRUE,338,"$9,341.49 ",67.05
"12,916",151-NG-T01,Pre-PQ Process,SO-27823,DN-1442,Nigeria,PMO - US,From RDC,N/A - From RDC,Air Charter,Date Not Captured,N/A - From RDC,20-Oct-09,20-Oct-09,20-Oct-09,ARV,Adult,SCMS from RDC,"Emtricitabine/Tenofovir Disoproxil Fumarate 200/300mg, tablets, 30 Tabs",Emtricitabine/Tenofovir Disoproxil Fumarate,Generic,200/300mg,Tablet - FDC,30,240,2820.00,11.75,0.39,Mylan (formerly Matrix) Nashik,TRUE,22,"$9,341.49 ",5.53
"12,917",151-NG-T01,Pre-PQ Process,SO-33338,DN-1445,Nigeria,PMO - US,From RDC,N/A - From RDC,Air Charter,Date Not Captured,N/A - From RDC,20-Oct-09,20-Oct-09,20-Oct-09,ARV,Adult,SCMS from RDC,"Lamivudine/Nevirapine/Zidovudine 150/200/300mg, tablets, 60 Tabs",Lamivudine/Nevirapine/Zidovudine,Generic,150/300/200mg,Tablet - FDC,60,"25,281",288203.40,11.4,0.19,"Aurobindo Unit III, India",TRUE,2847,"$9,341.49 ",564.88
"12,918",151-NG-T01,Pre-PQ Process,SO-33339,DN-1446,Nigeria,PMO - US,From RDC,N/A - From RDC,Air Charter,Date Not Captured,N/A - From RDC,20-Oct-09,20-Oct-09,20-Oct-09,ARV,Adult,SCMS from RDC,"Lamivudine/Nevirapine/Zidovudine 150/200/300mg, tablets, 60 Tabs",Lamivudine/Nevirapine/Zidovudine,Generic,150/300/200mg,Tablet - FDC,60,"16,912",192796.80,11.4,0.19,"Aurobindo Unit III, India",TRUE,1905,"$9,341.49 ",377.88
"68,647",116-ZA-T30,FPQ-15950,SCMS-277984,ASN-33454,South Africa,PMO - US,Direct Drop,DDP,Truck,2/20/2015,2/24/2015,23-Jul-15,23-Jul-15,23-Jul-15,ARV,Pediatric,PHARMACY DIRECT,"Ritonavir 80mg/ml [Norvir], oral solution, cool, Bottle, 90 ml",Ritonavir,Norvir,80mg/ml,Oral solution,90,3,14.91,4.97,0.06,ABBVIE (Abbott) France,TRUE,Weight Captured Separately,Freight Included in Commodity Cost,0.02
"12,920",111-MZ-T01,Pre-PQ Process,SO-26425,DN-1455,Mozambique,PMO - US,From RDC,N/A - From RDC,Truck,Date Not Captured,N/A - From RDC,17-Sep-09,17-Sep-09,17-Sep-09,ARV,Adult,SCMS from RDC,"Lamivudine/Nevirapine/Stavudine 150/200/30mg, tablets, 60 Tabs",Lamivudine/Nevirapine/Stavudine,Generic,150/200/30mg,Tablet - FDC,60,"1,604",11420.48,7.12,0.12,"Strides, Bangalore, India.",TRUE,120,"$1,799.88 ",22.38
"68,675",116-ZA-T30,FPQ-14942,SCMS-259079,ASN-33855,South Africa,PMO - US,Direct Drop,DDP,Truck,09-11-14,10-09-14,24-Aug-15,24-Aug-15,24-Aug-15,ARV,Adult,PHARMACY DIRECT,"Darunavir 600mg [Prezista], tablets, 60 Tabs",Darunavir,Prezista,600mg,Tablet,60,1,50.66,50.66,0.84,"Janssen-Cilag, Latina, IT",FALSE,Weight Captured Separately,Freight Included in Commodity Cost,0.05
"68,820",107-RW-T30,FPQ-6186,SCMS-83340,ASN-9217,Rwanda,PMO - US,Direct Drop,CIP,Air,8/13/2010,9/28/2010,12-Dec-10,12-Dec-10,12-Dec-10,ARV,Adult,MYLAN LABORATORIES LTD (FORMERLY MATRIX LABORATORIES),"Efavirenz/Lamivudine/Tenofovir Disoproxil Fumarate 600/300/300mg, tablets, 30 Tabs",Efavirenz/Lamivudine/Tenofovir Disoproxil Fumarate,Generic,600/300/300mg,Tablet - FDC,30,"22,347",390625.56,17.48,0.58,Mylan (formerly Matrix) Nashik,TRUE,Weight Captured Separately,Freight Included in Commodity Cost,842.19
"12,925",106-HT-T01,Pre-PQ Process,SO-34250,DN-1497,Haiti,PMO - US,From RDC,N/A - From RDC,Air,Date Not Captured,N/A - From RDC,22-Oct-09,22-Oct-09,22-Oct-09,ARV,Adult,SCMS from RDC,"Stavudine 30mg, capsules, 60 Caps",Stavudine,Generic,30mg,Capsule,60,"4,410",6438.60,1.46,0.02,"Aurobindo Unit III, India",TRUE,286,"$3,842.22 ",13.88
"12,926",117-ET-T01,Pre-PQ Process,SO-34350,DN-1502,Ethiopia,PMO - US,From RDC,N/A - From RDC,Air,Date Not Captured,N/A - From RDC,27-Oct-09,27-Oct-09,27-Oct-09,ARV,Adult,SCMS from RDC,"Nevirapine 200mg, tablets, 60 Tabs",Nevirapine,Generic,200mg,Tablet,60,"12,873",37331.70,2.9,0.05,"Aurobindo Unit III, India",TRUE,1258,"$6,027.68 ",80.49
"12,929",102-KE-T30,FPQ-4587,SCMS-58380,ASN-5901,Kenya,PMO - US,Direct Drop,EXW,Air,11/18/2009,12-02-09,16-Feb-10,19-Feb-10,19-Feb-10,HRDT,HIV test,"Orgenics, Ltd","HIV 1/2, Determine Complete HIV Kit, 100 Tests","HIV 1/2, Determine Complete HIV Kit",Determine,,Test kit,100,1,80.00,80,0.8,Inverness Japan,TRUE,1028,"$10,083.69 ",0.17
"12,935",108-VN-T30,FPQ-12051,SCMS-188650,ASN-23215,Vietnam,PMO - US,Direct Drop,EXW,Air,05-03-13,5/15/2013,09-Jan-14,09-Jan-14,09-Jan-14,ARV,Adult,MYLAN LABORATORIES LTD (FORMERLY MATRIX LABORATORIES),"Lamivudine/Zidovudine 150/300mg, tablets, 60 Tabs",Lamivudine/Zidovudine,Generic,150/300mg,Tablet - FDC,60,"11,092",74871.00,6.75,0.11,Mylan (formerly Matrix) Nashik,TRUE,957,"$1,869.41 ",92.62
"12,959",110-ZM-T30,FPQ-14827,SCMS-256500,ASN-31164,Zambia,PMO - US,Direct Drop,EXW,Air,8/19/2014,9/19/2014,12-May-15,12-May-15,14-May-15,HRDT,HIV test,"Orgenics, Ltd","HIV 1/2, Determine Complete HIV Kit, 100 Tests","HIV 1/2, Determine Complete HIV Kit",Determine,,Test kit,100,"6,280",502400.00,80,0.8,"Alere Medical Co., Ltd.",TRUE,2548,"$28,709.52 ",516.47
"12,973",106-HT-T30,FPQ-9066,SCMS-138620,ASN-14950,Haiti,PMO - US,Direct Drop,EXW,Air,01-06-12,2/24/2012,12-Jun-12,12-Jun-12,12-Jun-12,ARV,Pediatric,CIPLA LIMITED,"Lamivudine/Nevirapine/Stavudine 30/50/6mg, dispersible tablets, 60 Tabs",Lamivudine/Nevirapine/Stavudine,Generic,30/50/6mg,Chewable/dispersible tablet - FDC,60,298,685.40,2.3,0.04,"Cipla, Goa, India",TRUE,21,$304.62 ,0.96
"12,981",105-SS-T30,FPQ-11754,SCMS-181400,ASN-19428,South Sudan,PMO - US,Direct Drop,EXW,Air,2/22/2013,04-01-13,16-Aug-13,16-Aug-13,16-Aug-13,HRDT,HIV test,"Orgenics, Ltd","HIV 1/2, Determine Complete HIV Kit, 100 Tests","HIV 1/2, Determine Complete HIV Kit",Determine,,Test kit,100,90,8010.00,89,0.89,"Alere Medical Co., Ltd.",TRUE,39,"$1,434.98 ",9.91
"13,004",111-MZ-T30,FPQ-15276,SCMS-263040,ASN-31553,Mozambique,PMO - US,Direct Drop,FCA,Air,10/28/2014,11-07-14,15-Apr-15,15-Apr-15,15-Apr-15,ARV,Adult,ABBVIE LOGISTICS (FORMERLY ABBOTT LOGISTICS BV),"Ritonavir 100mg [Norvir], film coated tablets, 60 Tabs",Ritonavir,Norvir,100mg,Tablet,60,400,2740.00,6.85,0.11,ABBVIE Ludwigshafen Germany,TRUE,62,$642.99 ,3.22
"13,007",102-BI-T30,FPQ-11670,SCMS-179360,ASN-19161,Burundi,PMO - US,Direct Drop,EXW,Air,2/20/2013,3/14/2013,10-Jun-13,10-Jun-13,10-Jun-13,HRDT,HIV test,"Orgenics, Ltd","HIV 1/2, Determine Complete HIV Kit, 100 Tests","HIV 1/2, Determine Complete HIV Kit",Determine,,Test kit,100,"1,468",117440.00,80,0.8,"Alere Medical Co., Ltd.",TRUE,638,"$12,922.07 ",145.27
"13,016",102-BI-T30,FPQ-9231,SCMS-141760,ASN-14830,Burundi,PMO - US,Direct Drop,EXW,Air,2/17/2012,04-09-12,01-Jun-12,01-Jun-12,01-Jun-12,HRDT,HIV test,"CHEMBIO DIAGNOSTIC SYSTEMS, INC.","HIV 1/2, Stat-Pak Dipstick Assay Kit, 30 Tests","HIV 1/2, Stat-Pak Dipstick Assay Kit",Stat-Pak,,Test kit,30,305,7777.50,25.5,0.85,Chembio Diagnostics Sys. Inc.,TRUE,34,$836.80 ,10.9
"13,020",122-HT-T30,FPQ-8671,SCMS-131040,ASN-13448,Haiti,PMO - US,Direct Drop,EXW,Air,11-09-11,12/29/2011,30-Jan-12,30-Jan-12,30-Jan-12,MRDT,Malaria,Premier Medical Corporation Ltd.,"Malaria Antigen P.f Kit, 30 x 1 Test","Malaria Antigen P.f Kit, 30 x 1 Test",Generic,,Test kit,30,3,49.50,16.5,0.55,Premier Medical Corporation,TRUE,1,$969.55 ,0.07
"13,027",108-VN-T30,FPQ-13524,SCMS-226220,ASN-26923,Vietnam,PMO - US,Direct Drop,EXW,Air,02-06-14,03-10-14,29-Jul-14,29-Jul-14,06-Aug-14,ARV,Adult,HETERO LABS LIMITED,"Efavirenz 600mg, tablets, 30 Tabs",Efavirenz,Generic,600mg,Tablet,30,"5,300",18550.00,3.5,0.12,Hetero Unit III Hyderabad IN,TRUE,2922,"$5,616.02 ",19.07
"13,038",161-ZA-T30,FPQ-7175,SCMS-103410,ASN-12172,South Africa,PMO - US,Direct Drop,DDP,Ocean,03-10-11,3/24/2011,14-Sep-11,27-Oct-11,27-Oct-11,ARV,Pediatric,Aurobindo Pharma Limited,"Efavirenz 50mg, capsule, 30 Caps",Efavirenz,Generic,50mg,Capsule,30,"54,768",133633.92,2.44,0.08,"Aurobindo Unit III, India",TRUE,3237,"$10,923.46 ",220.5
"68,875",116-ZA-T30,FPQ-5381,SCMS-69590,ASN-6724,South Africa,PMO - US,Direct Drop,DDP,Truck,3/23/2010,3/25/2010,01-Apr-10,01-Apr-10,01-Apr-10,ARV,Adult,S. BUYS WHOLESALER,"Tenofovir Disoproxil Fumarate 300mg [Viread], tablets, 30 Tabs",Tenofovir Disoproxil Fumarate,Viread,300mg,Tablet,30,240,6944.46,28.94,0.96,"Aspen-OSD, Port Elizabeth, SA",FALSE,Weight Captured Separately,Freight Included in Commodity Cost,14.97
"68,893",116-ZA-T30,FPQ-3560,SCMS-49631,ASN-5446,South Africa,PMO - US,Direct Drop,DDP,Truck,05-07-09,7/21/2009,30-Sep-09,30-Sep-09,30-Sep-09,ARV,Adult,S. BUYS WHOLESALER,"Efavirenz 600mg, tablets, 30 Tabs",Efavirenz,Generic,600mg,Tablet,30,"15,328",291978.46,19.05,0.64,"Cipla, Goa, India",FALSE,Weight Captured Separately,Freight Included in Commodity Cost,572.28
"13,093",108-VN-T30,FPQ-12187,SCMS-188540,ASN-21695,Vietnam,PMO - US,Direct Drop,EXW,Air,05-03-13,05-10-13,11-Oct-13,09-Oct-13,09-Oct-13,ARV,Adult,MYLAN LABORATORIES LTD (FORMERLY MATRIX LABORATORIES),"Efavirenz/Lamivudine/Tenofovir Disoproxil Fumarate 600/300/300mg, tablets, 30 Tabs",Efavirenz/Lamivudine/Tenofovir Disoproxil Fumarate,Generic,600/300/300mg,Tablet - FDC,30,"11,500",132135.00,11.49,0.38,Mylan (formerly Matrix) Nashik,TRUE,1295,"$2,021.05 ",163.45
"13,106",108-VN-T30,FPQ-13976,SCMS-236120,ASN-27809,Vietnam,PMO - US,Direct Drop,EXW,Air,04-08-14,4/30/2014,16-Sep-14,16-Sep-14,01-Oct-14,ARV,Adult,HETERO LABS LIMITED,"Tenofovir Disoproxil Fumarate 300mg, tablets, 30 Tabs",Tenofovir Disoproxil Fumarate,Generic,300mg,Tablet,30,"16,000",56800.00,3.55,0.12,Hetero Unit III Hyderabad IN,TRUE,1948,"$3,138.25 ",58.39
"68,998",117-ET-T30,FPQ-4981,SCMS-65780,ASN-6734,Ethiopia,Ethiopia Field Office,Direct Drop,DDP,Truck,2/19/2010,03-04-10,25-Mar-10,25-Mar-10,25-Mar-10,HRDT,HIV test,TURE PHARMACEUTICALS & MEDICAL SUPPLIES P.L.C.,"HIV 1/2, Uni-Gold HIV Kit, 20 Tests","HIV 1/2, Uni-Gold HIV Kit",Uni-Gold,,Test kit,20,8,440.44,55.06,2.75,"Trinity Biotech, Plc",TRUE,Weight Captured Separately,Freight Included in Commodity Cost,0.95
"13,138",133-NG-T30,FPQ-10765,SCMS-162440,ASN-17530,Nigeria,PMO - US,Direct Drop,EXW,Air,10-05-12,10/16/2012,09-Jan-13,10-Jan-13,10-Jan-13,HRDT,HIV test,"Orgenics, Ltd","HIV 1/2, Determine Complete HIV Kit, 100 Tests","HIV 1/2, Determine Complete HIV Kit",Determine,,Test kit,100,"2,744",244216.00,89,0.89,"Alere Medical Co., Ltd.",TRUE,1186,"$25,193.28 ",342.39
"69,009",116-ZA-T30,FPQ-14942,SCMS-259079,ASN-33852,South Africa,PMO - US,Direct Drop,DDP,Truck,09-11-14,10-09-14,24-Aug-15,24-Aug-15,24-Aug-15,ARV,Pediatric,PHARMACY DIRECT,"Efavirenz 200mg, capsule, 90 Caps",Efavirenz,Generic,200mg,Capsule,90,41,748.24,18.25,0.2,"Aurobindo Unit III, India",FALSE,Weight Captured Separately,Freight Included in Commodity Cost,0.77
"69,235",116-ZA-T30,FPQ-13973,SCMS-238552,ASN-27609,South Africa,PMO - US,Direct Drop,DDP,Truck,4/30/2014,08-05-14,05-Aug-14,05-Aug-14,05-Aug-14,ARV,Adult,PHARMACY DIRECT,"Etravirine 100mg [Intelence], tablets, 120 Tabs",Etravirine,Intelence,100mg,Tablet,120,24,850.06,35.42,0.3,"Janssen-Cilag, Latina, IT",FALSE,Weight Captured Separately,Freight Included in Commodity Cost,0.87
"13,161",161-ZA-T30,FPQ-5303,SCMS-68910,ASN-7440,South Africa,PMO - US,Direct Drop,DDP,Air,3/18/2010,3/19/2010,24-Aug-10,24-Aug-10,24-Aug-10,ARV,Adult,Aurobindo Pharma Limited,"Efavirenz 600mg, tablets, 30 Tabs",Efavirenz,Generic,600mg,Tablet,30,"56,877",265615.59,4.67,0.16,"Aurobindo Unit III, India",TRUE,4815,"$5,886.90 ",572.67
"13,205",104-CI-T30,FPQ-3885,SCMS-48630,ASN-4783,Côte d'Ivoire,PMO - US,Direct Drop,EXW,Air,6/19/2009,07-09-09,15-Sep-09,15-Sep-09,15-Sep-09,HRDT,HIV test,"Orgenics, Ltd","HIV 1/2, Determine HIV Kit, without Lancets, 100 Tests","HIV 1/2, Determine HIV Kit, without Lancets",Determine,,Test kit,100,"3,500",245000.00,70,0.7,Inverness Japan,TRUE,893,"$12,858.12 ",480.2
"69,314",111-MZ-T30,FPQ-13241,SCMS-226030,ASN-28449,Mozambique,PMO - US,Direct Drop,CIP,Air,11/18/2013,3/14/2014,21-Oct-14,21-Oct-14,12-Nov-14,ARV,Adult,MERCK SHARP & DOHME IDEA GMBH (FORMALLY MERCK SHARP & DOHME B.V.),"Raltegravir 400mg [Isentress], tablets, 60 Tabs",Raltegravir,Isentress,400mg,Tablet,60,100,5550.00,55.5,0.92,"MSD, Haarlem, NL",TRUE,Weight Captured Separately,Freight Included in Commodity Cost,5.71
"13,275",108-VN-T30,FPQ-15692,SCMS-274370,ASN-32259,Vietnam,PMO - US,Direct Drop,EXW,Air,1/28/2015,2/17/2015,13-Jul-15,13-Jul-15,14-Jul-15,ARV,Adult,HETERO LABS LIMITED,"Efavirenz/Lamivudine/Tenofovir Disoproxil Fumarate 600/300/300mg, tablets, 30 Tabs",Efavirenz/Lamivudine/Tenofovir Disoproxil Fumarate,Generic,600/300/300mg,Tablet - FDC,30,"17,760",177600.00,10,0.33,Hetero Unit III Hyderabad IN,TRUE,2516,"$3,816.30 ",209.04
"13,277",108-VN-T30,FPQ-4098,SCMS-51780,ASN-5008,Vietnam,PMO - US,Direct Drop,EXW,Air,08-12-09,8/14/2009,26-Oct-09,26-Oct-09,26-Oct-09,ARV,Adult,MYLAN LABORATORIES LTD (FORMERLY MATRIX LABORATORIES),"Tenofovir Disoproxil Fumarate 300mg, tablets, 30 Tabs",Tenofovir Disoproxil Fumarate,Generic,300mg,Tablet,30,"1,680",13860.00,8.25,0.28,Mylan (formerly Matrix) Nashik,TRUE,110,$791.43 ,27.17
"13,302",107-RW-T30,FPQ-6185,SCMS-84420,ASN-8578,Rwanda,PMO - US,Direct Drop,CIP,Air,09-03-10,9/29/2010,02-Nov-10,02-Nov-10,02-Nov-10,ARV,Adult,MYLAN LABORATORIES LTD (FORMERLY MATRIX LABORATORIES),"Lamivudine/Tenofovir Disoproxil Fumarate 300/300mg, tablets, 30 Tabs",Lamivudine/Tenofovir Disoproxil Fumarate,Generic,300/300mg,Tablet - FDC,30,"138,422",1211192.50,8.75,0.29,Mylan (formerly Matrix) Nashik,TRUE,13147,"$4,781.80 ","2,611.33"
"13,311",104-CI-T30,FPQ-8929,SCMS-131880,ASN-14110,Côte d'Ivoire,PMO - US,Direct Drop,EXW,Air,12-08-11,1/17/2012,29-Mar-12,29-Mar-12,29-Mar-12,HRDT,HIV test,"Orgenics, Ltd","HIV 1/2, Determine Complete HIV Kit, 100 Tests","HIV 1/2, Determine Complete HIV Kit",Determine,,Test kit,100,"2,000",160000.00,80,0.8,"Alere Medical Co., Ltd.",TRUE,957,"$18,919.56 ",224.32
"13,379",103-MW-T30,FPQ-10790,SCMS-163880,ASN-17939,Malawi,PMO - US,Direct Drop,EXW,Ocean,10/17/2012,10/31/2012,21-Jun-13,21-Jun-13,21-Jun-13,ARV,Adult,MYLAN LABORATORIES LTD (FORMERLY MATRIX LABORATORIES),"Efavirenz/Lamivudine/Tenofovir Disoproxil Fumarate 600/300/300mg, tablets, 30 Tabs",Efavirenz/Lamivudine/Tenofovir Disoproxil Fumarate,Generic,600/300/300mg,Tablet - FDC,30,"243,800",2801262.00,11.49,0.38,Mylan (formerly Matrix) Nashik,TRUE,27549,"$24,875.46 ","3,465.16"
"69,461",116-ZA-T30,FPQ-13035,SCMS-215370,ASN-24415,South Africa,PMO - US,Direct Drop,DDP,Truck,10-08-13,12-02-13,06-Feb-14,06-Feb-14,06-Feb-14,ARV,Adult,S. BUYS WHOLESALER,"Emtricitabine/Tenofovir Disoproxil Fumarate 200/300mg, tablets, 30 Tabs",Emtricitabine/Tenofovir Disoproxil Fumarate,Generic,200/300mg,Tablet - FDC,30,4,119.68,29.92,1,"Aurobindo Unit III, India",FALSE,Weight Captured Separately,Freight Included in Commodity Cost,0.15
"69,483",116-ZA-T30,FPQ-14942,SCMS-259071,ASN-29597,South Africa,PMO - US,Direct Drop,DDP,Truck,09-11-14,11/28/2014,28-Nov-14,28-Nov-14,28-Nov-14,ARV,Adult,PHARMACY DIRECT,"Abacavir 300mg, tablets, 60 Tabs",Abacavir,Generic,300mg,Tablet,60,39,1944.25,49.85,0.83,"Aurobindo Unit III, India",FALSE,Weight Captured Separately,Freight Included in Commodity Cost,2
"13,487",106-HT-T30,FPQ-14895,SCMS-261510,ASN-30067,Haiti,PMO - US,Direct Drop,EXW,Ocean,9/24/2014,11/14/2014,13-Mar-15,13-Mar-15,18-Mar-15,ARV,Adult,MYLAN LABORATORIES LTD (FORMERLY MATRIX LABORATORIES),"Efavirenz/Lamivudine/Tenofovir Disoproxil Fumarate 600/300/300mg, tablets, 30 Tabs",Efavirenz/Lamivudine/Tenofovir Disoproxil Fumarate,Generic,600/300/300mg,Tablet - FDC,30,"25,000",256000.00,10.24,0.34,Mylan (formerly Matrix) Nashik,TRUE,3034,"$7,658.27 ",263.17
"13,544",104-CI-T30,FPQ-14372,SCMS-246550,ASN-29074,Côte d'Ivoire,PMO - US,Direct Drop,FCA,Air,06-03-14,7/31/2014,03-Nov-14,03-Nov-14,07-Nov-14,ARV,Pediatric,ABBVIE LOGISTICS (FORMERLY ABBOTT LOGISTICS BV),"Lopinavir/Ritonavir 80/20mg/ml [Kaletra], oral solution, cool, Bottle 5 x 60 ml",Lopinavir/Ritonavir,Kaletra,80/20mg/ml,Oral solution,300,500,15410.00,30.82,0.1,ABBVIE (Abbott) Logis. UK,TRUE,505,"$6,523.85 ",15.84
"13,547",101-CD-T30,FPQ-14654,SCMS-253260,ASN-28279,"Congo, DRC",PMO - US,Direct Drop,EXW,Air,08-11-14,8/27/2014,04-Nov-14,04-Nov-14,20-Nov-14,HRDT,HIV test,"Trinity Biotech, Plc","HIV 1/2, Uni-Gold HIV Kit, 20 Tests","HIV 1/2, Uni-Gold HIV Kit",Uni-Gold,,Test kit,20,77,2464.00,32,1.6,"Trinity Biotech, Plc",TRUE,509,"$8,021.11 ",2.53
"15,356",102-SD-T30,FPQ-8261,SCMS-120472,ASN-13347,Sudan,PMO - US,Direct Drop,EXW,Air,8/29/2011,09-07-11,08-Feb-12,08-Feb-12,08-Feb-12,HRDT,HIV test,"Trinity Biotech, Plc","HIV 1/2, Uni-Gold HIV Kit, 20 Tests","HIV 1/2, Uni-Gold HIV Kit",Uni-Gold,,Test kit,20,35,1120.00,32,1.6,"Trinity Biotech, Plc",TRUE,12,$646.81 ,1.85
"13,555",108-VN-T30,FPQ-14516,SCMS-249040,ASN-29768,Vietnam,PMO - US,Direct Drop,EXW,Air,07-09-14,08-08-14,05-Feb-15,05-Feb-15,05-Feb-15,ARV,Adult,MYLAN LABORATORIES LTD (FORMERLY MATRIX LABORATORIES),"Lamivudine/Nevirapine/Zidovudine 150/200/300mg, tablets, 60 Tabs",Lamivudine/Nevirapine/Zidovudine,Generic,150/300/200mg,Tablet - FDC,60,"13,000",105300.00,8.1,0.13,Mylan (formerly Matrix) Nashik,TRUE,2672,"$2,504.64 ",108.25
"69,505",116-ZA-T30,FPQ-12522,SCMS-199289,ASN-28033,South Africa,PMO - US,Direct Drop,DDP,Truck,07-11-13,8/29/2014,29-Aug-14,29-Aug-14,29-Aug-14,ARV,Adult,S. BUYS WHOLESALER,"Lamivudine/Nevirapine/Stavudine 150/200/30mg, tablets, 60 Tabs",Lamivudine/Nevirapine/Stavudine,Generic,150/200/30mg,Tablet - FDC,60,19,574.65,30.24,0.5,"Cipla, Goa, India",FALSE,Weight Captured Separately,Freight Included in Commodity Cost,0.71
"13,571",105-SS-T30,FPQ-14470,SCMS-245240,ASN-29503,South Sudan,PMO - US,Direct Drop,EXW,Air,6/17/2014,07-01-14,09-Jan-15,09-Jan-15,19-Jan-15,HRDT,HIV test,"Trinity Biotech, Plc","HIV 1/2, Uni-Gold HIV Kit, 20 Tests","HIV 1/2, Uni-Gold HIV Kit",Uni-Gold,,Test kit,20,18,576.00,32,1.6,"Trinity Biotech, Plc",TRUE,177,"$1,692.35 ",0.59
"13,581",102-SZ-T30,FPQ-7936,SCMS-113480,ASN-11824,Swaziland,PMO - US,Direct Drop,EXW,Air,6/21/2011,7/13/2011,28-Sep-11,28-Sep-11,28-Sep-11,HRDT,HIV test,"Orgenics, Ltd","HIV 1/2, Determine Complete HIV Kit, 100 Tests","HIV 1/2, Determine Complete HIV Kit",Determine,,Test kit,100,377,30160.00,80,0.8,Inverness Japan,TRUE,172,"$4,504.46 ",49.76
"13,608",114-UG-T30,FPQ-9365,SCMS-143480,ASN-14973,Uganda,PMO - US,Direct Drop,DDP,Air,3/15/2012,4/17/2012,21-May-12,21-May-12,21-May-12,ARV,Adult,ASPEN PHARMACARE,"Etravirine 100mg [Intelence], tablets, 120 Tabs",Etravirine,Intelence,100mg,Tablet,120,121,9075.00,75,0.62,"Janssen-Cilag, Latina, IT",TRUE,43,$199 ,12.72
"69,630",116-ZA-T30,FPQ-12522,SCMS-199283,ASN-27980,South Africa,PMO - US,Direct Drop,DDP,Truck,07-11-13,8/27/2014,27-Aug-14,27-Aug-14,27-Aug-14,ARV,Pediatric,S. BUYS WHOLESALER,"Efavirenz 200mg, capsule, 90 Caps",Efavirenz,Generic,200mg,Capsule,90,22,580.11,26.37,0.29,"Aurobindo Unit III, India",FALSE,Weight Captured Separately,Freight Included in Commodity Cost,0.72
"13,652",108-VN-T30,FPQ-3896,SCMS-48290,ASN-4872,Vietnam,PMO - US,Direct Drop,EXW,Air,6/25/2009,6/29/2009,30-Sep-09,30-Sep-09,30-Sep-09,ARV,Adult,MYLAN LABORATORIES LTD (FORMERLY MATRIX LABORATORIES),"Efavirenz 600mg, tablets, 30 Tabs",Efavirenz,Generic,600mg,Tablet,30,"21,504",139776.00,6.5,0.22,Mylan (formerly Matrix) Nashik,TRUE,1849,"$4,191.83 ",273.96
"13,696",105-DO-T30,FPQ-7858,SCMS-117380,ASN-12145,Dominican Republic,PMO - US,Direct Drop,EXW,Air,6/21/2011,08-03-11,27-Sep-11,27-Sep-11,27-Sep-11,HRDT,HIV test - Ancillary,"Standard Diagnostics, Inc.","HIV 1/2, Bioline 3.0 Diluent, 25 Tests, Bottle x 5 ml","HIV 1/2, Bioline 3.0 Diluent, 25 Tests",Bioline,,Test kit - Ancillary,1,448,403.20,0.9,0.9,"Standard Diagnostics, Korea",TRUE,71,$844.36 ,0.67
"13,700",111-MZ-T30,FPQ-13395,SCMS-219220,ASN-25451,Mozambique,PMO - US,Direct Drop,EXW,Air,12-11-13,12/17/2013,02-May-14,02-May-14,07-May-14,ARV,Adult,HETERO LABS LIMITED,"Lamivudine/Nevirapine/Zidovudine 150/200/300mg, tablets, 60 Tabs",Lamivudine/Nevirapine/Zidovudine,Generic,150/300/200mg,Tablet - FDC,60,"35,136",284952.96,8.11,0.14,Hetero Unit III Hyderabad IN,TRUE,4784,"$19,286.53 ",292.93
"13,708",101-CD-T30,FPQ-13548,SCMS-224840,ASN-24721,"Congo, DRC",PMO - US,Direct Drop,EXW,Air,1/22/2014,1/28/2014,04-Apr-14,04-Apr-14,28-Apr-14,HRDT,HIV test,"Trinity Biotech, Plc","HIV 1/2, Uni-Gold HIV Kit, 20 Tests","HIV 1/2, Uni-Gold HIV Kit",Uni-Gold,,Test kit,20,32,1024.00,32,1.6,"Trinity Biotech, Plc",TRUE,54,"$2,734.02 ",1.05
"13,739",106-HT-T30,FPQ-11443,SCMS-180940,ASN-19819,Haiti,PMO - US,Direct Drop,EXW,Ocean,02-07-13,3/22/2013,02-Sep-13,02-Sep-13,02-Sep-13,ARV,Pediatric,Aurobindo Pharma Limited,"Zidovudine 10mg/ml, oral solution w/syringe, Bottle, 240 ml",Zidovudine,Generic,10mg/ml,Oral solution,240,"1,832",3847.20,2.1,0.01,"Aurobindo Unit III, India",TRUE,3504,"$7,117.39 ",4.76
"13,748",104-CI-T30,FPQ-3885,SCMS-48620,ASN-4720,Côte d'Ivoire,PMO - US,Direct Drop,EXW,Air,6/19/2009,07-07-09,11-Sep-09,11-Sep-09,11-Sep-09,HRDT,HIV test,"CHEMBIO DIAGNOSTIC SYSTEMS, INC.","HIV 1/2, Stat-Pak HIV, Kit, 20 Tests","HIV 1/2, Stat-Pak HIV, Kit",Stat-Pak,,Test kit,20,350,9450.00,27,1.35,Chembio Diagnostics Sys. Inc.,TRUE,205,"$1,437.40 ",18.52
"13,761",108-VN-T30,FPQ-9576,SCMS-145320,ASN-16055,Vietnam,PMO - US,Direct Drop,FCA,Air,04-11-12,6/15/2012,03-Oct-12,03-Oct-12,03-Oct-12,ARV,Adult,ABBVIE LOGISTICS (FORMERLY ABBOTT LOGISTICS BV),"Ritonavir 100mg [Norvir], film coated tablets, 30 Tabs",Ritonavir,Norvir,100mg,Tablet,30,174,4047.24,23.26,0.78,ABBVIE Ludwigshafen Germany,TRUE,21,$583.66 ,5.67
"69,667",116-ZA-T30,FPQ-13035,SCMS-215370,ASN-24415,South Africa,PMO - US,Direct Drop,DDP,Truck,10-08-13,12-02-13,06-Feb-14,06-Feb-14,06-Feb-14,ARV,Adult,S. BUYS WHOLESALER,"Tenofovir Disoproxil Fumarate 300mg, tablets, 30 Tabs",Tenofovir Disoproxil Fumarate,Generic,300mg,Tablet,30,141,2682.45,19.02,0.63,"Aurobindo Unit III, India",FALSE,Weight Captured Separately,Freight Included in Commodity Cost,3.32
"69,968",116-ZA-T30,FPQ-3560,SCMS-49681,ASN-5497,South Africa,PMO - US,Direct Drop,DDP,Truck,05-07-09,7/21/2009,30-Oct-09,30-Oct-09,30-Oct-09,ARV,Pediatric,S. BUYS WHOLESALER,"Efavirenz 50mg, capsule, 30 Caps",Efavirenz,Generic,50mg,Capsule,30,90,369.49,4.11,0.14,"Aurobindo Unit III, India",TRUE,Weight Captured Separately,Freight Included in Commodity Cost,0.72
"13,817",113-ZW-T30,FPQ-13939,SCMS-234720,ASN-26119,Zimbabwe,PMO - US,Direct Drop,EXW,Air,04-01-14,05-08-14,14-Jun-14,14-Jun-14,16-Jun-14,ARV,Adult,Aurobindo Pharma Limited,"Lamivudine/Tenofovir Disoproxil Fumarate 300/300mg, tablets, 30 Tabs",Lamivudine/Tenofovir Disoproxil Fumarate,Generic,300/300mg,Tablet - FDC,30,"32,670",151915.50,4.65,0.16,"Aurobindo Unit VII, IN",TRUE,3076,"$25,730.13 ",156.17
"13,841",107-RW-T30,FPQ-4011,SCMS-50290,ASN-6267,Rwanda,PMO - US,Direct Drop,CIP,Air,7/16/2009,8/31/2009,16-Apr-10,16-Apr-10,16-Apr-10,ARV,Adult,MYLAN LABORATORIES LTD (FORMERLY MATRIX LABORATORIES),"Lamivudine/Tenofovir Disoproxil Fumarate 300/300mg, tablets, 30 Tabs",Lamivudine/Tenofovir Disoproxil Fumarate,Generic,300/300mg,Tablet - FDC,30,"62,209",681188.55,10.95,0.36,Mylan (formerly Matrix) Nashik,TRUE,5795,"$63,600.40 ","1,335.13"
"13,842",101-CD-T30,FPQ-14255,SCMS-239810,ASN-27324,"Congo, DRC",PMO - US,Direct Drop,EXW,Air,5/15/2014,5/19/2014,30-Sep-14,30-Sep-14,21-Oct-14,ARV,Pediatric,Aurobindo Pharma Limited,"Nevirapine 50mg, dispersible tablets (tablets for oral suspension), 30 Tabs",Nevirapine,Generic,50mg,Chewable/dispersible tablet,30,940,1175.00,1.25,0.04,"Aurobindo Unit III, India",TRUE,132,"$2,516.57 ",1.21
"15,368",108-VN-T30,FPQ-4265,SCMS-57130,ASN-6266,Vietnam,PMO - US,Direct Drop,EXW,Air,10/20/2009,11/13/2009,19-Mar-10,19-Mar-10,19-Mar-10,ARV,Adult,Aurobindo Pharma Limited,"Lamivudine 150mg, tablets, 60 Tabs",Lamivudine,Generic,150mg,Tablet,60,"24,480",58752.00,2.4,0.04,"Aurobindo Unit III, India",TRUE,3536,"$20,910.43 ",115.15
"70,014",116-ZA-T30,FPQ-11828,SCMS-183950,ASN-19166,South Africa,South Africa Field Office,Direct Drop,DDP,Truck,3/18/2013,Date Not Captured,16-Apr-13,16-Apr-13,16-Apr-13,ARV,Adult,S. BUYS WHOLESALER,"Lamivudine/Zidovudine 150/300mg [Combivir], tablets, 60 Tabs",Lamivudine/Zidovudine,Combivir,150/300mg,Tablet - FDC,60,2,71.35,35.67,0.59,"GSK, U1, Poznan, Poland",FALSE,Weight Captured Separately,Freight Included in Commodity Cost,0.09
"13,862",102-BI-T30,FPQ-15186,SCMS-260800,ASN-30384,Burundi,PMO - US,Direct Drop,EXW,Air,10/17/2014,11-12-14,18-Feb-15,18-Feb-15,18-Feb-15,HRDT,HIV test,"CHEMBIO DIAGNOSTIC SYSTEMS, INC.","HIV 1/2, Stat-Pak Dipstick Assay Kit, 30 Tests","HIV 1/2, Stat-Pak Dipstick Assay Kit",Stat-Pak,,Test kit,30,595,16422.00,27.6,0.92,Chembio Diagnostics Sys. Inc.,TRUE,63,$865.67 ,19.33
"13,874",106-HT-T30,FPQ-11443,SCMS-180960,ASN-20434,Haiti,PMO - US,Direct Drop,EXW,Air,02-07-13,3/22/2013,14-Aug-13,14-Aug-13,14-Aug-13,ARV,Adult,MICRO LABS LIMITED,"Efavirenz 600mg, tablets, 30 Tabs",Efavirenz,Generic,600mg,Tablet,30,"14,448",46667.04,3.23,0.11,"Micro labs, Verna, Goa, India",TRUE,2284,"$13,257.25 ",57.73
"13,886",114-UG-T30,FPQ-12290,SCMS-192080,ASN-22594,Uganda,PMO - US,Direct Drop,CIP,Air,5/17/2013,07-03-13,20-Nov-13,20-Nov-13,21-Nov-13,ARV,Adult,ASPEN PHARMACARE,"Etravirine 100mg [Intelence], tablets, 120 Tabs",Etravirine,Intelence,100mg,Tablet,120,108,3888.00,36,0.3,"Janssen-Cilag, Latina, IT",TRUE,22,$265 ,4.81
"13,897",102-KE-T30,FPQ-8446,SCMS-124900,ASN-13149,Kenya,PMO - US,Direct Drop,EXW,Air,10-05-11,10/26/2011,17-Jan-12,17-Jan-12,17-Jan-12,HRDT,HIV test,"Orgenics, Ltd","HIV 1/2, Determine Complete HIV Kit, 100 Tests","HIV 1/2, Determine Complete HIV Kit",Determine,,Test kit,100,"8,298",738522.00,89,0.89,"Alere Medical Co., Ltd.",TRUE,1427,"$16,090.59 ","1,218.56"
"70,138",116-ZA-T30,FPQ-13973,SCMS-238553,ASN-28021,South Africa,PMO - US,Direct Drop,DDP,Truck,4/30/2014,8/28/2014,28-Aug-14,28-Aug-14,28-Aug-14,ARV,Adult,PHARMACY DIRECT,"Efavirenz 600mg, tablets, 30 Tabs",Efavirenz,Generic,600mg,Tablet,30,120,1871.52,15.6,0.52,"Aurobindo Unit III, India",FALSE,Weight Captured Separately,Freight Included in Commodity Cost,1.92
"13,900",103-CM-T30,FPQ-12659,SCMS-201930,ASN-21679,Cameroon,PMO - US,Direct Drop,EXW,Air,7/26/2013,08-06-13,10-Oct-13,10-Oct-13,18-Oct-13,HRDT,HIV test,"Orgenics, Ltd","HIV 1/2, Determine Kit without Lancets, Buffer or Caplillary Tubes, 100 Tests","HIV 1/2, Determine Kit without Lancets, Buffer or Capillary Tubes, 100 Tests",Determine,,Test kit,100,120,8658.00,72.15,0.72,"Alere Medical Co., Ltd.",TRUE,Weight Captured Separately,"$1,090.87 ",10.71
"13,903",109-TZ-T30,FPQ-12588,SCMS-200851,ASN-24301,Tanzania,PMO - US,Direct Drop,EXW,Air,7/15/2013,10-08-13,22-Mar-14,22-Mar-14,22-Mar-14,ARV,Pediatric,Aurobindo Pharma Limited,"Efavirenz 50mg, capsule, 30 Caps",Efavirenz,Generic,50mg,Capsule,30,"5,925",9243.00,1.56,0.05,"Aurobindo Unit III, India",TRUE,394,"$3,245.39 ",11.43
"13,904",108-VN-T30,FPQ-13976,SCMS-236050,ASN-27943,Vietnam,PMO - US,Direct Drop,EXW,Air,04-08-14,4/30/2014,30-Oct-14,30-Oct-14,04-Nov-14,ARV,Adult,MYLAN LABORATORIES LTD (FORMERLY MATRIX LABORATORIES),"Lamivudine/Zidovudine 150/300mg, tablets, 60 Tabs",Lamivudine/Zidovudine,Generic,150/300mg,Tablet - FDC,60,"9,800",63602.00,6.49,0.11,Mylan (formerly Matrix) Nashik,TRUE,2235,"$3,708.72 ",65.38
"13,915",800-CM-T30,FPQ-12570,SCMS-200891,ASN-25755,Cameroon,PMO - US,Direct Drop,EXW,Air,07-10-13,08-06-13,15-May-14,15-May-14,15-May-14,HRDT,HIV test,Orasure Technologies Inc.,"HIV 1/2, OraQuick Rapid Antibody Kit, 100 Tests","HIV 1/2, OraQuick Rapid Antibody Kit",OraQuick,,Test kit,100,"1,000",350000.00,350,3.5,"Orasure Technologies, Inc",TRUE,2090,"$51,331.09 ",432.95
"13,926",161-ZA-T30,FPQ-5303,SCMS-68750,ASN-8885,South Africa,PMO - US,Direct Drop,DDP,Air,3/18/2010,3/19/2010,13-Oct-10,25-Jan-11,25-Jan-11,ARV,Adult,CIPLA LIMITED,"Tenofovir Disoproxil Fumarate 300mg, tablets, 30 Tabs",Tenofovir Disoproxil Fumarate,Generic,300mg,Tablet,30,"19,992",156337.44,7.82,0.26,"Cipla, Goa, India",TRUE,1378,"$3,646.10 ",337.06
"13,959",110-ZM-T30,FPQ-14291,SCMS-242720,ASN-28530,Zambia,PMO - US,Direct Drop,EXW,Air,5/21/2014,06-04-14,01-Dec-14,01-Dec-14,10-Dec-14,ARV,Pediatric,MYLAN LABORATORIES LTD (FORMERLY MATRIX LABORATORIES),"Lamivudine/Zidovudine 30/60mg, dispersible tablets, 60 Tabs",Lamivudine/Zidovudine,Generic,30/60mg,Chewable/dispersible tablet - FDC,60,"10,000",19900.00,1.99,0.03,"Mylan,  H-12 & H-13, India",TRUE,849,"$4,316.34 ",20.46
"13,968",105-SS-T30,FPQ-12623,SCMS-200920,ASN-21751,South Sudan,PMO - US,Direct Drop,EXW,Air,7/18/2013,08-06-13,18-Oct-13,18-Oct-13,18-Oct-13,HRDT,HIV test,"Trinity Biotech, Plc","HIV 1/2, Uni-Gold HIV Kit, 20 Tests","HIV 1/2, Uni-Gold HIV Kit",Uni-Gold,,Test kit,20,35,1120.00,32,1.6,"Trinity Biotech, Plc",TRUE,176,"$4,124.74 ",1.39
"13,978",108-VN-T30,FPQ-11418,SCMS-176300,ASN-19787,Vietnam,PMO - US,Direct Drop,EXW,Air,1/29/2013,02-06-13,01-Jul-13,01-Jul-13,01-Jul-13,ARV,Adult,HETERO LABS LIMITED,"Lamivudine/Zidovudine 150/300mg, tablets, 60 Tabs",Lamivudine/Zidovudine,Generic,150/300mg,Tablet - FDC,60,"9,095",62300.75,6.85,0.11,Hetero Unit III Hyderabad IN,TRUE,1736,"$8,163.83 ",77.07
"13,988",106-HT-T30,FPQ-12041,SCMS-189220,ASN-20209,Haiti,PMO - US,Direct Drop,EXW,Air,4/26/2013,5/21/2013,09-Jul-13,09-Jul-13,09-Jul-13,HRDT,HIV test,"SHANGHAI KEHUA BIOENGINEERING CO.,LTD.  (KHB)","HIV 1/2, SKB Colloidal Gold, Diagnostic Kit, Antibody, 50 Tests","HIV 1/2, Colloidal Gold, Diagnostic Kit, Antibody",Colloidal Gold,,Test kit,1,300,7350.00,24.5,24.5,"KHB Test Kit Facility, Shanghai China",TRUE,182,"$2,581.83 ",9.09
"14,016",108-VN-T30,FPQ-13976,SCMS-236070,ASN-28062,Vietnam,PMO - US,Direct Drop,EXW,Air,04-08-14,4/30/2014,07-Nov-14,07-Nov-14,08-Nov-14,ARV,Adult,MICRO LABS LIMITED,"Nevirapine 200mg, tablets, 60 Tabs",Nevirapine,Generic,200mg,Tablet,60,"7,600",15808.00,2.08,0.03,"Micro labs, Verna, Goa, India",TRUE,1292,"$2,800.95 ",16.25
"14,018",106-HT-T30,FPQ-14895,SCMS-261060,ASN-30093,Haiti,PMO - US,Direct Drop,EXW,Air,9/24/2014,11/14/2014,12-Feb-15,12-Feb-15,13-Feb-15,ARV,Adult,HETERO LABS LIMITED,"Lamivudine/Zidovudine 150/300mg, tablets, 60 Tabs",Lamivudine/Zidovudine,Generic,150/300mg,Tablet - FDC,60,"50,544",334095.84,6.61,0.11,"Hetero, Jadcherla, unit 5, IN",TRUE,4669,"$34,778.32 ",343.45
"70,211",116-ZA-T30,FPQ-13973,SCMS-238553,ASN-28021,South Africa,PMO - US,Direct Drop,DDP,Truck,4/30/2014,8/28/2014,28-Aug-14,28-Aug-14,28-Aug-14,ARV,Pediatric,PHARMACY DIRECT,"Lamivudine 10mg/ml, oral solution, Bottle, 240 ml",Lamivudine,Generic,10mg/ml,Oral solution,240,20,143.05,7.15,0.03,"Aurobindo Unit III, India",FALSE,Weight Captured Separately,Freight Included in Commodity Cost,0.15
"14,043",108-VN-T30,FPQ-5019,SCMS-64580,ASN-6269,Vietnam,PMO - US,Direct Drop,EXW,Air,02-02-10,02-03-10,30-Mar-10,30-Mar-10,30-Mar-10,ARV,Adult,Aurobindo Pharma Limited,"Tenofovir Disoproxil Fumarate 300mg, tablets, 30 Tabs",Tenofovir Disoproxil Fumarate,Generic,300mg,Tablet,30,"3,528",27342.00,7.75,0.26,"Aurobindo Unit III, India",TRUE,395,"$3,538.57 ",58.95
"14,079",109-TZ-T30,FPQ-12197,SCMS-189360,ASN-21229,Tanzania,PMO - US,Direct Drop,EXW,Air,4/30/2013,5/29/2013,17-Sep-13,17-Sep-13,17-Sep-13,HRDT,HIV test,"Standard Diagnostics, Inc.","HIV 1/2, Determine Complete HIV Kit, 100 Tests","HIV 1/2, Determine Complete HIV Kit",Determine,,Test kit,100,"2,915",0.00,0,0,"Alere Medical Co., Ltd.",TRUE,1208,"$20,583.37 ",0
"14,097",102-BI-T30,FPQ-14594,SCMS-250110,ASN-28194,Burundi,PMO - US,Direct Drop,EXW,Air,7/17/2014,08-06-14,06-Oct-14,06-Oct-14,06-Oct-14,HRDT,HIV test,"Orgenics, Ltd","HIV 1/2, Determine Complete HIV Kit, 100 Tests","HIV 1/2, Determine Complete HIV Kit",Determine,,Test kit,100,"3,484",278720.00,80,0.8,"Alere Medical Co., Ltd.",TRUE,1415,"$33,228.68 ",286.52
"14,178",109-TZ-T30,FPQ-7909,SCMS-114990,ASN-12248,Tanzania,PMO - US,Direct Drop,EXW,Air,6/24/2011,7/18/2011,29-Sep-11,29-Oct-11,29-Oct-11,HRDT,HIV test,"Standard Diagnostics, Inc.","HIV 1/2, Bioline 3.0 Kit, Lancets, Capillary pipets, Alcohol swabs included, 25 Tests","HIV 1/2, Bioline 3.0 Kit, Lancets, Capillary pipets, Alcohol swabs included",Bioline,,Test kit,25,"10,000",200000.00,20,0.8,"Standard Diagnostics, Korea",TRUE,3334,"$21,952.35 ",330
"14,180",110-ZM-T30,FPQ-14081,SCMS-238950,ASN-26391,Zambia,PMO - US,Direct Drop,EXW,Air,4/15/2014,5/16/2014,28-Jul-14,28-Jul-14,15-Aug-14,HRDT,HIV test,"Trinity Biotech, Plc","HIV 1/2, Uni-Gold HIV Kit, 20 Tests","HIV 1/2, Uni-Gold HIV Kit",Uni-Gold,,Test kit,20,"9,500",304000.00,32,1.6,"Trinity Biotech, Plc",TRUE,2783,"$20,621.10 ",312.51
"14,195",100-BJ-T30,FPQ-7660,SCMS-109830,ASN-11115,Benin,PMO - US,Direct Drop,EXW,Air,5/16/2011,5/27/2011,12-Jul-11,12-Jul-11,12-Jul-11,ARV,Adult,MYLAN LABORATORIES LTD (FORMERLY MATRIX LABORATORIES),"Efavirenz/Lamivudine/Tenofovir Disoproxil Fumarate 600/300/300mg, tablets, 30 Tabs",Efavirenz/Lamivudine/Tenofovir Disoproxil Fumarate,Generic,600/300/300mg,Tablet - FDC,30,"1,244",17540.40,14.1,0.47,Mylan (formerly Matrix) Nashik,TRUE,175,"$5,864.56 ",28.94
"70,260",116-ZA-T30,FPQ-4770,SCMS-60170,ASN-5933,South Africa,PMO - US,Direct Drop,DDP,Truck,12/17/2009,12/23/2009,29-Dec-09,29-Dec-09,29-Dec-09,ARV,Adult,S. BUYS WHOLESALER,"Abacavir 300mg [Ziagen], tablets, Blister 6 x 10 Tabs",Abacavir,Ziagen,300mg,Tablet - blister,60,40,1607.43,40.19,0.67,GSK Ware (UK),FALSE,Weight Captured Separately,Freight Included in Commodity Cost,3.47
"14,210",104-CI-T30,FPQ-8302,SCMS-123870,ASN-12934,Côte d'Ivoire,PMO - US,Direct Drop,EXW,Air,8/29/2011,9/30/2011,01-Dec-11,01-Dec-11,01-Dec-11,ARV,Adult,MYLAN LABORATORIES LTD (FORMERLY MATRIX LABORATORIES),"Abacavir/Lamivudine/Zidovudine 300/150/300mg, tablets, 60 Tabs",Abacavir/Lamivudine/Zidovudine,Generic,300/150/300mg,Tablet - FDC,60,"4,000",112000.00,28,0.47,Mylan (formerly Matrix) Nashik,TRUE,655,"$5,300.24 ",184.8
"14,230",107-RW-T30,FPQ-11585,SCMS-176980,ASN-18319,Rwanda,PMO - US,Direct Drop,FCA,Air,02-03-13,02-06-13,17-May-13,17-May-13,17-May-13,ARV,Pediatric,ABBVIE LOGISTICS (FORMERLY ABBOTT LOGISTICS BV),"Lopinavir/Ritonavir 80/20mg/ml [Kaletra], oral solution, cool, Bottle 5 x 60 ml",Lopinavir/Ritonavir,Kaletra,80/20mg/ml,Oral solution,300,400,12328.00,30.82,0.1,ABBVIE (Abbott) Logis. UK,TRUE,454,"$7,152.99 ",15.25
"70,329",116-ZA-T30,FPQ-14942,SCMS-259075,ASN-32138,South Africa,PMO - US,Direct Drop,DDP,Truck,09-11-14,05-11-15,12-May-15,12-May-15,12-May-15,ARV,Adult,PHARMACY DIRECT,"Raltegravir 400mg [Isentress], tablets, 60 Tabs",Raltegravir,Isentress,400mg,Tablet,60,3,183.49,61.16,1.02,"MSD, Haarlem, NL",FALSE,Weight Captured Separately,Freight Included in Commodity Cost,0.19
"14,241",111-MZ-T30,FPQ-13134,SCMS-215600,ASN-24703,Mozambique,PMO - US,Direct Drop,EXW,Air,11-12-13,11/26/2013,09-Apr-14,09-Apr-14,08-Jul-14,ARV,Adult,Aurobindo Pharma Limited,"Didanosine 250mg, delayed-release capsules, 30 Caps",Didanosine,Generic,250mg,Delayed-release capsules,30,800,6064.00,7.58,0.25,"Aurobindo Unit III, India",TRUE,77,$979.14 ,6.23
"14,252",114-UG-T30,FPQ-13116,SCMS-212350,ASN-24417,Uganda,PMO - US,Direct Drop,EXW,Air,10/23/2013,10/30/2013,21-Mar-14,21-Mar-14,21-Mar-14,ARV,Pediatric,CIPLA LIMITED,"Lamivudine/Zidovudine 30/60mg, dispersible tablets, 60 Tabs",Lamivudine/Zidovudine,Generic,30/60mg,Chewable/dispersible tablet - FDC,60,"7,445",16676.80,2.24,0.04,"Cipla, Goa, India",TRUE,574,"$3,868.24 ",17.14
"14,265",108-VN-T30,FPQ-11418,SCMS-176190,ASN-19193,Vietnam,PMO - US,Direct Drop,EXW,Air,1/29/2013,02-05-13,24-May-13,24-May-13,24-May-13,ARV,Pediatric,Aurobindo Pharma Limited,"Nevirapine 10mg/ml, oral suspension w/syringe, Bottle, 240 ml",Nevirapine,Generic,10mg/ml,Oral suspension,240,263,486.55,1.85,0.01,"Aurobindo Unit III, India",TRUE,182,"$5,970.85 ",0.6
"14,278",117-ET-T30,FPQ-4851,SCMS-62830,ASN-6210,Ethiopia,PMO - US,Direct Drop,EXW,Air,01-05-10,1/13/2010,04-Mar-10,04-Mar-10,04-Mar-10,ARV,Adult,Aurobindo Pharma Limited,"Lamivudine 150mg, tablets, 60 Tabs",Lamivudine,Generic,150mg,Tablet,60,"56,000",133280.00,2.38,0.04,"Aurobindo Unit III, India",TRUE,2996,"$10,612.93 ",287.35
"14,279",900-TZ-T30,FPQ-10394,SCMS-156530,ASN-16470,Tanzania,PMO - US,Direct Drop,EXW,Air,7/26/2012,08-09-12,01-Nov-12,01-Nov-12,01-Nov-12,ARV,Adult,HETERO LABS LIMITED,"Efavirenz 600mg, tablets, 30 Tabs",Efavirenz,Generic,600mg,Tablet,30,"100,986",343352.40,3.4,0.11,Hetero Unit III Hyderabad IN,TRUE,10579,"$41,585.93 ",481.38
"14,286",104-CI-T30,FPQ-12134,SCMS-190721,ASN-22462,Côte d'Ivoire,PMO - US,Direct Drop,EXW,Air,4/23/2013,5/21/2013,27-Nov-13,27-Nov-13,02-Dec-13,HRDT,HIV test,"CHEMBIO DIAGNOSTIC SYSTEMS, INC.","HIV 1/2, Stat-Pak HIV, Kit, 20 Tests","HIV 1/2, Stat-Pak HIV, Kit",Stat-Pak,,Test kit,20,"1,900",55100.00,29,1.45,Chembio Diagnostics Sys. Inc.,TRUE,550,"$8,263.16 ",68.16
"14,291",109-TZ-T30,FPQ-13945,SCMS-235410,ASN-26077,Tanzania,PMO - US,Direct Drop,EXW,Air,3/27/2014,4/29/2014,15-Jul-14,15-Jul-14,12-Aug-14,HRDT,HIV test,"Orgenics, Ltd","HIV 1/2, Determine Complete HIV Kit, 100 Tests","HIV 1/2, Determine Complete HIV Kit",Determine,,Test kit,100,100,8000.00,80,0.8,"Alere Medical Co., Ltd.",TRUE,39,"$1,176.54 ",8.22
"14,309",108-VN-T30,FPQ-10286,SCMS-155700,ASN-17018,Vietnam,PMO - US,Direct Drop,FCA,Air,7/25/2012,8/14/2012,15-Jan-13,15-Jan-13,15-Jan-13,ARV,Adult,ABBVIE LOGISTICS (FORMERLY ABBOTT LOGISTICS BV),"Lopinavir/Ritonavir 200/50mg [Aluvia], tablets, 120 Tabs",Lopinavir/Ritonavir,Aluvia,200/50mg,Tablet,120,"3,812",231845.84,60.82,0.51,ABBVIE Ludwigshafen Germany,TRUE,824,"$3,216.15 ",325.05
"70,368",116-ZA-T30,FPQ-13973,SCMS-238553,ASN-28021,South Africa,PMO - US,Direct Drop,DDP,Truck,4/30/2014,8/28/2014,28-Aug-14,28-Aug-14,28-Aug-14,ARV,Pediatric,PHARMACY DIRECT,"Efavirenz 200mg, capsule, 90 Caps",Efavirenz,Generic,200mg,Capsule,90,58,1368.05,23.59,0.26,"Aurobindo Unit III, India",FALSE,Weight Captured Separately,Freight Included in Commodity Cost,1.41
"14,331",108-VN-T30,FPQ-3896,SCMS-48280,ASN-4871,Vietnam,PMO - US,Direct Drop,EXW,Air,6/25/2009,6/29/2009,28-Sep-09,28-Sep-09,28-Sep-09,ARV,Adult,MYLAN LABORATORIES LTD (FORMERLY MATRIX LABORATORIES),"Efavirenz 600mg, tablets, 30 Tabs",Efavirenz,Generic,600mg,Tablet,30,"3,528",22932.00,6.5,0.22,Mylan (formerly Matrix) Nashik,TRUE,383,"$1,162.52 ",44.95
"14,348",133-NG-T30,FPQ-7553,SCMS-108720,ASN-11270,Nigeria,PMO - US,Direct Drop,EXW,Air,4/28/2011,5/23/2011,27-Jul-11,27-Jul-11,27-Jul-11,HRDT,HIV test,"Orgenics, Ltd","HIV 1/2, Determine Complete HIV Kit, 100 Tests","HIV 1/2, Determine Complete HIV Kit",Determine,,Test kit,100,"2,044",181916.00,89,0.89,Inverness Japan,TRUE,976,"$26,014.88 ",300.16
"70,461",107-RW-T30,FPQ-6186,SCMS-83320,ASN-9331,Rwanda,PMO - US,Direct Drop,CIP,Air,8/13/2010,9/27/2010,07-Jan-11,07-Jan-11,07-Jan-11,ARV,Adult,CIPLA LIMITED,"Lopinavir/Ritonavir 200/50mg, tablets, 120 Tabs",Lopinavir/Ritonavir,Generic,200/50mg,Tablet,120,"1,802",61808.60,34.3,0.29,Cipla Ltd A-42 MIDC Mahar. IN,TRUE,Weight Captured Separately,Freight Included in Commodity Cost,133.26
"14,384",109-TZ-T30,FPQ-13048,SCMS-210920,ASN-24302,Tanzania,PMO - US,Direct Drop,EXW,Air,10-03-13,10/28/2013,22-Mar-14,22-Mar-14,22-Mar-14,ARV,Pediatric,Aurobindo Pharma Limited,"Efavirenz 50mg, capsule, 30 Caps",Efavirenz,Generic,50mg,Capsule,30,"20,867",32552.52,1.56,0.05,"Aurobindo Unit III, India",TRUE,1337,"$8,403.67 ",40.27
"14,404",161-ZA-T30,FPQ-7175,SCMS-103970,ASN-11255,South Africa,PMO - US,Direct Drop,DDP,Ocean,03-10-11,3/28/2011,02-Sep-11,02-Sep-11,02-Sep-11,ARV,Adult,STRIDES ARCOLAB LIMITED,"Nevirapine 200mg, tablets, 60 Tabs",Nevirapine,Generic,200mg,Tablet,60,"150,000",430500.00,2.87,0.05,"Strides, Bangalore, India.",TRUE,9306,"$10,511.33 ",710.32
"14,409",161-ZA-T30,FPQ-6262,SCMS-84200,ASN-9693,South Africa,PMO - US,Direct Drop,DDP,Ocean,8/31/2010,9/21/2010,14-Mar-11,14-Mar-11,14-Mar-11,ARV,Adult,CIPLA LIMITED,"Nevirapine 200mg, tablets, 60 Tabs",Nevirapine,Generic,200mg,Tablet,60,"159,000",443610.00,2.79,0.05,"Cipla, Goa, India",TRUE,16729,"$25,199.31 ",956.42
"14,410",112-NG-T30,FPQ-6124,SCMS-93420,ASN-9751,Nigeria,PMO - US,Direct Drop,EXW,Air,7/29/2010,12-07-10,28-Feb-11,28-Feb-11,28-Feb-11,ACT,ACT,NOVARTIS PHARMA SERVICES AG,"Artemether/Lumefantrine 20/120mg [Coartem], scored tablets, Blister 30 x 24 Tabs",Artemether/Lumefantrine,Coartem,20/120mg,Tablet - FDC + blister,720,"1,245",48555.00,39,0.05,"Novartis Pharma Suffern, USA",TRUE,859,"$5,810.56 ",104.68
"70,573",116-ZA-T30,FPQ-12522,SCMS-199283,ASN-27979,South Africa,PMO - US,Direct Drop,DDP,Truck,07-11-13,8/27/2014,27-Aug-14,27-Aug-14,27-Aug-14,ARV,Pediatric,S. BUYS WHOLESALER,"Efavirenz 50mg, capsule, 30 Caps",Efavirenz,Generic,50mg,Capsule,30,19,63.01,3.32,0.11,"Aurobindo Unit III, India",FALSE,Weight Captured Separately,Freight Included in Commodity Cost,0.08
"14,431",107-RW-T30,FPQ-8399,SCMS-126230,ASN-15270,Rwanda,PMO - US,Direct Drop,FCA,Air,10/19/2011,11-02-11,05-Jul-12,05-Jul-12,05-Jul-12,ARV,Adult,Hoffmann-La Roche ltd Basel,"Nelfinavir (as mesilate) 250mg [Viracept], tablets, 270 Tabs",Nelfinavir (as mesilate),Viracept,250mg,Tablet,270,109,17410.04,159.73,0.59,Roche Madrid,TRUE,27,"$2,205.25 ",28.73
"70,797",116-ZA-T30,FPQ-14942,SCMS-259075,ASN-32137,South Africa,PMO - US,Direct Drop,DDP,Truck,09-11-14,05-11-15,12-May-15,12-May-15,12-May-15,ARV,Adult,PHARMACY DIRECT,"Raltegravir 400mg [Isentress], tablets, 60 Tabs",Raltegravir,Isentress,400mg,Tablet,60,6,366.99,61.16,1.02,"MSD, Haarlem, NL",FALSE,Weight Captured Separately,Freight Included in Commodity Cost,0.38
"71,060",116-ZA-T30,FPQ-3560,SCMS-49641,ASN-5136,South Africa,PMO - US,Direct Drop,DDP,Truck,05-07-09,7/21/2009,05-Aug-09,05-Aug-09,05-Aug-09,ARV,Adult,S. BUYS WHOLESALER,"Abacavir 300mg [Ziagen], tablets, Blister 6 x 10 Tabs",Abacavir,Ziagen,300mg,Tablet - blister,60,250,11850.30,47.4,0.79,GSK Ware (UK),FALSE,Weight Captured Separately,Freight Included in Commodity Cost,23.23
"71,076",116-ZA-T30,FPQ-13973,SCMS-238550,ASN-30792,South Africa,PMO - US,Direct Drop,DDP,Truck,4/30/2014,05-08-14,19-Feb-15,19-Feb-15,19-Feb-15,ARV,Adult,PHARMACY DIRECT,"Raltegravir 400mg [Isentress], tablets, 60 Tabs",Raltegravir,Isentress,400mg,Tablet,60,3,253.94,84.65,1.41,"MSD, Haarlem, NL",FALSE,Weight Captured Separately,Freight Included in Commodity Cost,0.26
"14,447",116-ZA-T30,FPQ-7176,SCMS-104380,ASN-11802,South Africa,PMO - US,Direct Drop,DDP,Ocean,03-10-11,04-01-11,03-Nov-11,10-Oct-11,10-Oct-11,ARV,Adult,Aurobindo Pharma Limited,"Efavirenz 600mg, tablets, 30 Tabs",Efavirenz,Generic,600mg,Tablet,30,"5,745",25909.95,4.51,0.15,"Aurobindo Unit III, India",TRUE,488,"$4,232.71 ",42.75
"14,508",113-ZW-T30,FPQ-7521,SCMS-108030,ASN-11413,Zimbabwe,PMO - US,Direct Drop,EXW,Air,04-07-11,05-05-11,08-Sep-11,08-Sep-11,08-Sep-11,HRDT,HIV test,"Orgenics, Ltd","HIV 1/2, Determine Complete HIV Kit, 100 Tests","HIV 1/2, Determine Complete HIV Kit",Determine,,Test kit,100,"2,730",218400.00,80,0.8,Inverness Japan,TRUE,1053,"$27,236.25 ",360.36
"71,244",116-ZA-T30,FPQ-11828,SCMS-183950,ASN-19166,South Africa,South Africa Field Office,Direct Drop,DDP,Truck,3/18/2013,Date Not Captured,16-Apr-13,16-Apr-13,16-Apr-13,ARV,Adult,S. BUYS WHOLESALER,"Nevirapine 200mg, tablets, 60 Tabs",Nevirapine,Generic,200mg,Tablet,60,"5,093",94109.04,18.48,0.31,"Cipla, Goa, India",FALSE,Weight Captured Separately,Freight Included in Commodity Cost,116.41
"71,462",116-ZA-T30,FPQ-11828,SCMS-183950,ASN-19166,South Africa,South Africa Field Office,Direct Drop,DDP,Truck,3/18/2013,Date Not Captured,16-Apr-13,16-Apr-13,16-Apr-13,ARV,Adult,S. BUYS WHOLESALER,"Lopinavir/Ritonavir 200/50mg [Aluvia], tablets, 120 Tabs",Lopinavir/Ritonavir,Aluvia,200/50mg,Tablet,120,"1,473",36814.05,24.99,0.21,ABBVIE Ludwigshafen Germany,FALSE,Weight Captured Separately,Freight Included in Commodity Cost,45.54
"14,571",133-NG-T30,FPQ-10349,SCMS-155321,ASN-17168,Nigeria,PMO - US,Direct Drop,EXW,Air,7/17/2012,8/13/2012,28-Nov-12,27-Nov-12,27-Nov-12,HRDT,HIV test,"Orgenics, Ltd","HIV 1/2, Determine Complete HIV Kit, 100 Tests","HIV 1/2, Determine Complete HIV Kit",Determine,,Test kit,100,"2,744",244216.00,89,0.89,"Alere Medical Co., Ltd.",TRUE,1303,"$28,734.43 ",342.39
"14,578",106-HT-T30,FPQ-11442,SCMS-177180,ASN-18919,Haiti,PMO - US,Direct Drop,EXW,Ocean,1/30/2013,03-11-13,07-Aug-13,07-Aug-13,07-Aug-13,ARV,Pediatric,Aurobindo Pharma Limited,"Efavirenz 200mg, capsule, 90 Caps",Efavirenz,Generic,200mg,Capsule,90,"3,680",20240.00,5.5,0.06,"Aurobindo Unit III, India",TRUE,6385,"$8,768.76 ",25.04
"14,605",106-HT-T30,FPQ-11442,SCMS-177160,ASN-18905,Haiti,PMO - US,Direct Drop,EXW,Ocean,1/30/2013,03-07-13,07-Aug-13,07-Aug-13,07-Aug-13,ARV,Adult,HETERO LABS LIMITED,"Efavirenz 600mg, tablets, 30 Tabs",Efavirenz,Generic,600mg,Tablet,30,"71,376",231258.24,3.24,0.11,"Hetero, Jadcherla, unit 5, IN",TRUE,5864,"$7,558.01 ",286.07
"71,516",116-ZA-T30,FPQ-14942,SCMS-259072,ASN-30377,South Africa,PMO - US,Direct Drop,DDP,Truck,09-11-14,1/26/2015,26-Jan-15,26-Jan-15,26-Jan-15,ARV,Adult,PHARMACY DIRECT,"Lamivudine/Zidovudine 150/300mg, tablets, 60 Tabs",Lamivudine/Zidovudine,Generic,150/300mg,Tablet - FDC,60,19,428.24,22.54,0.38,"Aurobindo Unit III, India",FALSE,Weight Captured Separately,Freight Included in Commodity Cost,0.44
"14,658",110-ZM-T30,FPQ-14790,SCMS-253020,ASN-31638,Zambia,PMO - US,Direct Drop,FCA,Air,8/13/2014,8/20/2014,25-Apr-15,25-Apr-15,30-Apr-15,ARV,Pediatric,ABBVIE LOGISTICS (FORMERLY ABBOTT LOGISTICS BV),"Lopinavir/Ritonavir 80/20mg/ml [Kaletra], oral solution, cool, Bottle 5 x 60 ml",Lopinavir/Ritonavir,Kaletra,80/20mg/ml,Oral solution,300,"2,265",69807.30,30.82,0.1,ABBVIE (Abbott) Logis. UK,TRUE,2272,"$14,603.71 ",71.76
"14,665",106-HT-T30,FPQ-5725,SCMS-74750,ASN-7454,Haiti,PMO - US,Direct Drop,EXW,Air,5/26/2010,06-02-10,13-Sep-10,13-Sep-10,13-Sep-10,HRDT,HIV test,"Orgenics, Ltd","HIV 1/2, Determine HIV Kit, without Lancets, 100 Tests","HIV 1/2, Determine HIV Kit, without Lancets",Determine,,Test kit,100,"1,000",97680.00,97.68,0.98,Inverness Japan,TRUE,227,"$2,486.62 ",210.6
"14,694",104-CI-T30,FPQ-6024,SCMS-80900,ASN-8019,Côte d'Ivoire,PMO - US,Direct Drop,CIP,Air,7/19/2010,08-02-10,08-Sep-10,08-Sep-10,08-Sep-10,ARV,Pediatric,BRISTOL-MYERS SQUIBB,"Didanosine 50mg [Videx], chewable tablets, 60 Tabs",Didanosine,Videx,50mg,Chewable/dispersible tablet,60,"6,000",57000.00,9.5,0.16,"BMS Meymac, France",TRUE,1278,"$1,742.12 ",122.89
"14,710",106-HT-T30,FPQ-13797,SCMS-233990,ASN-27716,Haiti,PMO - US,Direct Drop,EXW,Air,3/20/2014,4/28/2014,12-Sep-14,12-Sep-14,17-Sep-14,ARV,Adult,MICRO LABS LIMITED,"Efavirenz 600mg, tablets, 30 Tabs",Efavirenz,Generic,600mg,Tablet,30,"29,908",89125.84,2.98,0.1,"Micro labs, Verna, Goa, India",TRUE,2423,"$14,650.41 ",91.62
"14,743",161-ZA-T30,FPQ-6262,SCMS-83730,ASN-9481,South Africa,PMO - US,Direct Drop,DDP,Ocean,8/31/2010,9/24/2010,04-Mar-11,04-Mar-11,04-Mar-11,ARV,Adult,Aurobindo Pharma Limited,"Zidovudine 300mg, tablets, 60 Tabs",Zidovudine,Generic,300mg,Tablet,60,"87,500",641375.00,7.33,0.12,"Aurobindo Unit III, India",TRUE,4416,"$7,334.83 ","1,382.80"
"14,785",104-CI-T30,FPQ-12133,SCMS-188290,ASN-20951,Côte d'Ivoire,PMO - US,Direct Drop,EXW,Air,4/18/2013,5/21/2013,08-Aug-13,08-Aug-13,08-Aug-13,HRDT,HIV test,"Orgenics, Ltd","HIV 1/2, Determine Complete HIV Kit, 100 Tests","HIV 1/2, Determine Complete HIV Kit",Determine,,Test kit,100,"3,200",256000.00,80,0.8,"Alere Medical Co., Ltd.",TRUE,1394,"$20,822.73 ",316.67
"71,606",116-ZA-T30,FPQ-14942,SCMS-259075,ASN-32138,South Africa,PMO - US,Direct Drop,DDP,Truck,09-11-14,05-11-15,12-May-15,12-May-15,12-May-15,ARV,Pediatric,PHARMACY DIRECT,"Efavirenz 200mg, capsule, 90 Caps",Efavirenz,Generic,200mg,Capsule,90,3,51.13,17.04,0.19,"Aurobindo Unit III, India",FALSE,Weight Captured Separately,Freight Included in Commodity Cost,0.05
"14,811",107-RW-T30,FPQ-13874,SCMS-232310,ASN-25543,Rwanda,PMO - US,Direct Drop,EXW,Air,03-12-14,04-03-14,28-Apr-14,28-Apr-14,28-Apr-14,HRDT,HIV test,"SHANGHAI KEHUA BIOENGINEERING CO.,LTD.  (KHB)","HIV 1/2, SKB Colloidal Gold, Diagnostic Kit, Antibody, 50 Tests","HIV 1/2, Colloidal Gold, Diagnostic Kit, Antibody",Colloidal Gold,,Test kit,1,"4,068",99666.00,24.5,24.5,"KHB Test Kit Facility, Shanghai China",TRUE,2712,"$37,680.04 ",102.46
"14,820",110-PK-T30,FPQ-9019,SCMS-132510,ASN-13949,Pakistan,PMO - US,Direct Drop,EXW,Air,12/27/2011,1/17/2012,29-Jun-12,29-Jun-12,29-Jun-12,HRDT,HIV test,"Orgenics, Ltd","HIV 1/2, Determine Complete HIV Kit, 100 Tests","HIV 1/2, Determine Complete HIV Kit",Determine,,Test kit,100,"2,132",170560.00,80,0.8,"Alere Medical Co., Ltd.",TRUE,1017,"$14,959.84 ",239.13
"14,846",101-CD-T30,FPQ-11103,SCMS-170640,ASN-18068,"Congo, DRC",PMO - US,Direct Drop,FCA,Air,12-07-12,01-03-13,16-Apr-13,16-Apr-13,16-Apr-13,ARV,Pediatric,ABBVIE LOGISTICS (FORMERLY ABBOTT LOGISTICS BV),"Lopinavir/Ritonavir 80/20mg/ml [Kaletra], oral solution, cool, Bottle 5 x 60 ml",Lopinavir/Ritonavir,Kaletra,80/20mg/ml,Oral solution,300,60,1849.20,30.82,0.1,ABBVIE (Abbott) Logis. UK,TRUE,113,"$2,570.86 ",2.29
"14,871",108-VN-T30,FPQ-10811,SCMS-164560,ASN-18406,Vietnam,PMO - US,Direct Drop,EXW,Air,10/15/2012,11-07-12,13-Mar-13,13-Mar-13,13-Mar-13,ARV,Pediatric,MYLAN LABORATORIES LTD (FORMERLY MATRIX LABORATORIES),"Lamivudine/Zidovudine 30/60mg, tablets, 60 Tabs",Lamivudine/Zidovudine,Generic,30/60mg,Tablet - FDC,60,"1,769",3714.90,2.1,0.04,Mylan (formerly Matrix) Nashik,TRUE,1961,"$7,308.37 ",4.6
"14,874",161-ZA-T30,FPQ-5648,SCMS-75520,ASN-8545,South Africa,PMO - US,Direct Drop,DDP,Air,06-02-10,6/16/2010,06-Oct-10,06-Oct-10,06-Oct-10,ARV,Pediatric,ASPEN PHARMACARE,"Abacavir 20mg/ml [Ziagen], oral solution, Bottle, 240 ml",Abacavir,Ziagen,20mg/ml,Oral solution,240,"26,000",392080.00,15.08,0.06,GSK Mississauga (Canada),TRUE,Weight Captured Separately,"$7,707.42 ",845.32
"71,649",116-ZA-T30,FPQ-11828,SCMS-183950,ASN-19166,South Africa,South Africa Field Office,Direct Drop,DDP,Truck,3/18/2013,Date Not Captured,16-Apr-13,16-Apr-13,16-Apr-13,ARV,Adult,S. BUYS WHOLESALER,"Didanosine 400mg, delayed-release capsules, 30 Caps",Didanosine,Generic,400mg,Delayed-release capsules,30,14,278.66,19.9,0.66,"Aurobindo Unit III, India",FALSE,Weight Captured Separately,Freight Included in Commodity Cost,0.34
"14,931",107-RW-T30,FPQ-14813,SCMS-268601,ASN-31659,Rwanda,PMO - US,Direct Drop,FCA,Air,10-09-14,12-12-14,12-May-15,12-May-15,12-May-15,ARV,Pediatric,SWORDS LABORATORIES,"Atazanavir 200mg [Reyataz], capsules, 60 Caps",Atazanavir,Reyataz,200mg,Capsule,60,"1,080",43869.60,40.62,0.68,Bristol-Myers Squibb Anagni IT,TRUE,282,"$1,028.10 ",45.1
"14,941",109-TZ-T30,FPQ-6203,SCMS-82750,ASN-8080,Tanzania,PMO - US,Direct Drop,EXW,Air,8/18/2010,8/25/2010,22-Oct-10,22-Oct-10,22-Oct-10,ARV,Adult,MYLAN LABORATORIES LTD (FORMERLY MATRIX LABORATORIES),"Efavirenz/Emtricitabine/Tenofovir Disoproxil Fumarate 600/200/300mg, tablets, 30 Tabs",Efavirenz/Emtricitabine/Tenofovir Disoproxil Fumarate,Generic,600/200/300mg,Tablet - FDC,30,"9,000",179100.00,19.9,0.66,Mylan (formerly Matrix) Nashik,TRUE,1081,"$5,834.10 ",386.14
"14,943",114-UG-T30,FPQ-4373,SCMS-58220,ASN-6150,Uganda,PMO - US,Direct Drop,CIP,Air,11/25/2009,12-02-09,04-Mar-10,04-Mar-10,04-Mar-10,ARV,Adult,MERCK SHARP & DOHME IDEA GMBH (FORMALLY MERCK SHARP & DOHME B.V.),"Indinavir 400mg [Crixivan], capsules, 180 Caps",Indinavir,Crixivan,400mg,Capsule,180,75,3750.00,50,0.28,"MSD, Haarlem, NL",TRUE,19,$435 ,7.35
"71,753",116-ZA-T30,FPQ-13973,SCMS-238553,ASN-28021,South Africa,PMO - US,Direct Drop,DDP,Truck,4/30/2014,8/28/2014,28-Aug-14,28-Aug-14,28-Aug-14,ARV,Adult,PHARMACY DIRECT,"Didanosine 400mg, delayed-release capsules, 30 Caps",Didanosine,Generic,400mg,Delayed-release capsules,30,7,137.73,19.68,0.66,"Aurobindo Unit III, India",FALSE,Weight Captured Separately,Freight Included in Commodity Cost,0.14
"14,988",102-SS-T30,FPQ-9038,SCMS-137200,ASN-14984,South Sudan,PMO - US,Direct Drop,EXW,Air,1/17/2012,04-05-12,15-Jun-12,15-Jun-12,15-Jun-12,HRDT,HIV test,"Orgenics, Ltd","HIV 1/2, Determine Complete HIV Kit, 100 Tests","HIV 1/2, Determine Complete HIV Kit",Determine,,Test kit,100,337,29993.00,89,0.89,"Alere Medical Co., Ltd.",TRUE,181,"$4,978.09 ",42.05
"71,809",116-ZA-T30,FPQ-12522,SCMS-199289,ASN-28034,South Africa,PMO - US,Direct Drop,DDP,Truck,07-11-13,8/29/2014,29-Aug-14,29-Aug-14,29-Aug-14,ARV,Adult,S. BUYS WHOLESALER,"Lamivudine 150mg, tablets, 60 Tabs",Lamivudine,Generic,150mg,Tablet,60,592,5776.17,9.76,0.16,Hetero Unit III Hyderabad IN,FALSE,Weight Captured Separately,Freight Included in Commodity Cost,7.15
"15,005",133-NG-T30,FPQ-9599,SCMS-144190,ASN-16132,Nigeria,PMO - US,Direct Drop,EXW,Air,3/27/2012,05-03-12,18-Sep-12,18-Sep-12,18-Sep-12,HRDT,HIV test,"Trinity Biotech, Plc","HIV 1/2, Uni-Gold HIV Kit, 20 Tests","HIV 1/2, Uni-Gold HIV Kit",Uni-Gold,,Test kit,20,"8,018",256576.00,32,1.6,"Trinity Biotech, Plc",TRUE,2607,"$28,595.45 ",359.72
"72,047",116-ZA-T30,FPQ-12522,SCMS-199283,ASN-27975,South Africa,PMO - US,Direct Drop,DDP,Truck,07-11-13,8/27/2014,27-Aug-14,27-Aug-14,27-Aug-14,ARV,Adult,S. BUYS WHOLESALER,"Efavirenz 600mg, tablets, 30 Tabs",Efavirenz,Generic,600mg,Tablet,30,1,16.73,16.73,0.56,Hetero Unit III Hyderabad IN,FALSE,Weight Captured Separately,Freight Included in Commodity Cost,0.02
"15,012",116-ZA-T30,FPQ-7176,SCMS-104370,ASN-11046,South Africa,PMO - US,Direct Drop,DDP,Ocean,03-10-11,04-01-11,15-Aug-11,15-Aug-11,15-Aug-11,ARV,Adult,Aurobindo Pharma Limited,"Zidovudine 300mg, tablets, 60 Tabs",Zidovudine,Generic,300mg,Tablet,60,"2,452",17899.60,7.3,0.12,"Aurobindo Unit III, India",TRUE,127,"$47,101.63 ",29.53
"72,066",116-ZA-T30,FPQ-12522,SCMS-199289,ASN-28033,South Africa,PMO - US,Direct Drop,DDP,Truck,07-11-13,8/29/2014,29-Aug-14,29-Aug-14,29-Aug-14,ARV,Adult,S. BUYS WHOLESALER,"Lopinavir/Ritonavir 200/50mg [Aluvia], tablets, 120 Tabs",Lopinavir/Ritonavir,Aluvia,200/50mg,Tablet,120,70,1803.18,25.76,0.21,ABBVIE Ludwigshafen Germany,FALSE,Weight Captured Separately,Freight Included in Commodity Cost,2.23
"15,051",105-GY-T30,FPQ-10249,SCMS-153840,ASN-16410,Guyana,PMO - US,Direct Drop,EXW,Air,07-05-12,7/26/2012,25-Sep-12,25-Sep-12,25-Sep-12,HRDT,HIV test,"Trinity Biotech, Plc","HIV 1/2, Uni-Gold HIV Kit, 20 Tests","HIV 1/2, Uni-Gold HIV Kit",Uni-Gold,,Test kit,20,"2,769",88608.00,32,1.6,"Trinity Biotech, Plc",TRUE,876,"$8,969.97 ",124.23
"15,115",101-CD-T30,FPQ-14100,SCMS-239410,ASN-26738,"Congo, DRC",PMO - US,Direct Drop,EXW,Air,4/23/2014,5/20/2014,05-Sep-14,05-Sep-14,16-Sep-14,HRDT,HIV test,"Trinity Biotech, Plc","HIV 1/2, Uni-Gold HIV Kit, 20 Tests","HIV 1/2, Uni-Gold HIV Kit",Uni-Gold,,Test kit,20,34,1088.00,32,1.6,"Trinity Biotech, Plc",TRUE,112,"$3,196.31 ",1.12
"15,131",110-ZM-T30,FPQ-12251,SCMS-189230,ASN-20474,Zambia,PMO - US,Direct Drop,EXW,Air,05-02-13,5/22/2013,11-Sep-13,11-Sep-13,11-Sep-13,HRDT,HIV test,"Orgenics, Ltd","HIV 1/2, Determine Complete HIV Kit, 100 Tests","HIV 1/2, Determine Complete HIV Kit",Determine,,Test kit,100,"6,000",480000.00,80,0.8,"Alere Medical Co., Ltd.",TRUE,2606,"$38,354.26 ",593.76
"15,142",161-ZA-T30,FPQ-5303,SCMS-68940,ASN-7597,South Africa,PMO - US,Direct Drop,DDP,Air,3/18/2010,3/19/2010,07-Sep-10,07-Sep-10,07-Sep-10,ARV,Adult,Aurobindo Pharma Limited,"Efavirenz 600mg, tablets, 30 Tabs",Efavirenz,Generic,600mg,Tablet,30,"11,510",53751.70,4.67,0.16,"Aurobindo Unit III, India",TRUE,993,"$4,263.07 ",115.89
"15,149",108-VN-T30,FPQ-6818,SCMS-97850,ASN-11024,Vietnam,PMO - US,Direct Drop,EXW,Air,1/17/2011,2/15/2011,22-Jun-11,22-Jun-11,22-Jun-11,ARV,Adult,MYLAN LABORATORIES LTD (FORMERLY MATRIX LABORATORIES),"Lamivudine 150mg, tablets, 60 Tabs",Lamivudine,Generic,150mg,Tablet,60,"20,000",40000.00,2,0.03,Mylan (formerly Matrix) Nashik,TRUE,2806,"$18,207.50 ",66
"72,088",116-ZA-T30,FPQ-12522,SCMS-199280,ASN-24433,South Africa,PMO - US,Direct Drop,DDP,Truck,07-11-13,8/13/2013,07-Feb-14,07-Feb-14,07-Feb-14,ARV,Adult,S. BUYS WHOLESALER,"Zidovudine 300mg, tablets, 60 Tabs",Zidovudine,Generic,300mg,Tablet,60,12,325.33,27.11,0.45,Mylan (formerly Matrix) Nashik,FALSE,Weight Captured Separately,Freight Included in Commodity Cost,0.4
"15,195",105-GY-T30,FPQ-6329,SCMS-87910,ASN-9578,Guyana,PMO - US,Direct Drop,DDU,Air,9/28/2010,10-01-10,04-Mar-11,04-Mar-11,04-Mar-11,ARV,Pediatric,IDIS LIMITED,"Didanosine 25mg [Videx], chewable tablets, 60 Tabs",Didanosine,Videx,25mg,Chewable/dispersible tablet,60,270,12501.00,46.3,0.77,"BMS Meymac, France",TRUE,59,$180 ,26.95
"15,240",106-HT-T30,FPQ-14083,SCMS-240220,ASN-26559,Haiti,PMO - US,Direct Drop,EXW,Air,05-11-14,06-02-14,18-Jul-14,18-Jul-14,31-Jul-14,ARV,Pediatric,Aurobindo Pharma Limited,"Abacavir 20mg/ml, oral solution, Bottle, 240 ml",Abacavir,Generic,20mg/ml,Oral solution,240,375,2561.25,6.83,0.03,"Aurobindo Unit III, India",TRUE,300,"$2,949.23 ",2.63
"72,150",116-ZA-T30,FPQ-13035,SCMS-215370,ASN-24415,South Africa,PMO - US,Direct Drop,DDP,Truck,10-08-13,12-02-13,06-Feb-14,06-Feb-14,06-Feb-14,ARV,Adult,S. BUYS WHOLESALER,"Nevirapine 200mg, tablets, 60 Tabs",Nevirapine,Generic,200mg,Tablet,60,872,14909.00,17.1,0.29,"Cipla, Goa, India",FALSE,Weight Captured Separately,Freight Included in Commodity Cost,18.44
"15,248",108-VN-T30,FPQ-4265,SCMS-57140,ASN-6265,Vietnam,PMO - US,Direct Drop,EXW,Air,10/20/2009,11/13/2009,15-Mar-10,15-Mar-10,15-Mar-10,ARV,Adult,Aurobindo Pharma Limited,"Lamivudine/Nevirapine/Zidovudine 150/200/300mg, tablets, 60 Tabs",Lamivudine/Nevirapine/Zidovudine,Generic,150/300/200mg,Tablet - FDC,60,"16,300",181745.00,11.15,0.19,"Aurobindo Unit III, India",TRUE,2011,"$11,648.31 ",356.22
"15,283",133-NG-T30,FPQ-7314,SCMS-104310,ASN-11148,Nigeria,PMO - US,Direct Drop,EXW,Air,03-11-11,3/31/2011,19-Jul-11,19-Jul-11,19-Jul-11,HRDT,HIV test,"Trinity Biotech, Plc","HIV 1/2, Uni-Gold HIV Kit, 20 Tests","HIV 1/2, Uni-Gold HIV Kit",Uni-Gold,,Test kit,20,"3,662",117184.00,32,1.6,"Trinity Biotech, Plc",TRUE,1255,"$15,794.47 ",193.35
"72,425",116-ZA-T30,FPQ-13973,SCMS-238556,ASN-31854,South Africa,PMO - US,Direct Drop,DDP,Truck,4/30/2014,4/28/2015,28-Apr-15,28-Apr-15,28-Apr-15,ARV,Adult,PHARMACY DIRECT,"Emtricitabine/Tenofovir Disoproxil Fumarate 200/300mg, tablets, 30 Tabs",Emtricitabine/Tenofovir Disoproxil Fumarate,Generic,200/300mg,Tablet - FDC,30,2,60.42,30.21,1.01,"Aurobindo Unit III, India",FALSE,Weight Captured Separately,Freight Included in Commodity Cost,0.06
"15,352",108-VN-T30,FPQ-10811,SCMS-166120,ASN-17672,Vietnam,PMO - US,Direct Drop,EXW,Air,10/15/2012,11-09-12,29-Jan-13,29-Jan-13,29-Jan-13,ARV,Pediatric,Aurobindo Pharma Limited,"Lamivudine 10mg/ml, oral solution w/syringe, Bottle, 240 ml",Lamivudine,Generic,10mg/ml,Oral solution,240,464,858.40,1.85,0.01,"Aurobindo Unit III, India",TRUE,437,"$1,222.31 ",1.06
"15,382",102-ML-T30,FPQ-11783,SCMS-182800,ASN-19649,Mali,PMO - US,Direct Drop,EXW,Air,3/15/2013,04-11-13,11-Jun-13,11-Jun-13,11-Jun-13,HRDT,HIV test,"Orgenics, Ltd","HIV 1/2, Determine Complete HIV Kit, 100 Tests","HIV 1/2, Determine Complete HIV Kit",Determine,,Test kit,100,81,6480.00,80,0.8,"Alere Medical Co., Ltd.",TRUE,37,"$2,190.78 ",8.02
"15,399",151-NG-T30,FPQ-13102,SCMS-212700,ASN-22771,Nigeria,PMO - US,Direct Drop,EXW,Air,10/17/2013,11-04-13,17-Dec-13,17-Dec-13,20-Dec-13,ARV,Adult,MYLAN LABORATORIES LTD (FORMERLY MATRIX LABORATORIES),"Zidovudine 300mg, tablets, 60 Tabs",Zidovudine,Generic,300mg,Tablet,60,"10,000",65000.00,6.5,0.11,Mylan (formerly Matrix) Nashik,TRUE,574,"$4,760.43 ",66.82
"72,454",101-KE-T30,FPQ-10314,SCMS-153912,ASN-17291,Kenya,PMO - US,Direct Drop,CIP,Air,07-12-12,11/21/2012,10-Dec-12,10-Dec-12,10-Dec-12,HRDT,HIV test,"Orgenics, Ltd","HIV 1/2, Determine Complete HIV Kit, 100 Tests","HIV 1/2, Determine Complete HIV Kit",Determine,,Test kit,100,"5,995",533555.00,89,0.89,"Alere Medical Co., Ltd.",TRUE,Weight Captured Separately,Freight Included in Commodity Cost,748.04
"15,423",104-CI-T30,FPQ-12713,SCMS-201900,ASN-23392,Côte d'Ivoire,PMO - US,Direct Drop,EXW,Air,7/23/2013,08-06-13,23-Jan-14,23-Jan-14,27-Jan-14,HRDT,HIV test,"Orgenics, Ltd","HIV 1/2, Determine Complete HIV Kit, 100 Tests","HIV 1/2, Determine Complete HIV Kit",Determine,,Test kit,100,"1,400",112000.00,80,0.8,"Alere Medical Co., Ltd.",TRUE,577,"$9,275.59 ",138.54
"15,460",106-HT-T30,FPQ-15038,SCMS-262980,ASN-30463,Haiti,PMO - US,Direct Drop,EXW,Ocean,10/22/2014,01-07-15,09-Apr-15,09-Apr-15,13-Apr-15,ARV,Adult,HETERO LABS LIMITED,"Lamivudine/Tenofovir Disoproxil Fumarate 300/300mg, tablets, 30 Tabs",Lamivudine/Tenofovir Disoproxil Fumarate,Generic,300/300mg,Tablet - FDC,30,"36,831",170159.22,4.62,0.15,Hetero Unit III Hyderabad IN,TRUE,17826,"$20,526.23 ",174.92
"15,499",109-TZ-T30,FPQ-10994,SCMS-169330,ASN-18422,Tanzania,PMO - US,Direct Drop,EXW,Air,11/13/2012,12-12-12,30-Apr-13,30-Apr-13,30-Apr-13,HRDT,HIV test,"Trinity Biotech, Plc","HIV 1/2, Uni-Gold HIV Kit, 20 Tests","HIV 1/2, Uni-Gold HIV Kit",Uni-Gold,,Test kit,20,"8,460",270720.00,32,1.6,"Trinity Biotech, Plc",TRUE,2753,"$25,485.81 ",334.88
"15,554",161-ZA-T30,FPQ-5648,SCMS-75480,ASN-8755,South Africa,PMO - US,Direct Drop,DDP,Air,06-02-10,6/17/2010,13-Dec-10,11-Dec-10,11-Dec-10,ARV,Pediatric,Aurobindo Pharma Limited,"Nevirapine 10mg/ml, oral suspension w/syringe, Bottle, 240 ml",Nevirapine,Generic,10mg/ml,Oral suspension,240,"2,162",6810.30,3.15,0.01,"Aurobindo Unit III, India",TRUE,838,"$4,876.31 ",14.68
"15,596",113-ZW-T30,FPQ-7521,SCMS-108020,ASN-13965,Zimbabwe,PMO - US,Direct Drop,EXW,Air,04-07-11,05-05-11,20-Mar-12,20-Mar-12,20-Mar-12,HRDT,HIV test,"Orgenics, Ltd","HIV 1/2, Determine Complete HIV Kit, 100 Tests","HIV 1/2, Determine Complete HIV Kit",Determine,,Test kit,100,"2,342",187360.00,80,0.8,Inverness Japan,TRUE,1113,"$20,082.38 ",309.14
"72,597",116-ZA-T30,FPQ-14942,SCMS-259072,ASN-30377,South Africa,PMO - US,Direct Drop,DDP,Truck,09-11-14,1/26/2015,26-Jan-15,26-Jan-15,26-Jan-15,ARV,Adult,PHARMACY DIRECT,"Nevirapine 200mg, tablets, 60 Tabs",Nevirapine,Generic,200mg,Tablet,60,22,282.13,12.82,0.21,"Aurobindo Unit III, India",FALSE,Weight Captured Separately,Freight Included in Commodity Cost,0.29
"15,625",111-MZ-T30,FPQ-14294,SCMS-247360,ASN-27766,Mozambique,PMO - US,Direct Drop,EXW,Air,5/15/2014,7/30/2014,10-Sep-14,10-Sep-14,01-Oct-14,HRDT,HIV test,"Orgenics, Ltd","HIV 1/2, Determine Complete HIV Kit, 100 Tests","HIV 1/2, Determine Complete HIV Kit",Determine,,Test kit,100,"4,708",376640.00,80,0.8,"Alere Medical Co., Ltd.",TRUE,1914,"$13,489.96 ",387.19
"72,918",116-ZA-T30,FPQ-13973,SCMS-238554,ASN-28627,South Africa,PMO - US,Direct Drop,DDP,Truck,4/30/2014,10-03-14,03-Oct-14,03-Oct-14,03-Oct-14,ARV,Adult,PHARMACY DIRECT,"Lamivudine/Zidovudine 150/300mg, tablets, 60 Tabs",Lamivudine/Zidovudine,Generic,150/300mg,Tablet - FDC,60,9,280.73,31.19,0.52,"Aurobindo Unit III, India",FALSE,Weight Captured Separately,Freight Included in Commodity Cost,0.29
"15,643",133-NG-T30,FPQ-8117,SCMS-118170,ASN-12941,Nigeria,PMO - US,Direct Drop,EXW,Air,7/28/2011,08-12-11,13-Dec-11,13-Dec-11,13-Dec-11,HRDT,HIV test,"Trinity Biotech, Plc","HIV 1/2, Uni-Gold HIV Kit, 20 Tests","HIV 1/2, Uni-Gold HIV Kit",Uni-Gold,,Test kit,20,"2,000",64000.00,32,1.6,"Trinity Biotech, Plc",TRUE,793,"$7,938.18 ",105.6
"72,948",116-ZA-T30,FPQ-14942,SCMS-259077,ASN-33477,South Africa,PMO - US,Direct Drop,DDP,Truck,09-11-14,10-09-14,24-Jul-15,24-Jul-15,24-Jul-15,ARV,Adult,PHARMACY DIRECT,"Tenofovir Disoproxil Fumarate 300mg, tablets, 30 Tabs",Tenofovir Disoproxil Fumarate,Generic,300mg,Tablet,30,32,475.28,14.85,0.5,Mylan (formerly Matrix) Nashik,FALSE,Weight Captured Separately,Freight Included in Commodity Cost,0.49
"15,670",901-CM-T30,FPQ-12837,SCMS-204300,ASN-21701,Cameroon,PMO - US,Direct Drop,EXW,Air,8/19/2013,8/23/2013,18-Oct-13,26-Oct-13,29-Oct-13,ARV,Adult,Aurobindo Pharma Limited,"Nevirapine 200mg, tablets, 60 Tabs",Nevirapine,Generic,200mg,Tablet,60,"34,595",77838.75,2.25,0.04,"Aurobindo Unit III, India",TRUE,3642,"$31,434.31 ",96.29
"15,687",161-ZA-T30,FPQ-5303,SCMS-68980,ASN-7526,South Africa,PMO - US,Direct Drop,DDP,Air,3/18/2010,3/19/2010,24-Aug-10,24-Aug-10,24-Aug-10,ARV,Pediatric,Aurobindo Pharma Limited,"Lamivudine 10mg/ml, oral solution w/syringe, Bottle, 240 ml",Lamivudine,Generic,10mg/ml,Oral solution,240,"8,474",25422.00,3,0.01,"Aurobindo Unit III, India",TRUE,3206,"$2,154.51 ",54.81
"15,695",117-ET-T30,FPQ-4752,SCMS-61200,ASN-6004,Ethiopia,PMO - US,Direct Drop,EXW,Air,12/23/2009,12/29/2009,09-Feb-10,09-Feb-10,09-Feb-10,ARV,Adult,STRIDES ARCOLAB LIMITED,"Lamivudine/Stavudine 150/30mg, tablets, 60 Tabs",Lamivudine/Stavudine,Generic,150/30mg,Tablet - FDC,60,"71,596",241278.52,3.37,0.06,"Strides, Bangalore, India.",TRUE,3652,"$15,236.52 ",520.2
"15,726",107-RW-T30,FPQ-9168,SCMS-137552,ASN-15729,Rwanda,PMO - US,Direct Drop,EXW,Air,1/13/2012,5/31/2012,07-Aug-12,07-Aug-12,07-Aug-12,ARV,Adult,MYLAN LABORATORIES LTD (FORMERLY MATRIX LABORATORIES),"Abacavir 300mg, tablets, 60 Tabs",Abacavir,Generic,300mg,Tablet,60,"46,530",581159.70,12.49,0.21,Mylan (formerly Matrix) Nashik,TRUE,4810,"$27,894.81 ",814.79
"15,727",123-NG-T30,FPQ-7743,SCMS-111240,ASN-12090,Nigeria,PMO - US,Direct Drop,EXW,Air,5/23/2011,6/15/2011,23-Sep-11,23-Sep-11,23-Sep-11,ACT,ACT,NOVARTIS PHARMA SERVICES AG,"Artemether/Lumefantrine 20/120mg [Coartem], scored tablets, Blister 30 x 24 Tabs",Artemether/Lumefantrine,Coartem,20/120mg,Tablet - FDC + blister,720,"1,000",39000.00,39,0.05,"Novartis Pharma Suffern, USA",TRUE,711,"$5,433.21 ",64.35
"15,738",108-VN-T30,FPQ-15823,SCMS-277340,ASN-32255,Vietnam,PMO - US,Direct Drop,FCA,Air,2/13/2015,03-04-15,15-Jul-15,15-Jul-15,15-Jul-15,ARV,Adult,ABBVIE LOGISTICS (FORMERLY ABBOTT LOGISTICS BV),"Ritonavir 100mg [Norvir], film coated tablets, 30 Tabs",Ritonavir,Norvir,100mg,Tablet,30,400,9304.00,23.26,0.78,ABBVIE Ludwigshafen Germany,TRUE,40,$642.45 ,10.95
"73,059",116-ZA-T30,FPQ-15269,SCMS-267020,ASN-29764,South Africa,PMO - US,Direct Drop,DDP,Truck,10/29/2014,12-10-14,10-Dec-14,10-Dec-14,10-Dec-14,ARV,Pediatric,S. BUYS WHOLESALER,"Efavirenz 50mg, capsule, 30 Caps",Efavirenz,Generic,50mg,Capsule,30,172,457.90,2.66,0.09,"Aurobindo Unit III, India",FALSE,Weight Captured Separately,Freight Included in Commodity Cost,0.54
"15,772",108-VN-T30,FPQ-8428,SCMS-123520,ASN-13475,Vietnam,PMO - US,Direct Drop,EXW,Air,9/21/2011,10-04-11,01-Mar-12,01-Mar-12,01-Mar-12,ARV,Adult,Aurobindo Pharma Limited,"Lamivudine/Nevirapine/Zidovudine 150/200/300mg, tablets, 60 Tabs",Lamivudine/Nevirapine/Zidovudine,Generic,150/300/200mg,Tablet - FDC,60,"30,000",313500.00,10.45,0.17,"Aurobindo Unit III, India",TRUE,10210,"$17,392.05 ",517.28
"15,778",109-TZ-T30,FPQ-10809,SCMS-162861,ASN-18311,Tanzania,PMO - US,Direct Drop,EXW,Air,10-11-12,10/18/2012,10-Apr-13,10-Apr-13,10-Apr-13,HRDT,HIV test,"Orgenics, Ltd","HIV 1/2, Determine Complete HIV Kit, 100 Tests","HIV 1/2, Determine Complete HIV Kit",Determine,,Test kit,100,218,17440.00,80,0.8,"Alere Medical Co., Ltd.",TRUE,91,"$2,082.39 ",21.57
"73,095",116-ZA-T30,FPQ-14942,SCMS-259073,ASN-30671,South Africa,PMO - US,Direct Drop,DDP,Truck,09-11-14,02-12-15,12-Feb-15,12-Feb-15,12-Feb-15,ARV,Adult,PHARMACY DIRECT,"Zidovudine 300mg, tablets, 60 Tabs",Zidovudine,Generic,300mg,Tablet,60,11,198.34,18.03,0.3,"Aurobindo Unit III, India",FALSE,Weight Captured Separately,Freight Included in Commodity Cost,0.2
"73,122",111-MZ-T30,FPQ-15221,SCMS-270120,ASN-32420,Mozambique,PMO - US,Direct Drop,CIP,Air,10/28/2014,12/19/2014,09-Jun-15,09-Jun-15,16-Jul-15,ARV,Adult,MERCK SHARP & DOHME IDEA GMBH (FORMALLY MERCK SHARP & DOHME B.V.),"Raltegravir 400mg [Isentress], tablets, 60 Tabs",Raltegravir,Isentress,400mg,Tablet,60,100,5550.00,55.5,0.92,"MSD, Haarlem, NL",FALSE,Weight Captured Separately,Freight Included in Commodity Cost,6.53
"15,804",102-ML-T30,FPQ-11783,SCMS-182801,ASN-19657,Mali,PMO - US,Direct Drop,EXW,Air,3/15/2013,04-11-13,03-Jul-13,03-Jul-13,03-Jul-13,HRDT,HIV test,"Orgenics, Ltd","HIV 1/2, Clearview Complete Kit, 25 Tests","HIV 1/2, Clearview Complete Kit",Clearview,,Test kit,25,20,1900.00,95,3.8,Chembio Diagnostics Sys. Inc.,TRUE,9,$779.06 ,2.35
"15,813",111-MZ-T30,FPQ-13395,SCMS-219220,ASN-25454,Mozambique,PMO - US,Direct Drop,EXW,Air,12-11-13,12/17/2013,02-May-14,02-May-14,07-May-14,ARV,Adult,HETERO LABS LIMITED,"Lamivudine/Nevirapine/Zidovudine 150/200/300mg, tablets, 60 Tabs",Lamivudine/Nevirapine/Zidovudine,Generic,150/300/200mg,Tablet - FDC,60,"23,040",186854.40,8.11,0.14,Hetero Unit III Hyderabad IN,TRUE,3138,"$16,537.12 ",192.09
"73,176",116-ZA-T30,FPQ-13035,SCMS-215370,ASN-24415,South Africa,PMO - US,Direct Drop,DDP,Truck,10-08-13,12-02-13,06-Feb-14,06-Feb-14,06-Feb-14,ARV,Pediatric,S. BUYS WHOLESALER,"Abacavir 20mg/ml, oral solution w/syringe, Bottle, 240 ml",Abacavir,Generic,20mg/ml,Oral solution,240,258,5919.28,22.94,0.1,"Aurobindo Unit III, India",FALSE,Weight Captured Separately,Freight Included in Commodity Cost,7.32
"73,220",161-ZA-T30,FPQ-7175,SCMS-103820,ASN-13285,South Africa,PMO - US,Direct Drop,DDP,Ocean,03-10-11,3/28/2011,27-Jan-12,27-Jan-12,27-Jan-12,ARV,Pediatric,CIPLA LIMITED,"Lamivudine 10mg/ml, oral solution, Bottle, 240 ml",Lamivudine,Generic,10mg/ml,Oral solution,240,"50,000",103000.00,2.06,0.01,"Cipla, Goa, India",TRUE,Weight Captured Separately,Freight Included in Commodity Cost,169.95
"15,867",107-RW-T30,FPQ-8932,SCMS-129870,ASN-13373,Rwanda,PMO - US,Direct Drop,EXW,Air,12-06-11,12/13/2011,24-Jan-12,26-Jan-12,26-Jan-12,ARV,Adult,Aurobindo Pharma Limited,"Lamivudine/Tenofovir Disoproxil Fumarate 300/300mg, tablets, 30 Tabs",Lamivudine/Tenofovir Disoproxil Fumarate,Generic,300/300mg,Tablet - FDC,30,"41,286",220880.10,5.35,0.18,"Aurobindo Unit VII, IN",TRUE,4027,"$28,833.91 ",309.67
"15,879",107-RW-T30,FPQ-6341,SCMS-84940,ASN-10070,Rwanda,PMO - US,Direct Drop,EXW,Ocean,09-03-10,9/29/2010,27-Apr-11,27-Apr-11,27-Apr-11,ARV,Adult,MYLAN LABORATORIES LTD (FORMERLY MATRIX LABORATORIES),"Lamivudine/Tenofovir Disoproxil Fumarate 300/300mg, tablets, 30 Tabs",Lamivudine/Tenofovir Disoproxil Fumarate,Generic,300/300mg,Tablet - FDC,30,"117,359",997551.50,8.5,0.28,Mylan (formerly Matrix) Nashik,TRUE,10329,"$32,530.22 ","2,150.72"
"15,894",108-VN-T30,FPQ-4266,SCMS-56540,ASN-7741,Vietnam,PMO - US,Direct Drop,EXW,Air,10/20/2009,11-11-09,23-Aug-10,23-Aug-10,23-Aug-10,ARV,Adult,Aurobindo Pharma Limited,"Lamivudine/Nevirapine/Zidovudine 150/200/300mg, tablets, 60 Tabs",Lamivudine/Nevirapine/Zidovudine,Generic,150/300/200mg,Tablet - FDC,60,"20,500",228575.00,11.15,0.19,"Aurobindo Unit III, India",TRUE,2904,"$14,223.39 ",448.01
"73,261",116-ZA-T30,FPQ-12522,SCMS-199283,ASN-27980,South Africa,PMO - US,Direct Drop,DDP,Truck,07-11-13,8/27/2014,27-Aug-14,27-Aug-14,27-Aug-14,ARV,Pediatric,S. BUYS WHOLESALER,"Lamivudine 10mg/ml, oral solution w/syringe, Bottle, 240 ml",Lamivudine,Generic,10mg/ml,Oral solution,240,12,95.96,8,0.03,"Aurobindo Unit III, India",FALSE,Weight Captured Separately,Freight Included in Commodity Cost,0.12
"15,930",110-ZM-T30,FPQ-4692,SCMS-60720,ASN-6175,Zambia,PMO - US,Direct Drop,EXW,Air,12/16/2009,12/22/2009,16-Mar-10,16-Mar-10,16-Mar-10,HRDT,HIV test,"Trinity Biotech, Plc","HIV 1/2, Uni-Gold HIV Kit, 20 Tests","HIV 1/2, Uni-Gold HIV Kit",Uni-Gold,,Test kit,20,"5,264",168448.00,32,1.6,"Trinity Biotech, Plc",TRUE,1826,"$16,438.26 ",363.17
"15,946",117-ET-T30,FPQ-5582,SCMS-72390,ASN-9567,Ethiopia,PMO - US,Direct Drop,EXW,Air,4/28/2010,4/29/2010,14-Feb-11,14-Feb-11,14-Feb-11,ARV,Adult,Aurobindo Pharma Limited,"Didanosine 250mg, delayed-release capsules, 30 Caps",Didanosine,Generic,250mg,Delayed-release capsules,30,"2,600",33800.00,13,0.43,"Aurobindo Unit III, India",TRUE,236,"$1,131.48 ",72.87
"15,984",161-ZA-T30,FPQ-6708,SCMS-93580,ASN-9951,South Africa,PMO - US,Direct Drop,DDP,Ocean,11/26/2010,12/14/2010,08-Apr-11,08-Apr-11,08-Apr-11,ARV,Adult,CIPLA LIMITED,"Tenofovir Disoproxil Fumarate 300mg, tablets, 30 Tabs",Tenofovir Disoproxil Fumarate,Generic,300mg,Tablet,30,"137,654",944306.44,6.86,0.23,"Cipla, Goa, India",TRUE,9147,"$11,314.20 ","1,558.11"
"15,994",106-HT-T30,FPQ-13797,SCMS-233940,ASN-26454,Haiti,PMO - US,Direct Drop,EXW,Air,3/20/2014,4/29/2014,14-Jul-14,14-Jul-14,16-Jul-14,ARV,Pediatric,Aurobindo Pharma Limited,"Nevirapine 10mg/ml, oral suspension w/syringe, Bottle, 240 ml",Nevirapine,Generic,10mg/ml,Oral suspension,240,705,1064.55,1.51,0.01,"Aurobindo Unit III, India",TRUE,346,"$3,429.78 ",1.09
"15,999",109-TZ-T30,FPQ-12540,SCMS-198780,ASN-20860,Tanzania,PMO - US,Direct Drop,EXW,Air,07-03-13,7/16/2013,24-Sep-13,24-Sep-13,24-Sep-13,ARV,Adult,Aurobindo Pharma Limited,"Lamivudine/Nevirapine/Zidovudine 150/200/300mg, tablets, 60 Tabs",Lamivudine/Nevirapine/Zidovudine,Generic,150/300/200mg,Tablet - FDC,60,"36,426",296143.38,8.13,0.14,"Aurobindo Unit III, India",TRUE,4609,"$17,581.92 ",366.33
"16,044",104-CI-T30,FPQ-8210,SCMS-124140,ASN-13540,Côte d'Ivoire,PMO - US,Direct Drop,EXW,Air,08-11-11,10-05-11,06-Feb-12,06-Feb-12,06-Feb-12,HRDT,HIV test,"CHEMBIO DIAGNOSTIC SYSTEMS, INC.","HIV 1/2, Stat-Pak HIV, Kit, 20 Tests","HIV 1/2, Stat-Pak HIV, Kit",Stat-Pak,,Test kit,20,"1,129",32741.00,29,1.45,Chembio Diagnostics Sys. Inc.,TRUE,328,"$4,420.31 ",54.02
"16,053",108-VN-T30,FPQ-13034,SCMS-210120,ASN-24394,Vietnam,PMO - US,Direct Drop,EXW,Air,10-04-13,10-10-13,23-Apr-14,23-Apr-14,23-Apr-14,ARV,Adult,HETERO LABS LIMITED,"Lamivudine 150mg, tablets, 60 Tabs",Lamivudine,Generic,150mg,Tablet,60,"14,011",25920.35,1.85,0.03,Hetero Unit III Hyderabad IN,TRUE,1953,"$3,658.08 ",32.06
"73,275",116-ZA-T30,FPQ-12522,SCMS-199288,ASN-27195,South Africa,PMO - US,Direct Drop,DDP,Truck,07-11-13,07-10-14,10-Jul-14,10-Jul-14,10-Jul-14,ARV,Pediatric,S. BUYS WHOLESALER,"Lopinavir/Ritonavir 80/20mg/ml [Kaletra], oral solution, cool, Bottle 5 x 60 ml",Lopinavir/Ritonavir,Kaletra,80/20mg/ml,Oral solution,300,3,70.35,23.45,0.08,ABBVIE (Abbott) Logis. UK,TRUE,Weight Captured Separately,Freight Included in Commodity Cost,0.09
"73,287",116-ZA-T30,FPQ-13973,SCMS-238550,ASN-30792,South Africa,PMO - US,Direct Drop,DDP,Truck,4/30/2014,05-08-14,19-Feb-15,19-Feb-15,19-Feb-15,ARV,Adult,PHARMACY DIRECT,"Darunavir 300mg [Prezista], tablets, 120 Tabs",Darunavir,Prezista,300mg,Tablet,120,3,209.13,69.71,0.58,"Janssen-Cilag, Latina, IT",FALSE,Weight Captured Separately,Freight Included in Commodity Cost,0.21
"16,085",122-HT-T30,FPQ-8635,SCMS-132180,ASN-13412,Haiti,PMO - US,Direct Drop,EXW,Air,12-07-11,12/30/2011,18-Jan-12,18-Jan-12,18-Jan-12,ANTM,Malaria,AMSTELFARMA B.V.,"Mefloquine 250mg (as hydrochloride), tablets, 100 Tabs",Mefloquine (as hydrochloride),Generic,250mg,Tablet,100,100,8905.00,89.05,0.89,"Medochemie Factory A, CY",TRUE,1173,"$7,019.07 ",12.48
"16,097",109-TZ-T30,FPQ-3782,SCMS-47770,ASN-5364,Tanzania,PMO - US,Direct Drop,CIP,Air,06-11-09,6/29/2009,27-Nov-09,27-Nov-09,27-Nov-09,ARV,Adult,BRISTOL-MYERS SQUIBB,"Didanosine EC 250mg [Videx EC], delayed-release capsules, Blister 3 x 10 Caps",Didanosine EC,Videx EC,250mg,Delayed-release capsules - blister,30,"18,544",340096.96,18.34,0.61,"BMS Meymac, France",TRUE,1478,"$1,312.20 ",666.59
"16,098",106-HT-T30,FPQ-15038,SCMS-262840,ASN-31820,Haiti,PMO - US,Direct Drop,EXW,Ocean,10/22/2014,12/24/2014,03-Jul-15,03-Jul-15,13-Jul-15,ARV,Pediatric,MYLAN LABORATORIES LTD (FORMERLY MATRIX LABORATORIES),"Abacavir/Lamivudine 60/30mg, tablets, 60 Tabs",Abacavir/Lamivudine,Generic,60/30mg,Tablet - FDC,60,"3,300",13035.00,3.95,0.07,Mylan (formerly Matrix) Nashik,TRUE,16350,"$16,028.78 ",13.4
"16,099",161-ZA-T30,FPQ-6262,SCMS-83790,ASN-10250,South Africa,PMO - US,Direct Drop,DDP,Ocean,8/31/2010,9/24/2010,01-Feb-11,03-May-11,03-May-11,ARV,Pediatric,Aurobindo Pharma Limited,"Efavirenz 200mg, capsule, 90 Caps",Efavirenz,Generic,200mg,Capsule,90,"1,515",15119.70,9.98,0.11,"Aurobindo Unit III, India",TRUE,201,"$4,134.92 ",32.6
"16,104",117-ET-T30,FPQ-6976,SCMS-98320,ASN-12361,Ethiopia,PMO - US,Direct Drop,EXW,Air,1/13/2011,02-01-11,31-Oct-11,31-Oct-11,31-Oct-11,ARV,Adult,Aurobindo Pharma Limited,"Didanosine 400mg, delayed-release capsules, 30 Caps",Didanosine,Generic,400mg,Delayed-release capsules,30,"2,225",44500.00,20,0.67,"Aurobindo Unit III, India",TRUE,174,"$2,052.97 ",73.42
"16,173",109-TZ-T30,FPQ-7992,SCMS-117230,ASN-13952,Tanzania,PMO - US,Direct Drop,FCA,Air,07-08-11,08-04-11,29-Mar-12,29-Mar-12,29-Mar-12,ARV,Pediatric,LAWRENCE LABORATORIES (SUBSIDIARY OF BRISTOL MYERS SQUIBB),"Didanosine 100mg [Videx],chewable tablets, 60 Tabs",Didanosine,Videx,100mg,Chewable/dispersible tablet,60,"4,132",52683.00,12.75,0.21,Bristol-Myers Squibb Anagni IT,TRUE,1598,"$12,689.71 ",86.93
"16,186",108-VN-T30,FPQ-10811,SCMS-164660,ASN-18971,Vietnam,PMO - US,Direct Drop,EXW,Air,10/15/2012,11-07-12,16-May-13,16-May-13,16-May-13,ARV,Adult,STRIDES ARCOLAB LIMITED,"Lamivudine/Nevirapine/Zidovudine 150/200/300mg, tablets, 60 Tabs",Lamivudine/Nevirapine/Zidovudine,Generic,150/300/200mg,Tablet - FDC,60,"21,858",184044.36,8.42,0.14,"Strides, Bangalore, India.",TRUE,2777,"$4,461.72 ",227.66
"16,213",102-BI-T30,FPQ-14594,SCMS-250100,ASN-28054,Burundi,PMO - US,Direct Drop,EXW,Air,7/17/2014,08-05-14,26-Sep-14,26-Sep-14,29-Sep-14,HRDT,HIV test,"CHEMBIO DIAGNOSTIC SYSTEMS, INC.","HIV 1/2, Stat-Pak Dipstick Assay Kit, 30 Tests","HIV 1/2, Stat-Pak Dipstick Assay Kit",Stat-Pak,,Test kit,30,414,11426.40,27.6,0.92,Chembio Diagnostics Sys. Inc.,TRUE,44,$694.10 ,11.75
"16,231",109-TZ-T30,FPQ-6936,SCMS-100632,ASN-10905,Tanzania,PMO - US,Direct Drop,EXW,Air,12/27/2010,05-02-11,14-Jul-11,14-Jul-11,14-Jul-11,HRDT,HIV test,"Standard Diagnostics, Inc.","HIV 1/2, Bioline 3.0 Kit, Lancets, Capillary pipets, Alcohol swabs included, 25 Tests","HIV 1/2, Bioline 3.0 Kit, Lancets, Capillary pipets, Alcohol swabs included",Bioline,,Test kit,25,"10,000",200000.00,20,0.8,"Standard Diagnostics, Korea",TRUE,3335,"$23,616.68 ",330
"16,232",106-HT-T30,FPQ-9066,SCMS-138580,ASN-14408,Haiti,PMO - US,Direct Drop,EXW,Air,01-06-12,2/24/2012,22-Apr-12,22-Apr-12,22-Apr-12,ARV,Pediatric,Aurobindo Pharma Limited,"Nevirapine 50mg, dispersible tablets (tablets for oral suspension), 30 Tabs",Nevirapine,Generic,50mg,Chewable/dispersible tablet,30,"2,894",3617.50,1.25,0.04,"Aurobindo Unit III, India",TRUE,1486,"$12,749.39 ",5.07
"16,236",117-ET-T30,FPQ-14357,SCMS-244850,ASN-27243,Ethiopia,PMO - US,Direct Drop,EXW,Air,06-03-14,6/18/2014,29-Jul-14,29-Jul-14,14-Aug-14,HRDT,HIV test,"CHEMBIO DIAGNOSTIC SYSTEMS, INC.","HIV 1/2, Stat-Pak HIV, Kit, 20 Tests","HIV 1/2, Stat-Pak HIV, Kit",Stat-Pak,,Test kit,20,679,22067.50,32.5,1.62,Chembio Diagnostics Sys. Inc.,TRUE,195,"$2,211.04 ",22.69
"16,255",103-KE-T30,FPQ-10018,SCMS-149610,ASN-15367,Kenya,PMO - US,Direct Drop,EXW,Air,06-05-12,6/14/2012,09-Jul-12,09-Jul-12,09-Jul-12,HRDT,HIV test,"Orgenics, Ltd","HIV 1/2, Determine Complete HIV Kit, 100 Tests","HIV 1/2, Determine Complete HIV Kit",Determine,,Test kit,100,"7,999",711911.00,89,0.89,"Alere Medical Co., Ltd.",TRUE,1378,"$14,842.19 ",998.1
"16,277",117-ET-T30,FPQ-9096,SCMS-133330,ASN-14559,Ethiopia,PMO - US,Direct Drop,EXW,Air,01-05-12,1/23/2012,25-Apr-12,25-Apr-12,25-Apr-12,HRDT,HIV test,"Trinity Biotech, Plc","HIV 1/2, Uni-Gold HIV Kit, 20 Tests","HIV 1/2, Uni-Gold HIV Kit",Uni-Gold,,Test kit,20,26,832.00,32,1.6,"Trinity Biotech, Plc",TRUE,17,$334.65 ,1.17
"16,766",107-RW-T30,FPQ-3859,SCMS-48840,ASN-5452,Rwanda,PMO - US,Direct Drop,CIP,Air,6/30/2009,7/16/2009,23-Nov-09,23-Nov-09,23-Nov-09,ARV,Adult,HETERO LABS LIMITED,"Nevirapine 200mg, tablets, 60 Tabs",Nevirapine,Generic,200mg,Tablet,60,"29,925",92468.25,3.09,0.05,Hetero Unit III Hyderabad IN,TRUE,1041,$730.82 ,181.24
"73,379",116-ZA-T30,FPQ-13035,SCMS-215370,ASN-24415,South Africa,PMO - US,Direct Drop,DDP,Truck,10-08-13,12-02-13,06-Feb-14,06-Feb-14,06-Feb-14,ARV,Adult,S. BUYS WHOLESALER,"Zidovudine 300mg, tablets, 60 Tabs",Zidovudine,Generic,300mg,Tablet,60,22,543.68,24.71,0.41,"Aurobindo Unit III, India",FALSE,Weight Captured Separately,Freight Included in Commodity Cost,0.67
"73,585",116-ZA-T30,FPQ-14942,SCMS-259074,ASN-31069,South Africa,PMO - US,Direct Drop,DDP,Truck,09-11-14,03-09-15,09-Mar-15,09-Mar-15,09-Mar-15,ARV,Adult,PHARMACY DIRECT,"Raltegravir 400mg [Isentress], tablets, 60 Tabs",Raltegravir,Isentress,400mg,Tablet,60,62,3792.20,61.16,1.02,"MSD, Haarlem, NL",FALSE,Weight Captured Separately,Freight Included in Commodity Cost,3.9
"73,806",116-ZA-T30,FPQ-14942,SCMS-259071,ASN-29597,South Africa,PMO - US,Direct Drop,DDP,Truck,09-11-14,11/28/2014,28-Nov-14,28-Nov-14,28-Nov-14,ARV,Adult,PHARMACY DIRECT,"Didanosine 250mg, delayed-release capsules, 30 Caps",Didanosine,Generic,250mg,Delayed-release capsules,30,6,66.10,11.02,0.37,"Aurobindo Unit III, India",FALSE,Weight Captured Separately,Freight Included in Commodity Cost,0.07
"16,398",107-RW-T30,FPQ-6341,SCMS-84930,ASN-12601,Rwanda,PMO - US,Direct Drop,EXW,Ocean,09-03-10,9/27/2010,13-Dec-11,13-Dec-11,13-Dec-11,ARV,Adult,CIPLA LIMITED,"Lopinavir/Ritonavir 200/50mg, tablets, 120 Tabs",Lopinavir/Ritonavir,Generic,200/50mg,Tablet,120,"23,240",776216.00,33.4,0.28,Cipla Ltd A-42 MIDC Mahar. IN,TRUE,6853,"$81,246.12 ","1,673.52"
"73,807",161-ZA-T30,FPQ-5303,SCMS-68940,ASN-8041,South Africa,PMO - US,Direct Drop,DDP,Air,3/18/2010,3/19/2010,07-Sep-10,27-Oct-10,27-Oct-10,ARV,Adult,Aurobindo Pharma Limited,"Efavirenz 600mg, tablets, 30 Tabs",Efavirenz,Generic,600mg,Tablet,30,"29,380",137204.60,4.67,0.16,"Aurobindo Unit III, India",TRUE,Weight Captured Separately,Freight Included in Commodity Cost,295.81
"16,473",109-TZ-T30,FPQ-6936,SCMS-100631,ASN-10904,Tanzania,PMO - US,Direct Drop,EXW,Air,12/27/2010,05-02-11,14-Jul-11,14-Jul-11,14-Jul-11,HRDT,HIV test,"Standard Diagnostics, Inc.","HIV 1/2, Bioline 3.0 Kit, Lancets, Capillary pipets, Alcohol swabs included, 25 Tests","HIV 1/2, Bioline 3.0 Kit, Lancets, Capillary pipets, Alcohol swabs included",Bioline,,Test kit,25,"10,000",200000.00,20,0.8,"Standard Diagnostics, Korea",TRUE,3335,"$23,650.43 ",330
"16,496",109-TZ-T30,FPQ-13418,SCMS-219200,ASN-24662,Tanzania,PMO - US,Direct Drop,EXW,Air,12/13/2013,12/27/2013,25-Apr-14,25-Apr-14,25-Apr-14,ARV,Adult,HETERO LABS LIMITED,"Zidovudine 300mg, tablets, 60 Tabs",Zidovudine,Generic,300mg,Tablet,60,"63,200",347600.00,5.5,0.09,Hetero Unit III Hyderabad IN,TRUE,4007,"$23,397.41 ",357.33
"16,504",161-ZA-T30,FPQ-7175,SCMS-104100,ASN-13291,South Africa,PMO - US,Direct Drop,DDP,Ocean,03-10-11,3/28/2011,12-Jan-12,27-Jan-12,27-Jan-12,ARV,Adult,CIPLA LIMITED,"Nevirapine 200mg, tablets, 60 Tabs",Nevirapine,Generic,200mg,Tablet,60,"37,870",103006.40,2.72,0.05,"Cipla, Goa, India",TRUE,4121,"$4,957.81 ",169.96
"16,513",106-HT-T30,FPQ-12590,SCMS-210541,ASN-24373,Haiti,PMO - US,Direct Drop,EXW,Ocean,8/21/2013,02-03-14,09-May-14,09-May-14,12-May-14,ARV,Pediatric,MYLAN LABORATORIES LTD (FORMERLY MATRIX LABORATORIES),"Lamivudine/Nevirapine/Zidovudine 30/50/60mg, dispersible tablets, 60 Tabs",Lamivudine/Nevirapine/Zidovudine,Generic,30/50/60mg,Chewable/dispersible tablet - FDC,60,889,3200.40,3.6,0.06,Mylan (formerly Matrix) Nashik,TRUE,94,"$2,350.55 ",3.96
"74,035",116-ZA-T30,FPQ-12522,SCMS-199283,ASN-27979,South Africa,PMO - US,Direct Drop,DDP,Truck,07-11-13,8/27/2014,27-Aug-14,27-Aug-14,27-Aug-14,ARV,Adult,S. BUYS WHOLESALER,"Zidovudine 300mg, tablets, 60 Tabs",Zidovudine,Generic,300mg,Tablet,60,11,306.08,27.83,0.46,"Aurobindo Unit III, India",FALSE,Weight Captured Separately,Freight Included in Commodity Cost,0.38
"16,556",107-RW-T30,FPQ-8741,SCMS-129500,ASN-15286,Rwanda,PMO - US,Direct Drop,EXW,Air,11/30/2011,3/14/2012,29-Jun-12,29-Jun-12,29-Jun-12,ARV,Adult,CIPLA LIMITED,"Lopinavir/Ritonavir 200/50mg, tablets, 120 Tabs",Lopinavir/Ritonavir,Generic,200/50mg,Tablet,120,"2,074",74746.96,36.04,0.3,Cipla Ltd A-42 MIDC Mahar. IN,TRUE,627,"$6,072.80 ",104.8
"16,619",110-ZM-T30,FPQ-13084,SCMS-211070,ASN-23340,Zambia,PMO - US,Direct Drop,EXW,Air,10-11-13,10/21/2013,23-Dec-13,23-Dec-13,09-Apr-14,ARV,Adult,Aurobindo Pharma Limited,"Lamivudine 150mg, tablets, 60 Tabs",Lamivudine,Generic,150mg,Tablet,60,"20,000",43000.00,2.15,0.04,"Aurobindo Unit III, India",TRUE,1044,"$5,145.69 ",44.2
"16,656",108-VN-T30,FPQ-13034,SCMS-210020,ASN-24764,Vietnam,PMO - US,Direct Drop,FCA,Air,10-04-13,10-10-13,04-Apr-14,04-Apr-14,05-Apr-14,ARV,Adult,ABBVIE LOGISTICS (FORMERLY ABBOTT LOGISTICS BV),"Lopinavir/Ritonavir 200/50mg [Aluvia], tablets, 120 Tabs",Lopinavir/Ritonavir,Aluvia,200/50mg,Tablet,120,"1,969",119754.58,60.82,0.51,ABBVIE Ludwigshafen Germany,TRUE,484,"$1,565.10 ",148.14
"16,693",102-KE-T30,FPQ-7056,SCMS-98350,ASN-10471,Kenya,PMO - US,Direct Drop,FCA,Air,1/19/2011,02-03-11,17-May-11,17-May-11,17-May-11,HRDT,HIV test,"Orgenics, Ltd","HIV 1/2, Determine Complete HIV Kit, 100 Tests","HIV 1/2, Determine Complete HIV Kit",Determine,,Test kit,100,"12,315",1096035.00,89,0.89,Inverness Japan,TRUE,3637,"$38,452.73 ","1,808.46"
"16,707",102-KE-T30,FPQ-4591,SCMS-58382,ASN-7490,Kenya,PMO - US,Direct Drop,EXW,Air,11/18/2009,5/27/2010,29-Jul-10,29-Jul-10,29-Jul-10,HRDT,HIV test,"Orgenics, Ltd","HIV 1/2, Determine Complete HIV Kit, 100 Tests","HIV 1/2, Determine Complete HIV Kit",Determine,,Test kit,100,"8,442",675360.00,80,0.8,Inverness Japan,TRUE,1454,"$13,343.23 ","1,456.08"
"16,708",110-ZM-T30,FPQ-11979,SCMS-188801,ASN-21568,Zambia,PMO - US,Direct Drop,EXW,Air,4/19/2013,07-10-13,17-Oct-13,17-Oct-13,06-Nov-13,ARV,Adult,Aurobindo Pharma Limited,"Emtricitabine/Tenofovir Disoproxil Fumarate 200/300mg, tablets, 30 Tabs",Emtricitabine/Tenofovir Disoproxil Fumarate,Generic,200/300mg,Tablet - FDC,30,"11,811",69684.90,5.9,0.2,"Aurobindo Unit III, India",TRUE,1184,"$5,904.94 ",86.2
"16,725",108-VN-T30,FPQ-9577,SCMS-145520,ASN-15795,Vietnam,PMO - US,Direct Drop,EXW,Air,04-11-12,06-12-12,22-Aug-12,22-Aug-12,22-Aug-12,ARV,Pediatric,Aurobindo Pharma Limited,"Efavirenz 50mg, capsule, 30 Caps",Efavirenz,Generic,50mg,Capsule,30,"3,000",6720.00,2.24,0.07,"Aurobindo Unit III, India",TRUE,436,"$1,238.16 ",9.42
"16,784",108-VN-T30,FPQ-11417,SCMS-174390,ASN-18903,Vietnam,PMO - US,Direct Drop,EXW,Air,01-10-13,1/22/2013,25-Apr-13,25-Apr-13,25-Apr-13,ARV,Adult,HETERO LABS LIMITED,"Tenofovir Disoproxil Fumarate 300mg, tablets, 30 Tabs",Tenofovir Disoproxil Fumarate,Generic,300mg,Tablet,30,"34,640",122972.00,3.55,0.12,Hetero Unit III Hyderabad IN,TRUE,2804,"$9,759.55 ",152.12
"16,794",107-RW-T30,FPQ-13651,SCMS-227720,ASN-25267,Rwanda,PMO - US,Direct Drop,EXW,Air,02-05-14,2/28/2014,06-May-14,06-May-14,15-May-14,ARV,Pediatric,Aurobindo Pharma Limited,"Nevirapine 10mg/ml, oral suspension w/syringe, Bottle, 240 ml",Nevirapine,Generic,10mg/ml,Oral suspension,240,"9,690",14631.90,1.51,0.01,"Aurobindo Unit III, India",TRUE,3790,"$66,260.33 ",15.04
"16,805",114-UG-T30,FPQ-11098,SCMS-171670,ASN-17984,Uganda,PMO - US,Direct Drop,EXW,Air,12/13/2012,01-02-13,20-Feb-13,20-Feb-13,20-Feb-13,HRDT,HIV test,"CHEMBIO DIAGNOSTIC SYSTEMS, INC.","HIV 1/2, Stat-Pak Dipstick Assay Kit, 30 Tests","HIV 1/2, Stat-Pak Dipstick Assay Kit",Stat-Pak,,Test kit,30,"1,458",40240.80,27.6,0.92,Chembio Diagnostics Sys. Inc.,TRUE,158,"$3,824.96 ",49.78
"16,828",108-VN-T30,FPQ-4720,SCMS-62460,ASN-6355,Vietnam,PMO - US,Direct Drop,EXW,Air,01-04-09,01-12-10,29-Mar-10,29-Mar-10,29-Mar-10,ARV,Adult,MYLAN LABORATORIES LTD (FORMERLY MATRIX LABORATORIES),"Abacavir 300mg, tablets, 60 Tabs",Abacavir,Generic,300mg,Tablet,60,100,1750.00,17.5,0.29,Mylan (formerly Matrix) Nashik,TRUE,2128,"$7,784.92 ",3.77
"16,848",104-CI-T30,FPQ-13125,SCMS-215051,ASN-24722,Côte d'Ivoire,PMO - US,Direct Drop,EXW,Air,10/25/2013,12-04-13,14-Mar-14,14-Mar-14,20-Mar-14,HRDT,HIV test,"Orgenics, Ltd","HIV 1/2, Determine Complete HIV Kit, 100 Tests","HIV 1/2, Determine Complete HIV Kit",Determine,,Test kit,100,"5,900",472000.00,80,0.8,"Alere Medical Co., Ltd.",TRUE,2393,"$33,029.82 ",485.22
"74,135",161-ZA-T30,FPQ-7175,SCMS-104020,ASN-12033,South Africa,PMO - US,Direct Drop,DDP,Ocean,03-10-11,3/28/2011,14-Jul-11,18-Nov-11,18-Nov-11,ARV,Adult,CIPLA LIMITED,"Tenofovir Disoproxil Fumarate 300mg, tablets, 30 Tabs",Tenofovir Disoproxil Fumarate,Generic,300mg,Tablet,30,"51,382",332441.54,6.47,0.22,"Cipla, Goa, India",TRUE,Weight Captured Separately,Freight Included in Commodity Cost,548.53
"16,901",108-VN-T30,FPQ-8428,SCMS-123600,ASN-13410,Vietnam,PMO - US,Direct Drop,EXW,Air,9/21/2011,10-04-11,18-Feb-12,18-Feb-12,18-Feb-12,ARV,Adult,Aurobindo Pharma Limited,"Abacavir 300mg, tablets, 60 Tabs",Abacavir,Generic,300mg,Tablet,60,112,1618.40,14.45,0.24,"Aurobindo Unit III, India",TRUE,1701,"$4,288.83 ",2.67
"74,213",116-ZA-T30,FPQ-11828,SCMS-183950,ASN-19166,South Africa,South Africa Field Office,Direct Drop,DDP,Truck,3/18/2013,Date Not Captured,16-Apr-13,16-Apr-13,16-Apr-13,ARV,Adult,S. BUYS WHOLESALER,"Abacavir 300mg, tablets, 60 Tabs",Abacavir,Generic,300mg,Tablet,60,537,14023.43,26.11,0.44,"Cipla, Patalganga, India",FALSE,Weight Captured Separately,Freight Included in Commodity Cost,17.35
"16,923",151-NG-T30,FPQ-9436,SCMS-141660,ASN-16315,Nigeria,PMO - US,Direct Drop,EXW,Air,03-09-12,4/16/2012,20-Oct-12,20-Oct-12,20-Oct-12,ARV,Adult,MYLAN LABORATORIES LTD (FORMERLY MATRIX LABORATORIES),"Atazanavir/Ritonavir 300/100mg, tablets, 30 Tabs",Atazanavir/Ritonavir,Generic,300/100mg,Tablet,30,"10,150",228375.00,22.5,0.75,Mylan (formerly Matrix) Nashik,TRUE,1360,"$7,665.38 ",320.18
"74,273",116-ZA-T30,FPQ-14942,SCMS-259076,ASN-32524,South Africa,PMO - US,Direct Drop,DDP,Truck,09-11-14,06-02-15,02-Jun-15,02-Jun-15,02-Jun-15,ARV,Adult,PHARMACY DIRECT,"Nevirapine 200mg, tablets, 60 Tabs",Nevirapine,Generic,200mg,Tablet,60,19,243.66,12.82,0.21,"Aurobindo Unit III, India",FALSE,Weight Captured Separately,Freight Included in Commodity Cost,0.25
"16,967",108-VN-T30,FPQ-12539,SCMS-199710,ASN-23182,Vietnam,PMO - US,Direct Drop,FCA,Air,07-11-13,7/30/2013,08-Jan-14,08-Jan-14,08-Jan-14,ARV,Adult,ABBVIE LOGISTICS (FORMERLY ABBOTT LOGISTICS BV),"Ritonavir 100mg [Norvir], film coated tablets, 30 Tabs",Ritonavir,Norvir,100mg,Tablet,30,319,7419.94,23.26,0.78,ABBVIE Ludwigshafen Germany,TRUE,1736,"$5,265.22 ",9.18
"16,998",109-TZ-T30,FPQ-5900,SCMS-76980,ASN-7444,Tanzania,PMO - US,Direct Drop,EXW,Air,6/21/2010,6/24/2010,07-Aug-10,09-Aug-10,09-Aug-10,ARV,Adult,Aurobindo Pharma Limited,"Nevirapine 200mg, tablets, 60 Tabs",Nevirapine,Generic,200mg,Tablet,60,"28,663",74523.80,2.6,0.04,"Aurobindo Unit III, India",TRUE,3380,"$17,603.58 ",160.67
"17,003",111-MZ-T30,FPQ-13134,SCMS-215580,ASN-24545,Mozambique,PMO - US,Direct Drop,FCA,Air,11-12-13,11/26/2013,07-Mar-14,07-Mar-14,15-Mar-14,ARV,Adult,ABBVIE LOGISTICS (FORMERLY ABBOTT LOGISTICS BV),"Ritonavir 100mg [Norvir], film coated tablets, 60 Tabs",Ritonavir,Norvir,100mg,Tablet,60,120,822.00,6.85,0.11,ABBVIE Ludwigshafen Germany,TRUE,22,$828.76 ,0.85
"17,065",104-CI-T30,FPQ-9394,SCMS-141410,ASN-15046,Côte d'Ivoire,PMO - US,Direct Drop,EXW,Air,2/28/2012,3/21/2012,05-Jun-12,05-Jun-12,05-Jun-12,HRDT,HIV test,"CHEMBIO DIAGNOSTIC SYSTEMS, INC.","HIV 1/2, Stat-Pak HIV, Kit, 20 Tests","HIV 1/2, Stat-Pak HIV, Kit",Stat-Pak,,Test kit,20,"2,371",68759.00,29,1.45,Chembio Diagnostics Sys. Inc.,TRUE,939,"$8,695.18 ",96.4
"17,096",110-ZM-T30,FPQ-14130,SCMS-239730,ASN-30244,Zambia,PMO - US,Direct Drop,EXW,Air,4/22/2014,5/19/2014,05-May-15,12-May-15,14-May-15,HRDT,HIV test,"Orgenics, Ltd","HIV 1/2, Determine Complete HIV Kit, 100 Tests","HIV 1/2, Determine Complete HIV Kit",Determine,,Test kit,100,"2,863",229040.00,80,0.8,"Alere Medical Co., Ltd.",TRUE,1159,"$15,174.53 ",235.45
"17,124",104-CI-T30,FPQ-4530,SCMS-57730,ASN-6229,Côte d'Ivoire,PMO - US,Direct Drop,FCA,Air,11-05-09,11/23/2009,05-Mar-10,05-Mar-10,05-Mar-10,ARV,Adult,Hoffmann-La Roche ltd Basel,"Saquinavir 500mg [Invirase], tablets, 120 Tabs",Saquinavir,Invirase,500mg,Tablet,120,"1,500",149780.99,99.85,0.83,Roche Basel,TRUE,271,"$2,527.94 ",322.93
"17,129",108-VN-T30,FPQ-12187,SCMS-188500,ASN-21817,Vietnam,PMO - US,Direct Drop,EXW,Air,05-03-13,05-10-13,23-Oct-13,23-Oct-13,24-Oct-13,ARV,Adult,MYLAN LABORATORIES LTD (FORMERLY MATRIX LABORATORIES),"Efavirenz/Lamivudine/Tenofovir Disoproxil Fumarate 600/300/300mg, tablets, 30 Tabs",Efavirenz/Lamivudine/Tenofovir Disoproxil Fumarate,Generic,600/300/300mg,Tablet - FDC,30,"84,000",965160.00,11.49,0.38,Mylan (formerly Matrix) Nashik,TRUE,9479,"$14,402.92 ","1,193.90"
"17,135",109-TZ-T30,FPQ-12197,SCMS-189360,ASN-21230,Tanzania,PMO - US,Direct Drop,EXW,Air,4/30/2013,5/29/2013,17-Sep-13,13-Sep-13,13-Sep-13,HRDT,HIV test,"Standard Diagnostics, Inc.","HIV 1/2, Determine Complete HIV Kit, 100 Tests","HIV 1/2, Determine Complete HIV Kit",Determine,,Test kit,100,"3,053",0.00,0,0,"Alere Medical Co., Ltd.",TRUE,1265,"$21,384.75 ",0
"17,145",110-PK-T30,FPQ-9019,SCMS-132510,ASN-13948,Pakistan,PMO - US,Direct Drop,EXW,Air,12/27/2011,1/17/2012,29-Jun-12,29-Jun-12,29-Jun-12,HRDT,HIV test,"Orgenics, Ltd","HIV 1/2, Determine Complete HIV Kit, 100 Tests","HIV 1/2, Determine Complete HIV Kit",Determine,,Test kit,100,"2,352",188160.00,80,0.8,"Alere Medical Co., Ltd.",TRUE,1117,"$14,959.83 ",263.8
"17,200",106-HT-T30,FPQ-12538,SCMS-198140,ASN-21069,Haiti,PMO - US,Direct Drop,EXW,Air,6/25/2013,7/22/2013,30-Aug-13,30-Aug-13,30-Aug-13,ARV,Adult,MYLAN LABORATORIES LTD (FORMERLY MATRIX LABORATORIES),"Atazanavir/Ritonavir 300/100mg, tablets, 30 Tabs",Atazanavir/Ritonavir,Generic,300/100mg,Tablet,30,"5,000",100000.00,20,0.67,Mylan (formerly Matrix) Nashik,TRUE,670,"$4,909.72 ",123.7
"17,207",107-RW-T30,FPQ-3859,SCMS-49090,ASN-7249,Rwanda,PMO - US,Direct Drop,CIP,Air,6/30/2009,7/16/2009,01-Jul-10,01-Jul-10,01-Jul-10,ARV,Adult,HETERO LABS LIMITED,"Nevirapine 200mg, tablets, 60 Tabs",Nevirapine,Generic,200mg,Tablet,60,"66,825",206489.25,3.09,0.05,Hetero Unit III Hyderabad IN,TRUE,3845,"$20,194.78 ",404.72
"74,333",116-ZA-T30,FPQ-14942,SCMS-259079,ASN-33852,South Africa,PMO - US,Direct Drop,DDP,Truck,09-11-14,10-09-14,24-Aug-15,24-Aug-15,24-Aug-15,ARV,Adult,PHARMACY DIRECT,"Zidovudine 300mg, tablets, 60 Tabs",Zidovudine,Generic,300mg,Tablet,60,15,289.91,19.33,0.32,"Aurobindo Unit III, India",FALSE,Weight Captured Separately,Freight Included in Commodity Cost,0.3
"17,228",108-VN-T30,FPQ-4265,SCMS-56300,ASN-6250,Vietnam,PMO - US,Direct Drop,EXW,Air,10/20/2009,11-03-09,20-Mar-10,20-Mar-10,20-Mar-10,ARV,Adult,MYLAN LABORATORIES LTD (FORMERLY MATRIX LABORATORIES),"Zidovudine 300mg, tablets, 60 Tabs",Zidovudine,Generic,300mg,Tablet,60,336,2520.00,7.5,0.12,Mylan (formerly Matrix) Nashik,TRUE,120,"$9,013.85 ",4.94
"17,242",161-ZA-T30,FPQ-6708,SCMS-93550,ASN-10573,South Africa,PMO - US,Direct Drop,DDP,Ocean,11/26/2010,12/14/2010,13-Jun-11,13-Jun-11,13-Jun-11,ARV,Adult,Aurobindo Pharma Limited,"Tenofovir Disoproxil Fumarate 300mg, tablets, 30 Tabs",Tenofovir Disoproxil Fumarate,Generic,300mg,Tablet,30,"43,280",287812.00,6.65,0.22,"Aurobindo Unit III, India",TRUE,4040,"$6,121.42 ",474.89
"74,337",116-ZA-T30,FPQ-13035,SCMS-215370,ASN-24415,South Africa,PMO - US,Direct Drop,DDP,Truck,10-08-13,12-02-13,06-Feb-14,06-Feb-14,06-Feb-14,ARV,Adult,S. BUYS WHOLESALER,"Efavirenz 600mg, tablets, 30 Tabs",Efavirenz,Generic,600mg,Tablet,30,"2,348",34277.51,14.6,0.49,"Aurobindo Unit III, India",FALSE,Weight Captured Separately,Freight Included in Commodity Cost,42.4
"17,247",110-ZM-T30,FPQ-7439,SCMS-106740,ASN-11398,Zambia,PMO - US,Direct Drop,EXW,Air,04-01-11,4/21/2011,22-Jul-11,22-Jul-11,22-Jul-11,HRDT,HIV test,"Orgenics, Ltd","HIV 1/2, Determine Complete HIV Kit, 100 Tests","HIV 1/2, Determine Complete HIV Kit",Determine,,Test kit,100,"2,751",220080.00,80,0.8,Inverness Japan,TRUE,1061,"$23,722.96 ",363.13
"17,259",109-TZ-T30,FPQ-6795,SCMS-103290,ASN-10811,Tanzania,PMO - US,Direct Drop,FCA,Air,1/27/2011,4/14/2011,27-Jun-11,27-Jun-11,27-Jun-11,ARV,Adult,LAWRENCE LABORATORIES (SUBSIDIARY OF BRISTOL MYERS SQUIBB),"Didanosine EC 250mg [Videx EC], delayed-release capsules, Blister 3 x 10 Caps",Didanosine EC,Videx EC,250mg,Delayed-release capsules - blister,30,"2,098",38477.32,18.34,0.61,Bristol-Myers Squibb Anagni IT,TRUE,140,"$1,870.73 ",63.49
"74,364",116-ZA-T30,FPQ-11828,SCMS-183950,ASN-19166,South Africa,South Africa Field Office,Direct Drop,DDP,Truck,3/18/2013,Date Not Captured,16-Apr-13,16-Apr-13,16-Apr-13,ARV,Pediatric,S. BUYS WHOLESALER,"Efavirenz 50mg, capsule, 30 Caps",Efavirenz,Generic,50mg,Capsule,30,"2,146",6526.50,3.04,0.1,"Aurobindo Unit III, India",FALSE,Weight Captured Separately,Freight Included in Commodity Cost,8.07
"17,349",107-RW-T30,FPQ-12518,SCMS-198222,ASN-24720,Rwanda,PMO - US,Direct Drop,EXW,Air,6/21/2013,08-12-13,27-Mar-14,27-Mar-14,27-Mar-14,HRDT,HIV test,"SHANGHAI KEHUA BIOENGINEERING CO.,LTD.  (KHB)","HIV 1/2, SKB Colloidal Gold, Diagnostic Kit, Antibody, 50 Tests","HIV 1/2, Colloidal Gold, Diagnostic Kit, Antibody",Colloidal Gold,,Test kit,1,"2,072",50764.00,24.5,24.5,"KHB Test Kit Facility, Shanghai China",TRUE,1383,"$18,323.97 ",62.8
"74,417",116-ZA-T30,FPQ-12522,SCMS-199280,ASN-24433,South Africa,PMO - US,Direct Drop,DDP,Truck,07-11-13,8/13/2013,07-Feb-14,07-Feb-14,07-Feb-14,ARV,Adult,S. BUYS WHOLESALER,"Efavirenz 600mg, tablets, 30 Tabs",Efavirenz,Generic,600mg,Tablet,30,676,11202.19,16.57,0.55,Hetero Unit III Hyderabad IN,FALSE,Weight Captured Separately,Freight Included in Commodity Cost,13.86
"74,502",106-HT-T30,FPQ-11304,SCMS-176451,ASN-19216,Haiti,PMO - US,Direct Drop,DAP,Truck,1/22/2013,02-12-13,12-Apr-13,12-Apr-13,12-Apr-13,HRDT,HIV test,REINBOLD EXPORT IMPORT,"HIV 1/2, Determine Complete HIV Kit, 100 Tests","HIV 1/2, Determine Complete HIV Kit",Determine,,Test kit,100,11,1375.00,125,1.25,"Alere Medical Co., Ltd.",TRUE,Weight Captured Separately,Freight Included in Commodity Cost,1.7
"17,447",104-CI-T30,FPQ-12714,SCMS-204990,ASN-22828,Côte d'Ivoire,PMO - US,Direct Drop,FCA,Air,7/30/2013,09-02-13,29-Nov-13,29-Nov-13,02-Dec-13,ARV,Pediatric,ABBVIE LOGISTICS (FORMERLY ABBOTT LOGISTICS BV),"Lopinavir/Ritonavir 100/25mg [Aluvia], tablets, 60 Tabs",Lopinavir/Ritonavir,Generic,100/25mg,Tablet,60,"7,850",46629.00,5.94,0.1,ABBVIE Ludwigshafen Germany,TRUE,909,"$6,020.53 ",57.68
"17,501",108-VN-T30,FPQ-12051,SCMS-188700,ASN-21668,Vietnam,PMO - US,Direct Drop,EXW,Air,05-03-13,5/15/2013,25-Sep-13,25-Sep-13,25-Sep-13,ARV,Adult,HETERO LABS LIMITED,"Abacavir 300mg, tablets, 60 Tabs",Abacavir,Generic,300mg,Tablet,60,771,9444.75,12.25,0.2,Hetero Unit III Hyderabad IN,TRUE,136,$678.96 ,11.68
"17,600",109-TZ-T30,FPQ-13945,SCMS-235370,ASN-26443,Tanzania,PMO - US,Direct Drop,EXW,Air,3/27/2014,05-06-14,08-Aug-14,08-Aug-14,29-Sep-14,HRDT,HIV test,"Trinity Biotech, Plc","HIV 1/2, Uni-Gold HIV Kit, 20 Tests","HIV 1/2, Uni-Gold HIV Kit",Uni-Gold,,Test kit,20,336,10752.00,32,1.6,"Trinity Biotech, Plc",TRUE,101,"$1,428.13 ",11.05
"17,640",111-MZ-T30,FPQ-10880,SCMS-164000,ASN-18533,Mozambique,PMO - US,Direct Drop,EXW,Air,10/18/2012,11-06-12,20-Mar-13,20-Mar-13,20-Mar-13,HRDT,HIV test,"Orgenics, Ltd","HIV 1/2, Determine Complete HIV Kit, 100 Tests","HIV 1/2, Determine Complete HIV Kit",Determine,,Test kit,100,"1,832",146560.00,80,0.8,"Alere Medical Co., Ltd.",TRUE,829,"$8,680.27 ",181.29
"17,648",161-ZA-T30,FPQ-6262,SCMS-83770,ASN-9941,South Africa,PMO - US,Direct Drop,DDP,Ocean,8/31/2010,9/24/2010,26-Apr-11,26-Apr-11,26-Apr-11,ARV,Adult,Aurobindo Pharma Limited,"Lamivudine 150mg, tablets, 60 Tabs",Lamivudine,Generic,150mg,Tablet,60,"152,535",361507.95,2.37,0.04,"Aurobindo Unit III, India",TRUE,7698,"$11,372.23 ",779.41
"74,569",116-ZA-T30,FPQ-3560,SCMS-50941,ASN-5498,South Africa,PMO - US,Direct Drop,DDP,Truck,05-07-09,08-03-09,30-Oct-09,30-Oct-09,30-Oct-09,ARV,Pediatric,S. BUYS WHOLESALER,"Efavirenz 50mg, capsule, 30 Caps",Efavirenz,Generic,50mg,Capsule,30,"1,261",5063.76,4.02,0.13,"Aurobindo Unit III, India",FALSE,Weight Captured Separately,Freight Included in Commodity Cost,9.92
"17,697",108-VN-T30,FPQ-6384,SCMS-87770,ASN-9407,Vietnam,PMO - US,Direct Drop,EXW,Air,9/30/2010,10/18/2010,09-Feb-11,09-Feb-11,09-Feb-11,ARV,Adult,HETERO LABS LIMITED,"Lamivudine/Nevirapine/Stavudine 150/200/30mg, tablets, 60 Tabs",Lamivudine/Nevirapine/Stavudine,Generic,150/200/30mg,Tablet - FDC,60,"19,760",94848.00,4.8,0.08,Hetero Unit III Hyderabad IN,TRUE,3998,"$12,974.12 ",204.49
"17,701",102-ML-T30,FPQ-10104,SCMS-153770,ASN-15931,Mali,PMO - US,Direct Drop,EXW,Air,07-05-12,7/31/2012,11-Sep-12,11-Sep-12,11-Sep-12,HRDT,HIV test,Orasure Technologies Inc.,"HIV 1/2, OraQuick Advance HIV Rapid Antibody Kit, 100 Tests","HIV 1/2, OraQuick Advance HIV Rapid Antibody Kit",OraQuick,,Test kit,100,5,2000.00,400,4,"Pacific Biotech, Thailand",TRUE,12,"$1,840.97 ",2.8
"17,717",105-GY-T30,FPQ-15696,SCMS-276200,ASN-31730,Guyana,PMO - US,Direct Drop,EXW,Air,01-02-15,02-12-15,16-Jun-15,16-Jun-15,24-Jun-15,ARV,Adult,HETERO LABS LIMITED,"Emtricitabine/Tenofovir Disoproxil Fumarate 200/300mg, tablets, 30 Tabs",Emtricitabine/Tenofovir Disoproxil Fumarate,Generic,200/300mg,Tablet - FDC,30,"3,715",20766.85,5.59,0.19,Hetero Unit III Hyderabad IN,TRUE,385,"$3,248.60 ",24.44
"74,660",107-RW-T30,FPQ-6186,SCMS-83370,ASN-9435,Rwanda,PMO - US,Direct Drop,CIP,Air,8/13/2010,9/27/2010,11-Jan-11,11-Jan-11,11-Jan-11,ARV,Adult,HETERO LABS LIMITED,"Efavirenz 600mg, tablets, 30 Tabs",Efavirenz,Generic,600mg,Tablet,30,"1,396",6044.68,4.33,0.14,Hetero Unit III Hyderabad IN,TRUE,Weight Captured Separately,Freight Included in Commodity Cost,13.03
"17,796",110-ZM-T30,FPQ-14790,SCMS-253021,ASN-31639,Zambia,PMO - US,Direct Drop,FCA,Air,8/13/2014,8/20/2014,09-Jun-15,09-Jun-15,09-Jun-15,ARV,Pediatric,ABBVIE LOGISTICS (FORMERLY ABBOTT LOGISTICS BV),"Lopinavir/Ritonavir 80/20mg/ml [Kaletra], oral solution, cool, Bottle 5 x 60 ml",Lopinavir/Ritonavir,Kaletra,80/20mg/ml,Oral solution,300,"2,266",69838.12,30.82,0.1,ABBVIE (Abbott) Logis. UK,TRUE,2277,"$13,894.08 ",71.79
"17,800",106-HT-T30,FPQ-11286,SCMS-176290,ASN-19068,Haiti,PMO - US,Direct Drop,FCA,Air,1/16/2013,02-05-13,04-Jun-13,04-Jun-13,04-Jun-13,ARV,Pediatric,ABBVIE LOGISTICS (FORMERLY ABBOTT LOGISTICS BV),"Lopinavir/Ritonavir 80/20mg/ml [Kaletra], oral solution, cool, Bottle 5 x 60 ml",Lopinavir/Ritonavir,Kaletra,80/20mg/ml,Oral solution,300,100,3082.00,30.82,0.1,ABBVIE (Abbott) Logis. UK,TRUE,164,"$2,419.33 ",3.81
"17,815",111-MZ-T30,FPQ-8116,SCMS-118360,ASN-12610,Mozambique,PMO - US,Direct Drop,EXW,Air,08-04-11,8/24/2011,12-Dec-11,12-Dec-11,12-Dec-11,HRDT,HIV test,"Orgenics, Ltd","HIV 1/2, Determine HIV Kit, without Lancets, 100 Tests","HIV 1/2, Determine HIV Kit, without Lancets",Determine,,Test kit,100,"7,412",575912.40,77.7,0.78,Inverness Japan,TRUE,2097,"$15,891.96 ",950.26
"17,825",133-NG-T30,FPQ-14305,SCMS-240830,ASN-27476,Nigeria,PMO - US,Direct Drop,EXW,Air,5/16/2014,06-02-14,19-Aug-14,02-Sep-14,17-Sep-14,HRDT,HIV test,"Orgenics, Ltd","HIV 1/2, Determine Complete HIV Kit, 100 Tests","HIV 1/2, Determine Complete HIV Kit",Determine,,Test kit,100,"4,987",443843.00,89,0.89,"Alere Medical Co., Ltd.",TRUE,2022,"$30,257.97 ",456.27
"17,831",102-SD-T30,FPQ-7321,SCMS-107790,ASN-11120,Sudan,PMO - US,Direct Drop,EXW,Air,3/29/2011,05-02-11,01-Jul-11,01-Jul-11,01-Jul-11,HRDT,HIV test,"Orgenics, Ltd","HIV 1/2, Determine Complete HIV Kit, 100 Tests","HIV 1/2, Determine Complete HIV Kit",Determine,,Test kit,100,378,33642.00,89,0.89,Inverness Japan,TRUE,180,"$4,529.86 ",55.51
"74,674",116-ZA-T30,FPQ-3560,SCMS-49610,ASN-5003,South Africa,PMO - US,Direct Drop,DDP,Truck,05-07-09,7/21/2009,11-Aug-09,11-Aug-09,11-Aug-09,ARV,Adult,S. BUYS WHOLESALER,"Tenofovir Disoproxil Fumarate 300mg [Viread], tablets, 30 Tabs",Tenofovir Disoproxil Fumarate,Viread,300mg,Tablet,30,163,4195.98,25.74,0.86,"Aspen-OSD, Port Elizabeth, SA",TRUE,Weight Captured Separately,Freight Included in Commodity Cost,8.22
"17,861",108-VN-T30,FPQ-4720,SCMS-62490,ASN-6190,Vietnam,PMO - US,Direct Drop,EXW,Air,01-04-09,01-12-10,15-Mar-10,15-Mar-10,15-Mar-10,ARV,Adult,CIPLA LIMITED,"Lamivudine/Nevirapine/Stavudine 150/200/30mg, tablets, 60 Tabs",Lamivudine/Nevirapine/Stavudine,Generic,150/200/30mg,Tablet - FDC,60,"19,920",114340.80,5.74,0.1,"Cipla, Goa, India",TRUE,1936,"$5,314.56 ",246.52
"74,694",116-ZA-T30,FPQ-14942,SCMS-259074,ASN-31070,South Africa,PMO - US,Direct Drop,DDP,Truck,09-11-14,03-09-15,09-Mar-15,09-Mar-15,09-Mar-15,ARV,Pediatric,PHARMACY DIRECT,"Efavirenz 200mg, capsule, 90 Caps",Efavirenz,Generic,200mg,Capsule,90,3,51.12,17.04,0.19,"Aurobindo Unit III, India",FALSE,Weight Captured Separately,Freight Included in Commodity Cost,0.05
"74,722",116-ZA-T30,FPQ-13973,SCMS-238550,ASN-30792,South Africa,PMO - US,Direct Drop,DDP,Truck,4/30/2014,05-08-14,19-Feb-15,19-Feb-15,19-Feb-15,ARV,Pediatric,PHARMACY DIRECT,"Atazanavir 150mg [Reyataz], capsules, 60 Caps",Atazanavir,Reyataz,150mg,Capsule,60,3,58.13,19.38,0.32,"BMS Evansville, US",FALSE,Weight Captured Separately,Freight Included in Commodity Cost,0.06
"17,900",901-NA-T30,FPQ-14689,SCMS-253440,ASN-29097,Namibia,PMO - US,Direct Drop,EXW,Air,7/30/2014,8/29/2014,19-Nov-14,19-Nov-14,19-Nov-14,ARV,Adult,HETERO LABS LIMITED,"Lamivudine/Zidovudine 150/300mg, tablets, 60 Tabs",Lamivudine/Zidovudine,Generic,150/300mg,Tablet - FDC,60,"26,663",176242.43,6.61,0.11,"Hetero, Jadcherla, unit 5, IN",TRUE,4233,"$26,663.64 ",181.18
"74,753",116-ZA-T30,FPQ-12523,SCMS-199315,ASN-27211,South Africa,PMO - US,Direct Drop,DDP,Truck,07-12-13,07-11-14,11-Jul-14,11-Jul-14,11-Jul-14,ARV,Pediatric,S. BUYS WHOLESALER,"Atazanavir 150mg [Reyataz], capsules, 60 Caps",Atazanavir,Reyataz,150mg,Capsule,60,2,51.37,25.68,0.43,"BMS Evansville, US",TRUE,Weight Captured Separately,Freight Included in Commodity Cost,0.06
"17,944",161-ZA-T30,FPQ-5303,SCMS-68720,ASN-7538,South Africa,PMO - US,Direct Drop,DDP,Air,3/18/2010,3/19/2010,19-Jul-10,29-Jul-10,29-Jul-10,ARV,Adult,CIPLA LIMITED,"Tenofovir Disoproxil Fumarate 300mg, tablets, 30 Tabs",Tenofovir Disoproxil Fumarate,Generic,300mg,Tablet,30,"47,625",372427.50,7.82,0.26,"Cipla, Goa, India",TRUE,3243,"$1,881.24 ",802.95
"17,949",161-ZA-T30,FPQ-6262,SCMS-83770,ASN-10127,South Africa,PMO - US,Direct Drop,DDP,Ocean,8/31/2010,9/24/2010,26-Apr-11,26-Apr-11,26-Apr-11,ARV,Adult,Aurobindo Pharma Limited,"Efavirenz 600mg, tablets, 30 Tabs",Efavirenz,Generic,600mg,Tablet,30,"32,280",146228.40,4.53,0.15,"Aurobindo Unit III, India",TRUE,7017,"$11,372.23 ",315.27
"74,771",116-ZA-T30,FPQ-11828,SCMS-183950,ASN-19166,South Africa,South Africa Field Office,Direct Drop,DDP,Truck,3/18/2013,Date Not Captured,16-Apr-13,16-Apr-13,16-Apr-13,ARV,Adult,S. BUYS WHOLESALER,"Lamivudine 150mg [Epivir], tablets, 60 Tabs",Lamivudine,Epivir,150mg,Tablet,60,"19,284",144614.29,7.5,0.12,GSK Ware (UK),FALSE,Weight Captured Separately,Freight Included in Commodity Cost,178.89
"18,053",161-ZA-T30,FPQ-5303,SCMS-68740,ASN-7725,South Africa,PMO - US,Direct Drop,DDP,Air,3/18/2010,3/19/2010,01-Sep-10,01-Sep-10,01-Sep-10,ARV,Adult,CIPLA LIMITED,"Tenofovir Disoproxil Fumarate 300mg, tablets, 30 Tabs",Tenofovir Disoproxil Fumarate,Generic,300mg,Tablet,30,"26,991",211069.62,7.82,0.26,"Cipla, Goa, India",TRUE,1842,"$5,298.03 ",455.07
"74,834",116-ZA-T30,FPQ-13214,SCMS-215410,ASN-23875,South Africa,PMO - US,Direct Drop,DDP,Truck,11/14/2013,12-02-13,13-Jan-14,13-Jan-14,13-Jan-14,ARV,Adult,S. BUYS WHOLESALER,"Lamivudine 150mg [Epivir], tablets, 60 Tabs",Lamivudine,Epivir,150mg,Tablet,60,115,1249.75,10.87,0.18,GSK Cape Town Factory (South Africa),FALSE,Weight Captured Separately,Freight Included in Commodity Cost,1.28
"74,941",116-ZA-T30,FPQ-14942,SCMS-259078,ASN-33470,South Africa,PMO - US,Direct Drop,DDP,Truck,09-11-14,10-09-14,24-Jul-15,24-Jul-15,24-Jul-15,ARV,Adult,PHARMACY DIRECT,"Didanosine 250mg, delayed-release capsules, 30 Caps",Didanosine,Generic,250mg,Delayed-release capsules,30,6,71.03,11.84,0.39,"Aurobindo Unit III, India",FALSE,Weight Captured Separately,Freight Included in Commodity Cost,0.07
"74,993",116-ZA-T30,FPQ-14942,SCMS-259074,ASN-31069,South Africa,PMO - US,Direct Drop,DDP,Truck,09-11-14,03-09-15,09-Mar-15,09-Mar-15,09-Mar-15,ARV,Adult,PHARMACY DIRECT,"Etravirine 100mg [Intelence], tablets, 120 Tabs",Etravirine,Intelence,100mg,Tablet,120,41,1049.33,25.59,0.21,"Janssen-Cilag, Latina, IT",FALSE,Weight Captured Separately,Freight Included in Commodity Cost,1.08
"18,129",161-ZA-T30,FPQ-7175,SCMS-103490,ASN-11043,South Africa,PMO - US,Direct Drop,DDP,Ocean,03-10-11,3/24/2011,02-Sep-11,02-Sep-11,02-Sep-11,ARV,Pediatric,Aurobindo Pharma Limited,"Efavirenz 200mg, capsule, 90 Caps",Efavirenz,Generic,200mg,Capsule,90,"25,000",204250.00,8.17,0.09,"Aurobindo Unit III, India",TRUE,3313,"$4,689.60 ",337.01
"18,155",102-SD-T30,FPQ-8261,SCMS-120460,ASN-12339,Sudan,PMO - US,Direct Drop,EXW,Air,8/29/2011,09-07-11,11-Jan-12,11-Jan-12,11-Jan-12,HRDT,HIV test,"Trinity Biotech, Plc","HIV 1/2, Uni-Gold HIV Kit, 20 Tests","HIV 1/2, Uni-Gold HIV Kit",Uni-Gold,,Test kit,20,58,1856.00,32,1.6,"Trinity Biotech, Plc",TRUE,19,$594.51 ,3.06
"75,089",116-ZA-T30,FPQ-14942,SCMS-259071,ASN-29596,South Africa,PMO - US,Direct Drop,DDP,Truck,09-11-14,11/28/2014,28-Nov-14,28-Nov-14,28-Nov-14,ARV,Adult,PHARMACY DIRECT,"Darunavir 300mg [Prezista], tablets, 120 Tabs",Darunavir,Prezista,300mg,Tablet,120,36,1696.63,47.13,0.39,"Janssen-Cilag, Latina, IT",FALSE,Weight Captured Separately,Freight Included in Commodity Cost,1.74
"18,227",108-VN-T30,FPQ-7565,SCMS-108100,ASN-11579,Vietnam,PMO - US,Direct Drop,EXW,Air,4/21/2011,05-02-11,11-Aug-11,11-Aug-11,11-Aug-11,ARV,Adult,MYLAN LABORATORIES LTD (FORMERLY MATRIX LABORATORIES),"Nevirapine 200mg, tablets, 60 Tabs",Nevirapine,Generic,200mg,Tablet,60,"25,000",65000.00,2.6,0.04,Mylan (formerly Matrix) Nashik,TRUE,3098,"$12,745.06 ",107.25
"18,240",108-VN-T30,FPQ-10287,SCMS-156320,ASN-17177,Vietnam,PMO - US,Direct Drop,EXW,Air,7/25/2012,8/15/2012,05-Dec-12,05-Dec-12,05-Dec-12,ARV,Adult,HETERO LABS LIMITED,"Lamivudine/Zidovudine 150/300mg, tablets, 60 Tabs",Lamivudine/Zidovudine,Generic,150/300mg,Tablet - FDC,60,"14,842",105081.36,7.08,0.12,Hetero Unit III Hyderabad IN,TRUE,1364,"$2,348.57 ",147.32
"18,246",102-BI-T30,FPQ-14713,SCMS-251510,ASN-29876,Burundi,PMO - US,Direct Drop,EXW,Air,7/29/2014,8/28/2014,26-Jan-15,26-Jan-15,27-Jan-15,HRDT,HIV test,"CHEMBIO DIAGNOSTIC SYSTEMS, INC.","HIV 1/2, Stat-Pak Dipstick Assay Kit, 30 Tests","HIV 1/2, Stat-Pak Dipstick Assay Kit",Stat-Pak,,Test kit,30,414,11426.40,27.6,0.92,Chembio Diagnostics Sys. Inc.,TRUE,45,$753.35 ,11.75
"18,269",111-MZ-T30,FPQ-10606,SCMS-162160,ASN-17088,Mozambique,PMO - US,Direct Drop,EXW,Air,09-12-12,10-10-12,25-Dec-12,25-Dec-12,25-Dec-12,HRDT,HIV test,"Orgenics, Ltd","HIV 1/2, Determine Kit without Lancets, Buffer or Caplillary Tubes, 100 Tests","HIV 1/2, Determine Kit without Lancets, Buffer or Capillary Tubes, 100 Tests",Determine,,Test kit,100,81,5844.15,72.15,0.72,"Alere Medical Co., Ltd.",TRUE,16,$467.26 ,8.19
"18,316",103-ZW-T30,FPQ-14475,SCMS-245070,ASN-27206,Zimbabwe,PMO - US,Direct Drop,EXW,Air,6/17/2014,6/19/2014,20-Aug-14,20-Aug-14,20-Aug-14,ARV,Pediatric,STRIDES ARCOLAB LIMITED,"Efavirenz 200mg, scored tablets, 90 Tabs",Efavirenz,Generic,200mg,Tablet,90,"14,164",131725.20,9.3,0.1,"Strides, Bangalore, India.",TRUE,884,"$8,280.73 ",135.41
"18,325",103-CM-T30,FPQ-14930,SCMS-259410,ASN-28998,Cameroon,PMO - US,Direct Drop,EXW,Air,9/23/2014,10/16/2014,03-Nov-14,03-Nov-14,05-Nov-14,HRDT,HIV test,Orasure Technologies Inc.,"HIV 1/2, OraQuick Advance HIV Rapid Antibody Kit, 100 Tests","HIV 1/2, OraQuick Advance HIV Rapid Antibody Kit",OraQuick,,Test kit,100,30,10500.00,350,3.5,"Pacific Biotech, Thailand",TRUE,77,"$1,800.48 ",10.79
"18,354",106-HT-T30,FPQ-13797,SCMS-233950,ASN-26826,Haiti,PMO - US,Direct Drop,EXW,Ocean,3/20/2014,4/29/2014,20-Oct-14,20-Oct-14,24-Oct-14,ARV,Pediatric,Aurobindo Pharma Limited,"Nevirapine 10mg/ml, oral suspension w/syringe, Bottle, 240 ml",Nevirapine,Generic,10mg/ml,Oral suspension,240,"1,295",1955.45,1.51,0.01,"Aurobindo Unit III, India",TRUE,536,"$1,893.24 ",2.01
"75,136",111-MZ-T30,FPQ-11923,SCMS-187080,ASN-23311,Mozambique,PMO - US,Direct Drop,CIP,Air,4/19/2013,4/25/2013,18-Dec-13,18-Dec-13,08-Jan-14,ARV,Adult,MERCK SHARP & DOHME IDEA GMBH (FORMALLY MERCK SHARP & DOHME B.V.),"Raltegravir 400mg [Isentress], tablets, 60 Tabs",Raltegravir,Isentress,400mg,Tablet,60,54,2997.00,55.5,0.92,"MSD, Haarlem, NL",TRUE,Weight Captured Separately,Freight Included in Commodity Cost,3.71
"75,177",116-ZA-T30,FPQ-12522,SCMS-199288,ASN-27198,South Africa,PMO - US,Direct Drop,DDP,Truck,07-11-13,07-10-14,10-Jul-14,10-Jul-14,10-Jul-14,ARV,Pediatric,S. BUYS WHOLESALER,"Lopinavir/Ritonavir 80/20mg/ml [Kaletra], oral solution, cool, Bottle 5 x 60 ml",Lopinavir/Ritonavir,Kaletra,80/20mg/ml,Oral solution,300,4,93.81,23.45,0.08,ABBVIE (Abbott) Logis. UK,TRUE,Weight Captured Separately,Freight Included in Commodity Cost,0.12
"75,309",116-ZA-T30,FPQ-13973,SCMS-238553,ASN-28021,South Africa,PMO - US,Direct Drop,DDP,Truck,4/30/2014,8/28/2014,28-Aug-14,28-Aug-14,28-Aug-14,ARV,Adult,PHARMACY DIRECT,"Abacavir 300mg, tablets, 60 Tabs",Abacavir,Generic,300mg,Tablet,60,99,6830.08,68.99,1.15,"Aurobindo Unit III, India",FALSE,Weight Captured Separately,Freight Included in Commodity Cost,7.02
"18,405",106-HT-T30,FPQ-11442,SCMS-177182,ASN-19520,Haiti,PMO - US,Direct Drop,EXW,Air,1/30/2013,03-11-13,10-Jun-13,10-Jun-13,10-Jun-13,ARV,Pediatric,Aurobindo Pharma Limited,"Nevirapine 10mg/ml, oral suspension w/syringe, Bottle, 240 ml",Nevirapine,Generic,10mg/ml,Oral suspension,240,"2,052",3098.52,1.51,0.01,"Aurobindo Unit III, India",TRUE,908,"$6,438.91 ",3.83
"18,422",110-ZM-T30,FPQ-5516,SCMS-70750,ASN-7387,Zambia,PMO - US,Direct Drop,CIP,Air,4/14/2010,5/25/2010,08-Jul-10,08-Jul-10,08-Jul-10,ARV,Adult,INTERNATIONAL HEALTHCARE DISTRIBUTORS,"Lopinavir/Ritonavir 200/50mg [Aluvia], tablets, 120 Tabs",Lopinavir/Ritonavir,Aluvia,200/50mg,Tablet,120,"10,000",369100.00,36.91,0.31,ABBVIE Ludwigshafen Germany,TRUE,2294,"$1,100.20 ",795.78
"18,436",117-ET-T30,FPQ-9096,SCMS-133410,ASN-15704,Ethiopia,PMO - US,Direct Drop,EXW,Air,01-05-12,1/23/2012,31-Jul-12,31-Jul-12,31-Jul-12,HRDT,HIV test,"SHANGHAI KEHUA BIOENGINEERING CO.,LTD.  (KHB)","HIV 1/2, SKB Colloidal Gold, Diagnostic Kit, Antibody, 50 Tests","HIV 1/2, Colloidal Gold, Diagnostic Kit, Antibody",Colloidal Gold,,Test kit,1,175,4287.50,24.5,24.5,"KHB Test Kit Facility, Shanghai China",TRUE,125,"$1,472.03 ",6.01
"18,494",117-ET-T30,FPQ-9096,SCMS-133400,ASN-14924,Ethiopia,PMO - US,Direct Drop,EXW,Air,01-05-12,1/23/2012,18-May-12,18-May-12,18-May-12,HRDT,HIV test,"SHANGHAI KEHUA BIOENGINEERING CO.,LTD.  (KHB)","HIV 1/2, SKB Colloidal Gold, Diagnostic Kit, Antibody, 50 Tests","HIV 1/2, Colloidal Gold, Diagnostic Kit, Antibody",Colloidal Gold,,Test kit,1,175,4287.50,24.5,24.5,"KHB Test Kit Facility, Shanghai China",TRUE,128,"$1,584.09 ",6.01
"18,500",108-VN-T30,FPQ-4265,SCMS-56200,ASN-5946,Vietnam,PMO - US,Direct Drop,FCA,Air,10/20/2009,11-05-09,11-Mar-10,11-Mar-10,11-Mar-10,ARV,Adult,ABBVIE LOGISTICS (FORMERLY ABBOTT LOGISTICS BV),"Lopinavir/Ritonavir 200/50mg [Aluvia], tablets, 120 Tabs",Lopinavir/Ritonavir,Aluvia,200/50mg,Tablet,120,"4,280",351816.00,82.2,0.68,ABBVIE Ludwigshafen Germany,TRUE,1063,"$11,167.45 ",689.56
"18,509",161-ZA-T30,FPQ-6708,SCMS-93520,ASN-9934,South Africa,PMO - US,Direct Drop,DDP,Ocean,11/26/2010,12-06-10,26-Jun-11,07-Apr-11,07-Apr-11,ARV,Adult,Aurobindo Pharma Limited,"Tenofovir Disoproxil Fumarate 300mg, tablets, 30 Tabs",Tenofovir Disoproxil Fumarate,Generic,300mg,Tablet,30,"64,269",427388.85,6.65,0.22,"Aurobindo Unit III, India",TRUE,5999,"$13,829.58 ",705.19
"75,331",116-ZA-T30,FPQ-12522,SCMS-199280,ASN-24433,South Africa,PMO - US,Direct Drop,DDP,Truck,07-11-13,8/13/2013,07-Feb-14,07-Feb-14,07-Feb-14,ARV,Adult,S. BUYS WHOLESALER,"Nevirapine 200mg, tablets, 60 Tabs",Nevirapine,Generic,200mg,Tablet,60,76,1487.93,19.58,0.33,"Aurobindo Unit III, India",FALSE,Weight Captured Separately,Freight Included in Commodity Cost,1.84
"18,580",109-TZ-T30,FPQ-14009,SCMS-236750,ASN-25904,Tanzania,PMO - US,Direct Drop,EXW,Air,4/17/2014,4/18/2014,24-Jun-14,24-Jun-14,24-Jun-14,ARV,Pediatric,STRIDES ARCOLAB LIMITED,"Efavirenz 200mg, scored tablets, 90 Tabs",Efavirenz,Generic,200mg,Tablet,90,"15,041",139881.30,9.3,0.1,"Strides, Bangalore, India.",TRUE,949,"$4,673.77 ",143.8
"18,586",105-GH-T30,FPQ-14052,SCMS-237810,ASN-28673,Ghana,PMO - US,Direct Drop,EXW,Air,04-12-14,5/23/2014,10-Nov-14,10-Nov-14,12-Nov-14,ARV,Adult,Aurobindo Pharma Limited,"Lamivudine/Nevirapine/Zidovudine 150/200/300mg, tablets, 60 Tabs",Lamivudine/Nevirapine/Zidovudine,Generic,150/300/200mg,Tablet - FDC,60,"28,853",236594.60,8.2,0.14,"Aurobindo Unit III, India",TRUE,3612,"$18,256.10 ",243.22
"18,629",108-VN-T30,FPQ-8428,SCMS-123540,ASN-14321,Vietnam,PMO - US,Direct Drop,EXW,Air,9/21/2011,10-03-11,16-Apr-12,16-Apr-12,16-Apr-12,ARV,Adult,MYLAN LABORATORIES LTD (FORMERLY MATRIX LABORATORIES),"Efavirenz/Lamivudine/Tenofovir Disoproxil Fumarate 600/300/300mg, tablets, 30 Tabs",Efavirenz/Lamivudine/Tenofovir Disoproxil Fumarate,Generic,600/300/300mg,Tablet - FDC,30,"6,549",92340.90,14.1,0.47,Mylan (formerly Matrix) Nashik,TRUE,1208,"$3,306.51 ",152.36
"18,633",102-SD-T30,FPQ-6171,SCMS-81710,ASN-8632,Sudan,PMO - US,Direct Drop,EXW,Air,08-05-10,8/23/2010,29-Nov-10,29-Nov-10,29-Nov-10,HRDT,HIV test,"Trinity Biotech, Plc","HIV 1/2, Uni-Gold HIV Kit, 20 Tests","HIV 1/2, Uni-Gold HIV Kit",Uni-Gold,,Test kit,20,50,1600.00,32,1.6,"Trinity Biotech, Plc",TRUE,17,"$1,117.79 ",3.45
"18,639",102-BI-T30,FPQ-9231,SCMS-141780,ASN-14979,Burundi,PMO - US,Direct Drop,EXW,Air,2/17/2012,04-09-12,05-Jun-12,05-Jun-12,05-Jun-12,HRDT,HIV test,"Orgenics, Ltd","HIV 1/2, Determine Complete HIV Kit, 100 Tests","HIV 1/2, Determine Complete HIV Kit",Determine,,Test kit,100,"1,200",96000.00,80,0.8,"Alere Medical Co., Ltd.",TRUE,577,"$14,493.81 ",134.59
"18,664",108-VN-T30,FPQ-13034,SCMS-210150,ASN-24398,Vietnam,PMO - US,Direct Drop,EXW,Air,10-04-13,10-10-13,23-Apr-14,23-Apr-14,23-Apr-14,ARV,Adult,HETERO LABS LIMITED,"Abacavir 300mg, tablets, 60 Tabs",Abacavir,Generic,300mg,Tablet,60,"1,436",16442.20,11.45,0.19,Hetero Unit III Hyderabad IN,TRUE,2832,"$7,474.20 ",20.34
"75,491",116-ZA-T30,FPQ-13973,SCMS-238556,ASN-31854,South Africa,PMO - US,Direct Drop,DDP,Truck,4/30/2014,4/28/2015,28-Apr-15,28-Apr-15,28-Apr-15,ARV,Pediatric,PHARMACY DIRECT,"Efavirenz 200mg, capsule, 90 Caps",Efavirenz,Generic,200mg,Capsule,90,6,283.05,47.18,0.52,"Aurobindo Unit III, India",FALSE,Weight Captured Separately,Freight Included in Commodity Cost,0.29
"18,679",106-HT-T30,FPQ-11442,SCMS-177150,ASN-19530,Haiti,PMO - US,Direct Drop,EXW,Ocean,1/30/2013,03-07-13,25-Jul-13,25-Jul-13,25-Jul-13,ARV,Adult,HETERO LABS LIMITED,"Efavirenz/Lamivudine/Tenofovir Disoproxil Fumarate 600/300/300mg, tablets, 30 Tabs",Efavirenz/Lamivudine/Tenofovir Disoproxil Fumarate,Generic,600/300/300mg,Tablet - FDC,30,"54,090",567945.00,10.5,0.35,Hetero Unit III Hyderabad IN,TRUE,7140,"$7,992.56 ",702.55
"18,694",109-TZ-T30,FPQ-3782,SCMS-47760,ASN-4974,Tanzania,PMO - US,Direct Drop,CIP,Air,06-11-09,6/29/2009,21-Oct-09,21-Oct-09,21-Oct-09,ARV,Adult,BRISTOL-MYERS SQUIBB,"Didanosine EC 400mg [Videx EC], delayed-release capsules, Blister 3 x 10 Caps",Didanosine EC,Videx EC,400mg,Delayed-release capsules - blister,30,"1,000",23670.00,23.67,0.79,"BMS Meymac, France",TRUE,335,$888 ,46.39
"18,708",113-ZW-T30,FPQ-13939,SCMS-240580,ASN-27034,Zimbabwe,PMO - US,Direct Drop,EXW,Air Charter,04-01-14,5/26/2014,23-Jul-14,23-Jul-14,29-Jul-14,ARV,Adult,Aurobindo Pharma Limited,"Lamivudine/Tenofovir Disoproxil Fumarate 300/300mg, tablets, 30 Tabs",Lamivudine/Tenofovir Disoproxil Fumarate,Generic,300/300mg,Tablet - FDC,30,"35,955",167190.75,4.65,0.16,"Aurobindo Unit VII, IN",TRUE,3520,"$23,014.35 ",171.87
"75,717",152-HT-T30,FPQ-9005,SCMS-132020,ASN-14227,Haiti,PMO - US,Direct Drop,DDU,Air,12/14/2011,1/19/2012,06-Mar-12,06-Mar-12,06-Mar-12,HRDT,HIV test,REINBOLD EXPORT IMPORT,"HIV 1/2, Determine Complete HIV Kit, 100 Tests","HIV 1/2, Determine Complete HIV Kit",Determine,,Test kit,100,21,2625.00,125,1.25,Inverness Japan,TRUE,Weight Captured Separately,Freight Included in Commodity Cost,3.68
"75,848",116-ZA-T30,FPQ-12522,SCMS-199280,ASN-24433,South Africa,PMO - US,Direct Drop,DDP,Truck,07-11-13,8/13/2013,07-Feb-14,07-Feb-14,07-Feb-14,ARV,Pediatric,S. BUYS WHOLESALER,"Lamivudine 10mg/ml, oral solution w/syringe, Bottle, 240 ml",Lamivudine,Generic,10mg/ml,Oral solution,240,12,94.68,7.89,0.03,"Aurobindo Unit III, India",FALSE,Weight Captured Separately,Freight Included in Commodity Cost,0.12
"18,811",104-CI-T30,FPQ-12806,SCMS-206530,ASN-24149,Côte d'Ivoire,PMO - US,Direct Drop,FCA,Air,08-09-13,9/17/2013,07-Feb-14,07-Feb-14,10-Feb-14,ARV,Pediatric,ABBVIE LOGISTICS (FORMERLY ABBOTT LOGISTICS BV),"Lopinavir/Ritonavir 100/25mg [Aluvia], tablets, 60 Tabs",Lopinavir/Ritonavir,Generic,100/25mg,Tablet,60,"4,600",27324.00,5.94,0.1,ABBVIE Ludwigshafen Germany,TRUE,535,"$5,924.33 ",33.8
"18,862",106-HT-T30,FPQ-12041,SCMS-189141,ASN-21848,Haiti,PMO - US,Direct Drop,EXW,Air,4/26/2013,5/21/2013,11-Nov-13,11-Nov-13,13-Nov-13,HRDT,HIV test,"Orgenics, Ltd","HIV 1/2, Determine Complete HIV Kit, 100 Tests","HIV 1/2, Determine Complete HIV Kit",Determine,,Test kit,100,"4,000",400000.00,100,1,"Alere Medical Co., Ltd.",TRUE,1624,"$16,994.90 ",494.8
"18,881",102-BW-T30,FPQ-6645,SCMS-92610,ASN-9635,Botswana,PMO - US,Direct Drop,EXW,Air,11-11-10,12-02-10,16-Mar-11,16-Mar-11,16-Mar-11,HRDT,HIV test,"Trinity Biotech, Plc","HIV 1/2, Uni-Gold HIV Kit, 20 Tests","HIV 1/2, Uni-Gold HIV Kit",Uni-Gold,,Test kit,20,50,1600.00,32,1.6,"Trinity Biotech, Plc",TRUE,17,$617.79 ,2.64
"18,904",101-CD-T30,FPQ-12093,SCMS-189060,ASN-20777,"Congo, DRC",PMO - US,Direct Drop,FCA,Air,4/23/2013,5/23/2013,20-Nov-13,20-Nov-13,26-Nov-13,ARV,Pediatric,ABBVIE LOGISTICS (FORMERLY ABBOTT LOGISTICS BV),"Lopinavir/Ritonavir 80/20mg/ml [Kaletra], oral solution, cool, Bottle 5 x 60 ml",Lopinavir/Ritonavir,Kaletra,80/20mg/ml,Oral solution,300,30,924.60,30.82,0.1,ABBVIE (Abbott) Logis. UK,TRUE,56,$460.90 ,1.14
"18,923",109-TZ-T30,FPQ-5437,SCMS-71450,ASN-8079,Tanzania,PMO - US,Direct Drop,EXW,Air,4/15/2010,4/23/2010,01-Dec-10,01-Dec-10,01-Dec-10,ARV,Pediatric,EMCURE PHARMACEUTICALS LTD,"Atazanavir 150mg, capsules, 60 Caps",Atazanavir,Generic,150mg,Capsule,60,426,11114.34,26.09,0.43,"Emcure Plot No.P-2, I.T-B.T. Park, Phase II, MIDC, Hinjwadi, Pune, India",TRUE,45,"$1,013.19 ",23.96
"18,980",109-TZ-T30,FPQ-13945,SCMS-235440,ASN-30243,Tanzania,PMO - US,Direct Drop,EXW,Air,3/27/2014,4/29/2014,28-Apr-15,28-Apr-15,28-Apr-15,HRDT,HIV test,"Orgenics, Ltd","HIV 1/2, Determine Complete HIV Kit, 100 Tests","HIV 1/2, Determine Complete HIV Kit",Determine,,Test kit,100,336,26880.00,80,0.8,"Alere Medical Co., Ltd.",TRUE,139,"$2,234.96 ",27.63
"75,913",116-ZA-T30,FPQ-12522,SCMS-199283,ASN-27976,South Africa,PMO - US,Direct Drop,DDP,Truck,07-11-13,8/27/2014,27-Aug-14,27-Aug-14,27-Aug-14,ARV,Adult,S. BUYS WHOLESALER,"Zidovudine 300mg, tablets, 60 Tabs",Zidovudine,Generic,300mg,Tablet,60,19,528.69,27.83,0.46,"Aurobindo Unit III, India",FALSE,Weight Captured Separately,Freight Included in Commodity Cost,0.65
"18,997",105-GY-T30,FPQ-11562,SCMS-180000,ASN-18805,Guyana,PMO - US,Direct Drop,EXW,Air,02-07-13,03-06-13,18-Apr-13,18-Apr-13,18-Apr-13,ARV,Pediatric,Aurobindo Pharma Limited,"Zidovudine 100mg, capsules, 100 Caps",Zidovudine,Generic,100mg,Capsule,100,172,791.20,4.6,0.05,"Aurobindo Unit III, India",TRUE,33,$882.81 ,0.98
"19,013",161-ZA-T30,FPQ-5303,SCMS-68980,ASN-7662,South Africa,PMO - US,Direct Drop,DDP,Air,3/18/2010,3/19/2010,24-Aug-10,20-Sep-10,20-Sep-10,ARV,Adult,Aurobindo Pharma Limited,"Lamivudine 150mg, tablets, 60 Tabs",Lamivudine,Generic,150mg,Tablet,60,"33,338",84345.14,2.53,0.04,"Aurobindo Unit III, India",TRUE,1791,"$1,791.42 ",181.85
"19,014",111-MZ-T30,FPQ-14294,SCMS-247360,ASN-27769,Mozambique,PMO - US,Direct Drop,EXW,Air,5/15/2014,7/30/2014,10-Sep-14,10-Sep-14,03-Oct-14,HRDT,HIV test,"Orgenics, Ltd","HIV 1/2, Determine Complete HIV Kit, 100 Tests","HIV 1/2, Determine Complete HIV Kit",Determine,,Test kit,100,"3,173",253840.00,80,0.8,"Alere Medical Co., Ltd.",TRUE,1287,"$9,209 ",260.95
"19,019",105-SS-T30,FPQ-12623,SCMS-200921,ASN-22955,South Sudan,PMO - US,Direct Drop,EXW,Air,7/18/2013,08-06-13,11-Feb-14,11-Feb-14,11-Feb-14,HRDT,HIV test,"Trinity Biotech, Plc","HIV 1/2, Uni-Gold HIV Kit, 20 Tests","HIV 1/2, Uni-Gold HIV Kit",Uni-Gold,,Test kit,20,25,800.00,32,1.6,"Trinity Biotech, Plc",TRUE,159,"$2,395.42 ",0.99
"76,073",116-ZA-T30,FPQ-13973,SCMS-238551,ASN-26882,South Africa,PMO - US,Direct Drop,DDP,Truck,4/30/2014,6/25/2014,25-Jun-14,25-Jun-14,25-Jun-14,ARV,Adult,PHARMACY DIRECT,"Zidovudine 300mg, tablets, 60 Tabs",Zidovudine,Generic,300mg,Tablet,60,13,324.40,24.95,0.42,"Aurobindo Unit III, India",FALSE,Weight Captured Separately,Freight Included in Commodity Cost,0.33
"19,080",106-HT-T30,FPQ-14895,SCMS-258570,ASN-30652,Haiti,PMO - US,Direct Drop,FCA,Air,9/24/2014,11/14/2014,11-Mar-15,11-Mar-15,16-Mar-15,ARV,Adult,ABBVIE LOGISTICS (FORMERLY ABBOTT LOGISTICS BV),"Lopinavir/Ritonavir 200/50mg [Aluvia], tablets, 120 Tabs",Lopinavir/Ritonavir,Aluvia,200/50mg,Tablet,120,"15,560",287393.20,18.47,0.15,ABBVIE Ludwigshafen Germany,TRUE,3834,"$16,386.12 ",295.44
"19,105",107-RW-T30,FPQ-8741,SCMS-129760,ASN-15231,Rwanda,PMO - US,Direct Drop,EXW,Air,11/30/2011,03-09-12,22-Jun-12,22-Jun-12,22-Jun-12,ARV,Pediatric,CIPLA LIMITED,"Abacavir 20mg/ml, oral solution, Bottle, 240 ml",Abacavir,Generic,20mg/ml,Oral solution,240,"4,534",38539.00,8.5,0.04,"Cipla, Goa, India",TRUE,1631,"$13,116.57 ",54.03
"19,142",108-VN-T30,FPQ-10811,SCMS-164530,ASN-18730,Vietnam,PMO - US,Direct Drop,FCA,Air,10/15/2012,11-07-12,09-Apr-13,09-Apr-13,09-Apr-13,ARV,Adult,ABBVIE LOGISTICS (FORMERLY ABBOTT LOGISTICS BV),"Ritonavir 100mg [Norvir], film coated tablets, 30 Tabs",Ritonavir,Norvir,100mg,Tablet,30,373,8675.98,23.26,0.78,ABBVIE Ludwigshafen Germany,TRUE,55,$17.72 ,10.73
"76,263",116-ZA-T30,FPQ-12522,SCMS-199289,ASN-28034,South Africa,PMO - US,Direct Drop,DDP,Truck,07-11-13,8/29/2014,29-Aug-14,29-Aug-14,29-Aug-14,ARV,Pediatric,S. BUYS WHOLESALER,"Lopinavir/Ritonavir 100/25mg [Aluvia], tablets, 60 Tabs",Lopinavir/Ritonavir,Generic,100/25mg,Tablet,60,3,19.32,6.44,0.11,ABBVIE Ludwigshafen Germany,FALSE,Weight Captured Separately,Freight Included in Commodity Cost,0.02
"76,319",116-ZA-T30,FPQ-13973,SCMS-238554,ASN-28627,South Africa,PMO - US,Direct Drop,DDP,Truck,4/30/2014,10-03-14,03-Oct-14,03-Oct-14,03-Oct-14,ARV,Adult,PHARMACY DIRECT,"Didanosine 400mg, delayed-release capsules, 30 Caps",Didanosine,Generic,400mg,Delayed-release capsules,30,4,78.70,19.68,0.66,"Aurobindo Unit III, India",FALSE,Weight Captured Separately,Freight Included in Commodity Cost,0.08
"19,177",104-CI-T30,FPQ-12133,SCMS-188291,ASN-22377,Côte d'Ivoire,PMO - US,Direct Drop,EXW,Air,4/18/2013,5/21/2013,13-Nov-13,13-Nov-13,14-Nov-13,HRDT,HIV test,"Orgenics, Ltd","HIV 1/2, Determine Complete HIV Kit, 100 Tests","HIV 1/2, Determine Complete HIV Kit",Determine,,Test kit,100,"4,400",352000.00,80,0.8,"Alere Medical Co., Ltd.",TRUE,1033,"$24,728.57 ",435.42
"76,459",161-ZA-T30,FPQ-6262,SCMS-83770,ASN-10253,South Africa,PMO - US,Direct Drop,DDP,Ocean,8/31/2010,9/24/2010,26-Apr-11,26-May-11,26-May-11,ARV,Adult,Aurobindo Pharma Limited,"Efavirenz 600mg, tablets, 30 Tabs",Efavirenz,Generic,600mg,Tablet,30,"96,721",438146.13,4.53,0.15,"Aurobindo Unit III, India",TRUE,Weight Captured Separately,Freight Included in Commodity Cost,944.64
"76,496",116-ZA-T30,FPQ-14942,SCMS-259079,ASN-33851,South Africa,PMO - US,Direct Drop,DDP,Truck,09-11-14,10-09-14,24-Aug-15,24-Aug-15,24-Aug-15,ARV,Pediatric,PHARMACY DIRECT,"Lamivudine 10mg/ml, oral solution, Bottle, 240 ml",Lamivudine,Generic,10mg/ml,Oral solution,240,17,91.92,5.41,0.02,"Aurobindo Unit III, India",FALSE,Weight Captured Separately,Freight Included in Commodity Cost,0.09
"19,243",111-MZ-T30,FPQ-7270,SCMS-103150,ASN-11149,Mozambique,PMO - US,Direct Drop,EXW,Air,03-04-11,3/30/2011,03-Sep-11,03-Sep-11,03-Sep-11,HRDT,HIV test,"Orgenics, Ltd","HIV 1/2, Determine HIV Kit, without Lancets, 100 Tests","HIV 1/2, Determine HIV Kit, without Lancets",Determine,,Test kit,100,"11,800",916860.00,77.7,0.78,Inverness Japan,TRUE,2675,"$4,969.35 ","1,512.82"
"76,551",116-ZA-T30,FPQ-4770,SCMS-60170,ASN-5933,South Africa,PMO - US,Direct Drop,DDP,Truck,12/17/2009,12/23/2009,29-Dec-09,29-Dec-09,29-Dec-09,ARV,Pediatric,S. BUYS WHOLESALER,"Nevirapine 10mg/ml [Viramune], oral suspension, Bottle, 240 ml",Nevirapine,Viramune,10mg/ml,Oral suspension,240,60,927.34,15.46,0.06,Boehringer Ingelheim Roxane US,FALSE,Weight Captured Separately,Freight Included in Commodity Cost,2
"19,246",109-TZ-T30,FPQ-12050,SCMS-186920,ASN-20340,Tanzania,PMO - US,Direct Drop,EXW,Air,04-12-13,5/14/2013,05-Sep-13,05-Sep-13,05-Sep-13,ARV,Adult,MYLAN LABORATORIES LTD (FORMERLY MATRIX LABORATORIES),"Atazanavir/Ritonavir 300/100mg, tablets, 30 Tabs",Atazanavir/Ritonavir,Generic,300/100mg,Tablet,30,"5,175",116437.50,22.5,0.75,Mylan (formerly Matrix) Nashik,TRUE,775,"$4,136.58 ",144.03
"19,250",104-CI-T30,FPQ-4717,SCMS-59690,ASN-7107,Côte d'Ivoire,PMO - US,Direct Drop,CIP,Air,12-08-09,12/14/2009,10-Jun-10,10-Jun-10,10-Jun-10,ARV,Pediatric,BRISTOL-MYERS SQUIBB,"Didanosine 50mg [Videx], chewable tablets, 60 Tabs",Didanosine,Videx,50mg,Chewable/dispersible tablet,60,"4,245",40327.50,9.5,0.16,"BMS Meymac, France",TRUE,833,"$1,134.50 ",86.95
"19,263",109-TZ-T30,FPQ-8071,SCMS-116850,ASN-12886,Tanzania,PMO - US,Direct Drop,EXW,Air,7/22/2011,08-01-11,30-Jan-12,30-Jan-12,30-Jan-12,HRDT,HIV test,"Orgenics, Ltd","HIV 1/2, Determine Complete HIV Kit, 100 Tests","HIV 1/2, Determine Complete HIV Kit",Determine,,Test kit,100,"1,500",120000.00,80,0.8,Inverness Japan,TRUE,714,"$13,836.99 ",198
"19,272",101-CD-T30,FPQ-16001,SCMS-280210,ASN-31750,"Congo, DRC",PMO - US,Direct Drop,EXW,Air,03-10-15,3/16/2015,02-Jul-15,02-Jul-15,30-Jul-15,HRDT,HIV test,"Trinity Biotech, Plc","HIV 1/2, Uni-Gold HIV Kit, 20 Tests","HIV 1/2, Uni-Gold HIV Kit",Uni-Gold,,Test kit,20,70,2240.00,32,1.6,"Trinity Biotech, Plc",TRUE,508,"$3,918.37 ",2.64
"76,578",116-ZA-T30,FPQ-13973,SCMS-238554,ASN-28629,South Africa,PMO - US,Direct Drop,DDP,Truck,4/30/2014,10-03-14,03-Oct-14,03-Oct-14,03-Oct-14,ARV,Adult,PHARMACY DIRECT,"Raltegravir 400mg [Isentress], tablets, 60 Tabs",Raltegravir,Isentress,400mg,Tablet,60,48,4062.91,84.64,1.41,"MSD, Haarlem, NL",FALSE,Weight Captured Separately,Freight Included in Commodity Cost,4.18
"19,289",106-HT-T30,FPQ-12590,SCMS-210440,ASN-23016,Haiti,PMO - US,Direct Drop,FCA,Air,8/21/2013,10/22/2013,23-Jan-14,23-Jan-14,24-Jan-14,ARV,Adult,ABBVIE LOGISTICS (FORMERLY ABBOTT LOGISTICS BV),"Lopinavir/Ritonavir 200/50mg [Aluvia], tablets, 120 Tabs",Lopinavir/Ritonavir,Aluvia,200/50mg,Tablet,120,646,12480.72,19.32,0.16,ABBVIE Ludwigshafen Germany,TRUE,166,$737.11 ,15.44
"76,603",116-ZA-T30,FPQ-12522,SCMS-199289,ASN-28036,South Africa,PMO - US,Direct Drop,DDP,Truck,07-11-13,8/29/2014,29-Aug-14,29-Aug-14,29-Aug-14,ARV,Adult,S. BUYS WHOLESALER,"Zidovudine 300mg, tablets, 60 Tabs",Zidovudine,Generic,300mg,Tablet,60,7,189.78,27.11,0.45,Mylan (formerly Matrix) Nashik,FALSE,Weight Captured Separately,Freight Included in Commodity Cost,0.23
"19,335",102-SD-T30,FPQ-8264,SCMS-121850,ASN-13536,Sudan,PMO - US,Direct Drop,EXW,Air,09-07-11,9/14/2011,20-Feb-12,20-Feb-12,20-Feb-12,HRDT,HIV test - Ancillary,"Orgenics, Ltd","Capillary Tubes, for Determine, EDTA, 50uL,100 Pcs","HIV, Capillary Tubes, for Determine, EDTA, 50uL,100 Pcs",Determine,,Test kit - Ancillary,100,3,24.00,8,0.08,"Alere Medical Co., Ltd.",TRUE,2,"$1,076.15 ",0.04
"19,344",105-GY-T30,FPQ-4922,SCMS-63980,ASN-6490,Guyana,PMO - US,Direct Drop,EXW,Air,1/19/2010,1/28/2010,09-Apr-10,09-Apr-10,09-Apr-10,ARV,Pediatric,CIPLA LIMITED,"Lamivudine/Nevirapine/Stavudine 60/100/12mg, dispersible tablets, 60 Tabs",Lamivudine/Nevirapine/Stavudine,Generic,60/100/12mg,Chewable/dispersible tablet - FDC,60,90,387.00,4.3,0.07,"Cipla, Goa, India",TRUE,9,$541.88 ,0.83
"76,638",116-ZA-T30,FPQ-12522,SCMS-199289,ASN-28036,South Africa,PMO - US,Direct Drop,DDP,Truck,07-11-13,8/29/2014,29-Aug-14,29-Aug-14,29-Aug-14,ARV,Adult,S. BUYS WHOLESALER,"Lopinavir/Ritonavir 200/50mg [Aluvia], tablets, 120 Tabs",Lopinavir/Ritonavir,Aluvia,200/50mg,Tablet,120,122,3142.69,25.76,0.21,ABBVIE Ludwigshafen Germany,FALSE,Weight Captured Separately,Freight Included in Commodity Cost,3.89
"19,348",102-ML-T30,FPQ-10104,SCMS-153790,ASN-16513,Mali,PMO - US,Direct Drop,EXW,Air,07-05-12,8/21/2012,04-Oct-12,04-Oct-12,04-Oct-12,HRDT,HIV test,"Orgenics, Ltd","HIV 1/2, Clearview Complete Kit, 25 Tests","HIV 1/2, Clearview Complete Kit",Clearview,,Test kit,25,87,8265.00,95,3.8,Chembio Diagnostics Sys. Inc.,TRUE,40,"$1,333.40 ",11.59
"19,359",103-ZW-T30,FPQ-14477,SCMS-248220,ASN-27913,Zimbabwe,PMO - US,Direct Drop,EXW,Air,07-01-14,08-04-14,18-Sep-14,18-Sep-14,19-Sep-14,ARV,Pediatric,ABBVIE LOGISTICS (FORMERLY ABBOTT LOGISTICS BV),"Lopinavir/Ritonavir 80/20mg/ml [Kaletra], oral solution, cool, Bottle 5 x 60 ml",Lopinavir/Ritonavir,Kaletra,80/20mg/ml,Oral solution,300,"2,025",62410.50,30.82,0.1,ABBVIE (Abbott) Logis. UK,TRUE,1902,"$16,777.24 ",64.16
"19,405",109-TZ-T30,FPQ-12197,SCMS-189360,ASN-21234,Tanzania,PMO - US,Direct Drop,EXW,Air,4/30/2013,5/29/2013,17-Sep-13,16-Sep-13,16-Sep-13,HRDT,HIV test,"Standard Diagnostics, Inc.","HIV 1/2, Determine Complete HIV Kit, 100 Tests","HIV 1/2, Determine Complete HIV Kit",Determine,,Test kit,100,"3,039",0.00,0,0,"Alere Medical Co., Ltd.",TRUE,1257,"$21,351.18 ",0
"19,406",108-VN-T30,FPQ-10811,SCMS-164680,ASN-18664,Vietnam,PMO - US,Direct Drop,EXW,Air,10/15/2012,11-07-12,02-Apr-13,02-Apr-13,02-Apr-13,ARV,Adult,HETERO LABS LIMITED,"Zidovudine 300mg, tablets, 60 Tabs",Zidovudine,Generic,300mg,Tablet,60,"1,082",6221.50,5.75,0.1,Hetero Unit III Hyderabad IN,TRUE,2228,"$3,565.08 ",7.7
"19,410",133-NG-T30,FPQ-7193,SCMS-103110,ASN-11031,Nigeria,PMO - US,Direct Drop,EXW,Air,2/16/2011,3/30/2011,07-Jul-11,07-Jul-11,07-Jul-11,HRDT,HIV test,"Orgenics, Ltd","HIV 1/2, Determine Complete HIV Kit, 100 Tests","HIV 1/2, Determine Complete HIV Kit",Determine,,Test kit,100,"2,586",230154.00,89,0.89,Inverness Japan,TRUE,1231,"$28,132.96 ",379.75
"19,431",104-CI-T30,FPQ-13603,SCMS-228080,ASN-29972,Côte d'Ivoire,PMO - US,Direct Drop,EXW,Air,1/23/2014,2/26/2014,23-Jan-15,23-Jan-15,23-Jan-15,HRDT,HIV test,"Standard Diagnostics, Inc.","HIV 1/2, Bioline 3.0 Kit, Lancets, Capillary pipets, Alcohol swabs included, 25 Tests","HIV 1/2, Bioline 3.0 Kit, Lancets, Capillary pipets, Alcohol swabs included",Bioline,,Test kit,25,"1,400",28700.00,20.5,0.82,"Standard Diagnostics, Korea",TRUE,437,"$5,924.89 ",29.5
"19,484",133-NG-T30,FPQ-15504,SCMS-270770,ASN-31785,Nigeria,PMO - US,Direct Drop,EXW,Air,12-08-14,3/13/2015,07-May-15,07-May-15,22-May-15,HRDT,HIV test,"Orgenics, Ltd","HIV 1/2, Determine Complete HIV Kit, 100 Tests","HIV 1/2, Determine Complete HIV Kit",Determine,,Test kit,100,"5,640",501960.00,89,0.89,"Alere Medical Co., Ltd.",TRUE,2292,"$27,361.87 ",590.81
"19,512",108-VN-T30,FPQ-8428,SCMS-123530,ASN-14319,Vietnam,PMO - US,Direct Drop,EXW,Air,9/21/2011,10-03-11,24-Apr-12,24-Apr-12,24-Apr-12,ARV,Adult,MYLAN LABORATORIES LTD (FORMERLY MATRIX LABORATORIES),"Efavirenz/Lamivudine/Tenofovir Disoproxil Fumarate 600/300/300mg, tablets, 30 Tabs",Efavirenz/Lamivudine/Tenofovir Disoproxil Fumarate,Generic,600/300/300mg,Tablet - FDC,30,"5,451",76859.10,14.1,0.47,Mylan (formerly Matrix) Nashik,TRUE,1675,"$3,401.49 ",126.82
"76,772",116-ZA-T30,FPQ-13035,SCMS-215370,ASN-24415,South Africa,PMO - US,Direct Drop,DDP,Truck,10-08-13,12-02-13,06-Feb-14,06-Feb-14,06-Feb-14,ARV,Adult,S. BUYS WHOLESALER,"Lamivudine 150mg [Epivir], tablets, 60 Tabs",Lamivudine,Epivir,150mg,Tablet,60,"1,281",14728.50,11.5,0.19,GSK Cape Town Factory (South Africa),FALSE,Weight Captured Separately,Freight Included in Commodity Cost,18.22
"19,584",109-TZ-T30,FPQ-9211,SCMS-136930,ASN-14644,Tanzania,PMO - US,Direct Drop,EXW,Air,1/25/2012,2/17/2012,25-May-12,25-May-12,25-May-12,HRDT,HIV test,"Orgenics, Ltd","HIV 1/2, Determine Complete HIV Kit, 100 Tests","HIV 1/2, Determine Complete HIV Kit",Determine,,Test kit,100,"1,337",106960.00,80,0.8,"Alere Medical Co., Ltd.",TRUE,639,"$12,022.17 ",149.96
"19,620",104-CI-T30,FPQ-6661,SCMS-91830,ASN-9057,Côte d'Ivoire,PMO - US,Direct Drop,FCA,Air,11-04-10,11-11-10,14-Jan-11,14-Jan-11,14-Jan-11,ARV,Adult,ABBVIE LOGISTICS (FORMERLY ABBOTT LOGISTICS BV),"Lopinavir/Ritonavir 200/50mg [Aluvia], tablets, 120 Tabs",Lopinavir/Ritonavir,Aluvia,200/50mg,Tablet,120,"7,320",264691.20,36.16,0.3,ABBVIE Ludwigshafen Germany,TRUE,1838,"$13,562.36 ",436.74
"76,828",116-ZA-T30,FPQ-13973,SCMS-238554,ASN-28627,South Africa,PMO - US,Direct Drop,DDP,Truck,4/30/2014,10-03-14,03-Oct-14,03-Oct-14,03-Oct-14,ARV,Adult,PHARMACY DIRECT,"Emtricitabine/Tenofovir Disoproxil Fumarate 200/300mg, tablets, 30 Tabs",Emtricitabine/Tenofovir Disoproxil Fumarate,Generic,200/300mg,Tablet - FDC,30,8,241.69,30.21,1.01,"Aurobindo Unit III, India",FALSE,Weight Captured Separately,Freight Included in Commodity Cost,0.25
"19,630",108-VN-T30,FPQ-10811,SCMS-166140,ASN-17572,Vietnam,PMO - US,Direct Drop,EXW,Air,10/15/2012,11-09-12,09-Jan-13,09-Jan-13,09-Jan-13,ARV,Pediatric,Aurobindo Pharma Limited,"Lamivudine 10mg/ml, oral solution w/syringe, Bottle, 240 ml",Lamivudine,Generic,10mg/ml,Oral solution,240,136,251.60,1.85,0.01,"Aurobindo Unit III, India",TRUE,173,"$1,079.39 ",0.31
"19,647",161-ZA-T30,FPQ-7400,SCMS-104240,ASN-12269,South Africa,PMO - US,Direct Drop,DDP,Ocean,03-11-11,3/30/2011,18-Nov-11,18-Nov-11,18-Nov-11,ARV,Pediatric,GLAXOSMITHKLINE EXPORT LIMITED,"Abacavir 20mg/ml [Ziagen], oral solution, Bottle, 240 ml",Abacavir,Ziagen,20mg/ml,Oral solution,240,"20,000",185600.00,9.28,0.04,GSK Mississauga (Canada),TRUE,7664,"$17,022.13 ",306.24
"19,656",161-ZA-T30,FPQ-6262,SCMS-84250,ASN-9052,South Africa,PMO - US,Direct Drop,DDP,Ocean,8/31/2010,9/21/2010,15-Dec-10,15-Dec-10,15-Dec-10,ARV,Adult,STRIDES ARCOLAB LIMITED,"Lamivudine 150mg, tablets, 60 Tabs",Lamivudine,Generic,150mg,Tablet,60,"168,711",416716.17,2.47,0.04,"Strides, Bangalore, India.",TRUE,8183,"$12,225.76 ",898.44
"76,855",116-ZA-T30,FPQ-5630,SCMS-72760,ASN-7111,South Africa,PMO - US,Direct Drop,DDP,Truck,4/30/2010,05-05-10,12-May-10,12-May-10,12-May-10,ARV,Pediatric,S. BUYS WHOLESALER,"Zidovudine 10mg/ml [Retrovir], oral solution, Bottle, 200 ml",Zidovudine,Retrovir,10mg/ml,Oral solution,200,100,698.98,6.99,0.03,GSK Mississauga (Canada),FALSE,Weight Captured Separately,Freight Included in Commodity Cost,1.51
"19,685",110-ZM-T30,FPQ-11561,SCMS-183050,ASN-19389,Zambia,PMO - US,Direct Drop,FCA,Air,2/13/2013,3/28/2013,22-May-13,22-May-13,22-May-13,ARV,Pediatric,ABBVIE LOGISTICS (FORMERLY ABBOTT LOGISTICS BV),"Lopinavir/Ritonavir 80/20mg/ml [Kaletra], oral solution, cool, Bottle 5 x 60 ml",Lopinavir/Ritonavir,Kaletra,80/20mg/ml,Oral solution,300,"1,500",46230.00,30.82,0.1,ABBVIE (Abbott) Logis. UK,TRUE,1374,"$10,365.13 ",57.19
"77,044",116-ZA-T30,FPQ-14942,SCMS-259073,ASN-30671,South Africa,PMO - US,Direct Drop,DDP,Truck,09-11-14,02-12-15,12-Feb-15,12-Feb-15,12-Feb-15,ARV,Adult,PHARMACY DIRECT,"Abacavir 300mg, tablets, 60 Tabs",Abacavir,Generic,300mg,Tablet,60,50,2492.63,49.85,0.83,"Aurobindo Unit III, India",FALSE,Weight Captured Separately,Freight Included in Commodity Cost,2.56
"19,694",102-GY-T30,FPQ-4068,SCMS-52270,ASN-4928,Guyana,PMO - US,Direct Drop,EXW,Air,8/13/2009,8/31/2009,24-Sep-09,24-Sep-09,24-Sep-09,HRDT,HIV test,"Trinity Biotech, Plc","HIV 1/2, Uni-Gold HIV Kit, 20 Tests","HIV 1/2, Uni-Gold HIV Kit",Uni-Gold,,Test kit,20,"2,551",81632.00,32,1.6,"Trinity Biotech, Plc",TRUE,885,"$11,057.25 ",160
"19,696",102-CD-T30,FPQ-9645,SCMS-145470,ASN-15048,"Congo, DRC",PMO - US,Direct Drop,EXW,Air,4/24/2012,05-07-12,02-Aug-12,02-Aug-12,02-Aug-12,HRDT,HIV test,"Trinity Biotech, Plc","HIV 1/2, Uni-Gold HIV Kit, 20 Tests","HIV 1/2, Uni-Gold HIV Kit",Uni-Gold,,Test kit,20,400,12800.00,32,1.6,"Trinity Biotech, Plc",TRUE,132,"$1,692.70 ",17.95
"77,068",116-ZA-T30,FPQ-13973,SCMS-238556,ASN-31854,South Africa,PMO - US,Direct Drop,DDP,Truck,4/30/2014,4/28/2015,28-Apr-15,28-Apr-15,28-Apr-15,ARV,Adult,PHARMACY DIRECT,"Lamivudine/Zidovudine 150/300mg, tablets, 60 Tabs",Lamivudine/Zidovudine,Generic,150/300mg,Tablet - FDC,60,7,218.34,31.19,0.52,"Aurobindo Unit III, India",FALSE,Weight Captured Separately,Freight Included in Commodity Cost,0.22
"19,771",108-VN-T30,FPQ-5317,SCMS-69220,ASN-7411,Vietnam,PMO - US,Direct Drop,FCA,Air,3/22/2010,3/31/2010,16-Jul-10,16-Jul-10,16-Jul-10,ARV,Adult,ABBVIE LOGISTICS (FORMERLY ABBOTT LOGISTICS BV),"Lopinavir/Ritonavir 200/50mg [Aluvia], tablets, 120 Tabs",Lopinavir/Ritonavir,Aluvia,200/50mg,Tablet,120,"5,530",454566.00,82.2,0.68,ABBVIE Ludwigshafen Germany,TRUE,1348,"$10,670.09 ",980.04
"77,070",116-ZA-T30,FPQ-13973,SCMS-238552,ASN-27608,South Africa,PMO - US,Direct Drop,DDP,Truck,4/30/2014,08-05-14,05-Aug-14,05-Aug-14,05-Aug-14,ARV,Adult,PHARMACY DIRECT,"Raltegravir 400mg [Isentress], tablets, 60 Tabs",Raltegravir,Isentress,400mg,Tablet,60,6,479.95,79.99,1.33,"MSD, Haarlem, NL",FALSE,Weight Captured Separately,Freight Included in Commodity Cost,0.49
"19,840",108-VN-T30,FPQ-15040,SCMS-263670,ASN-30942,Vietnam,PMO - US,Direct Drop,EXW,Air,10/30/2014,12-08-14,14-Apr-15,14-Apr-15,14-Apr-15,ARV,Adult,HETERO LABS LIMITED,"Abacavir 300mg, tablets, 60 Tabs",Abacavir,Generic,300mg,Tablet,60,"1,900",21280.00,11.2,0.19,Hetero Unit III Hyderabad IN,TRUE,2356,"$3,688.77 ",21.88
"19,851",114-UG-T30,FPQ-12777,SCMS-202560,ASN-22984,Uganda,PMO - US,Direct Drop,EXW,Air,08-05-13,08-09-13,10-Dec-13,12-Dec-13,13-Dec-13,ARV,Pediatric,Aurobindo Pharma Limited,"Nevirapine 10mg/ml, oral suspension w/syringe, Bottle, 100 ml",Nevirapine,Generic,10mg/ml,Oral suspension,100,"11,310",14703.00,1.3,0.01,"Aurobindo Unit III, India",TRUE,2454,"$10,898.12 ",18.19
"20,432",161-ZA-T30,FPQ-7175,SCMS-103390,ASN-12169,South Africa,PMO - US,Direct Drop,DDP,Ocean,03-10-11,3/24/2011,10-Oct-11,03-Nov-11,03-Nov-11,ARV,Adult,Aurobindo Pharma Limited,"Efavirenz 600mg, tablets, 30 Tabs",Efavirenz,Generic,600mg,Tablet,30,"106,589",480716.39,4.51,0.15,"Aurobindo Unit III, India",TRUE,9061,"$9,323.30 ",793.18
"77,092",116-ZA-T30,FPQ-11828,SCMS-183970,ASN-19157,South Africa,South Africa Field Office,Direct Drop,DDP,Truck,3/18/2013,Date Not Captured,12-Apr-13,12-Apr-13,12-Apr-13,ARV,Pediatric,S. BUYS WHOLESALER,"Lopinavir/Ritonavir 80/20mg/ml [Kaletra], oral solution, cool, Bottle 5 x 60 ml",Lopinavir/Ritonavir,Kaletra,80/20mg/ml,Oral solution,300,2,49.99,25,0.08,ABBVIE (Abbott) Logis. UK,FALSE,Weight Captured Separately,Freight Included in Commodity Cost,0.06
"77,138",116-ZA-T30,FPQ-3596,SCMS-50360,ASN-5454,South Africa,PMO - US,Direct Drop,DDP,Truck,05-07-09,9/22/2009,27-Oct-09,27-Oct-09,27-Oct-09,ARV,Adult,S. BUYS WHOLESALER,"Efavirenz 600mg, tablets, 30 Tabs",Efavirenz,Generic,600mg,Tablet,30,"1,000",16453.48,16.45,0.55,"Aurobindo Unit III, India",FALSE,Weight Captured Separately,Freight Included in Commodity Cost,32.25
"19,891",161-ZA-T30,FPQ-6262,SCMS-83890,ASN-9513,South Africa,PMO - US,Direct Drop,DDP,Ocean,8/31/2010,9/21/2010,24-Feb-11,24-Feb-11,24-Feb-11,ARV,Pediatric,CIPLA LIMITED,"Lamivudine 10mg/ml, oral solution w/syringe, Bottle, 240 ml",Lamivudine,Generic,10mg/ml,Oral solution,240,"55,000",114400.00,2.08,0.01,"Cipla, Goa, India",TRUE,20419,"$17,267.14 ",246.65
"19,905",108-VN-T30,FPQ-5899,SCMS-77250,ASN-8909,Vietnam,PMO - US,Direct Drop,EXW,Air,6/23/2010,07-01-10,08-Dec-10,08-Dec-10,08-Dec-10,ARV,Adult,Aurobindo Pharma Limited,"Lamivudine/Zidovudine 150/300mg, tablets, 60 Tabs",Lamivudine/Zidovudine,Generic,150/300mg,Tablet - FDC,60,"20,000",165000.00,8.25,0.14,"Aurobindo Unit III, India",TRUE,1951,"$13,083.70 ",355.74
"19,924",106-HT-T30,FPQ-15102,SCMS-260780,ASN-31452,Haiti,PMO - US,Direct Drop,EXW,Air,10-10-14,11-05-14,05-May-15,05-May-15,11-May-15,HRDT,HIV test,"Orgenics, Ltd","HIV 1/2, Determine Complete HIV Kit, 100 Tests","HIV 1/2, Determine Complete HIV Kit",Determine,,Test kit,100,"6,302",630200.00,100,1,"Alere Medical Co., Ltd.",TRUE,2557,"$21,256.43 ",741.75
"19,940",108-VN-T30,FPQ-13524,SCMS-226251,ASN-27964,Vietnam,PMO - US,Direct Drop,EXW,Air,02-06-14,6/27/2014,03-Nov-14,03-Nov-14,03-Nov-14,ARV,Adult,MYLAN LABORATORIES LTD (FORMERLY MATRIX LABORATORIES),"Lamivudine/Zidovudine 150/300mg, tablets, 60 Tabs",Lamivudine/Zidovudine,Generic,150/300mg,Tablet - FDC,60,"20,000",129800.00,6.49,0.11,Mylan (formerly Matrix) Nashik,TRUE,1725,"$3,273.14 ",133.43
"19,958",103-KE-T30,FPQ-10018,SCMS-149610,ASN-15368,Kenya,PMO - US,Direct Drop,EXW,Air,06-05-12,6/14/2012,09-Jul-12,09-Jul-12,09-Jul-12,HRDT,HIV test,"Orgenics, Ltd","HIV 1/2, Determine Complete HIV Kit, 100 Tests","HIV 1/2, Determine Complete HIV Kit",Determine,,Test kit,100,1,89.00,89,0.89,"Alere Medical Co., Ltd.",TRUE,985,"$11,034.01 ",0.12
"77,480",116-ZA-T30,FPQ-12522,SCMS-199289,ASN-28034,South Africa,PMO - US,Direct Drop,DDP,Truck,07-11-13,8/29/2014,29-Aug-14,29-Aug-14,29-Aug-14,ARV,Pediatric,S. BUYS WHOLESALER,"Efavirenz 200mg, capsule, 90 Caps",Efavirenz,Generic,200mg,Capsule,90,57,1483.72,26.03,0.29,"Aurobindo Unit III, India",FALSE,Weight Captured Separately,Freight Included in Commodity Cost,1.84
"77,610",116-ZA-T30,FPQ-4054,SCMS-51250,ASN-5056,South Africa,PMO - US,Direct Drop,DDP,Truck,7/29/2009,08-07-09,24-Aug-09,24-Aug-09,24-Aug-09,ARV,Adult,S. BUYS WHOLESALER,"Efavirenz 600mg, tablets, 30 Tabs",Efavirenz,Generic,600mg,Tablet,30,560,10506.86,18.76,0.63,"Cipla, Goa, India",FALSE,Weight Captured Separately,Freight Included in Commodity Cost,20.59
"19,996",119-NA-T30,FPQ-3814,SCMS-47550,ASN-4512,Namibia,PMO - US,Direct Drop,EXW,Air,5/29/2009,6/15/2009,05-Aug-09,05-Aug-09,05-Aug-09,ARV,Pediatric,CIPLA LIMITED,"Lamivudine/Nevirapine/Stavudine 30/50/6mg, dispersible tablets, 60 Tabs",Lamivudine/Nevirapine/Stavudine,Generic,30/50/6mg,Chewable/dispersible tablet - FDC,60,688,1651.20,2.4,0.04,"Cipla, Goa, India",TRUE,53,$571.53 ,3.24
"77,659",116-ZA-T30,FPQ-14942,SCMS-259075,ASN-32138,South Africa,PMO - US,Direct Drop,DDP,Truck,09-11-14,05-11-15,12-May-15,12-May-15,12-May-15,ARV,Adult,PHARMACY DIRECT,"Efavirenz 600mg, tablets, 30 Tabs",Efavirenz,Generic,600mg,Tablet,30,3,33.81,11.27,0.38,"Aurobindo Unit III, India",FALSE,Weight Captured Separately,Freight Included in Commodity Cost,0.03
"20,073",133-NG-T30,FPQ-14995,SCMS-260700,ASN-29931,Nigeria,PMO - US,Direct Drop,EXW,Air,9/22/2014,10/29/2014,19-Jan-15,20-Jan-15,22-Jan-15,HRDT,HIV test,"Orgenics, Ltd","HIV 1/2, Determine Complete HIV Kit, 100 Tests","HIV 1/2, Determine Complete HIV Kit",Determine,,Test kit,100,"3,144",279816.00,89,0.89,"Alere Medical Co., Ltd.",TRUE,1276,"$15,681.99 ",287.65
"20,133",114-UG-T30,FPQ-4185,SCMS-54140,ASN-5318,Uganda,PMO - US,Direct Drop,FCA,Air,09-08-09,9/30/2009,04-Nov-09,04-Nov-09,04-Nov-09,ARV,Adult,ABBVIE LOGISTICS (FORMERLY ABBOTT LOGISTICS BV),"Lopinavir/Ritonavir 200/50mg [Aluvia], tablets, 120 Tabs",Lopinavir/Ritonavir,Aluvia,200/50mg,Tablet,120,60,2169.60,36.16,0.3,ABBVIE Ludwigshafen Germany,TRUE,36,$814.04 ,4.25
"20,172",111-MZ-T30,FPQ-10880,SCMS-164000,ASN-18532,Mozambique,PMO - US,Direct Drop,EXW,Air,10/18/2012,11-06-12,20-Mar-13,21-Mar-13,21-Mar-13,HRDT,HIV test,"Orgenics, Ltd","HIV 1/2, Determine Complete HIV Kit, 100 Tests","HIV 1/2, Determine Complete HIV Kit",Determine,,Test kit,100,"2,939",235120.00,80,0.8,"Alere Medical Co., Ltd.",TRUE,1330,"$13,801.89 ",290.84
"20,185",105-SS-T30,FPQ-14470,SCMS-245260,ASN-29409,South Sudan,PMO - US,Direct Drop,EXW,Air,6/17/2014,6/30/2014,22-Dec-14,22-Dec-14,13-Jan-15,HRDT,HIV test - Ancillary,"Orgenics, Ltd","Chase Buffer, Determine, 100 Tests, 2.5ml x 1 Vial","Chase Buffer, Determine, 100 Tests, 2.5ml x 1 Vial",Determine,,Test kit - Ancillary,1,160,800.00,5,5,"Alere Medical Co., Ltd.",TRUE,149,"$2,084.52 ",0.82
"20,219",108-VN-T30,FPQ-10286,SCMS-156310,ASN-17176,Vietnam,PMO - US,Direct Drop,EXW,Air,7/25/2012,8/15/2012,14-Dec-12,14-Dec-12,14-Dec-12,ARV,Adult,HETERO LABS LIMITED,"Lamivudine/Zidovudine 150/300mg, tablets, 60 Tabs",Lamivudine/Zidovudine,Generic,150/300mg,Tablet - FDC,60,"10,158",71918.64,7.08,0.12,Hetero Unit III Hyderabad IN,TRUE,941,"$1,934.17 ",100.83
"20,450",101-CD-T30,FPQ-12093,SCMS-189070,ASN-20218,"Congo, DRC",PMO - US,Direct Drop,EXW,Air,4/23/2013,5/17/2013,28-Nov-13,28-Nov-13,03-Dec-13,ARV,Pediatric,Aurobindo Pharma Limited,"Didanosine 125mg, delayed-release capsules, 30 Caps",Didanosine,Generic,125mg,Delayed-release capsules,30,171,1453.50,8.5,0.28,"Aurobindo Unit III, India",TRUE,81,"$2,782.94 ",1.8
"77,781",116-ZA-T30,FPQ-5535,SCMS-71370,ASN-7373,South Africa,PMO - US,Direct Drop,DDP,Truck,4/19/2010,4/21/2010,31-May-10,31-May-10,31-May-10,ARV,Adult,S. BUYS WHOLESALER,"Lopinavir/Ritonavir 200/50mg [Aluvia], tablets, 120 Tabs",Lopinavir/Ritonavir,Aluvia,200/50mg,Tablet,120,300,12447.35,41.49,0.35,ABBVIE Ludwigshafen Germany,FALSE,Weight Captured Separately,Freight Included in Commodity Cost,26.84
"20,239",107-RW-T30,FPQ-8742,SCMS-137421,ASN-15443,Rwanda,PMO - US,Direct Drop,EXW,Air,12-07-11,6/14/2012,20-Jul-12,20-Jul-12,20-Jul-12,ARV,Adult,HETERO LABS LIMITED,"Efavirenz 600mg, tablets, 30 Tabs",Efavirenz,Generic,600mg,Tablet,30,"20,370",72720.90,3.57,0.12,Hetero Unit III Hyderabad IN,TRUE,1751,"$13,244.80 ",101.95
"20,245",102-SZ-T30,FPQ-10537,SCMS-159081,ASN-19430,Swaziland,PMO - US,Direct Drop,EXW,Air,8/23/2012,09-12-12,21-May-13,21-May-13,21-May-13,HRDT,HIV test,"Trinity Biotech, Plc","HIV 1/2, Uni-Gold HIV Kit, 20 Tests","HIV 1/2, Uni-Gold HIV Kit",Uni-Gold,,Test kit,20,150,4800.00,32,1.6,"Trinity Biotech, Plc",TRUE,58,$642.05 ,6.73
"20,264",107-RW-T30,FPQ-12518,SCMS-198222,ASN-24715,Rwanda,PMO - US,Direct Drop,EXW,Air,6/21/2013,08-12-13,27-Mar-14,27-Mar-14,27-Mar-14,HRDT,HIV test,"SHANGHAI KEHUA BIOENGINEERING CO.,LTD.  (KHB)","HIV 1/2, SKB Colloidal Gold, Diagnostic Kit, Antibody, 50 Tests","HIV 1/2, Colloidal Gold, Diagnostic Kit, Antibody",Colloidal Gold,,Test kit,1,"2,988",73206.00,24.5,24.5,"KHB Test Kit Facility, Shanghai China",TRUE,1992,"$26,266.34 ",90.56
"20,266",114-UG-T30,FPQ-9365,SCMS-142320,ASN-15425,Uganda,PMO - US,Direct Drop,DDP,Air,3/15/2012,4/17/2012,05-Jul-12,05-Jul-12,05-Jul-12,ARV,Adult,ASPEN PHARMACARE,"Etravirine 100mg [Intelence], tablets, 120 Tabs",Etravirine,Intelence,100mg,Tablet,120,150,11250.00,75,0.62,"Janssen-Cilag, Latina, IT",TRUE,49,$475 ,15.77
"20,274",108-VN-T30,FPQ-13976,SCMS-236060,ASN-27814,Vietnam,PMO - US,Direct Drop,EXW,Air,04-08-14,4/30/2014,22-Sep-14,15-Sep-14,17-Sep-14,ARV,Adult,HETERO LABS LIMITED,"Efavirenz/Lamivudine/Tenofovir Disoproxil Fumarate 600/300/300mg, tablets, 30 Tabs",Efavirenz/Lamivudine/Tenofovir Disoproxil Fumarate,Generic,600/300/300mg,Tablet - FDC,30,"17,280",181440.00,10.5,0.35,Hetero Unit III Hyderabad IN,TRUE,2401,"$3,701.66 ",186.52
"20,280",123-NG-T30,FPQ-4066,SCMS-51270,ASN-5524,Nigeria,PMO - US,Direct Drop,FCA,Air,08-03-09,08-12-09,15-Dec-09,15-Dec-09,15-Dec-09,ARV,Adult,Hoffmann-La Roche ltd Basel,"Saquinavir 500mg [Invirase], tablets, 120 Tabs",Saquinavir,Invirase,500mg,Tablet,120,500,47667.85,95.34,0.79,Roche Basel,TRUE,83,$852.02 ,93.43
"77,910",116-ZA-T30,FPQ-13035,SCMS-215370,ASN-24415,South Africa,PMO - US,Direct Drop,DDP,Truck,10-08-13,12-02-13,06-Feb-14,06-Feb-14,06-Feb-14,ARV,Adult,S. BUYS WHOLESALER,"Lamivudine/Zidovudine 150/300mg, tablets, 60 Tabs",Lamivudine/Zidovudine,Generic,150/300mg,Tablet - FDC,60,259,7677.85,29.64,0.49,"Cipla, Goa, India",FALSE,Weight Captured Separately,Freight Included in Commodity Cost,9.5
"20,294",110-ZM-T30,FPQ-12662,SCMS-202390,ASN-23686,Zambia,PMO - US,Direct Drop,EXW,Air,7/22/2013,08-12-13,14-Feb-14,14-Feb-14,18-Feb-14,ARV,Adult,MYLAN LABORATORIES LTD (FORMERLY MATRIX LABORATORIES),"Emtricitabine/Tenofovir Disoproxil Fumarate 200/300mg, tablets, 30 Tabs",Emtricitabine/Tenofovir Disoproxil Fumarate,Generic,200/300mg,Tablet - FDC,30,"300,000",1722000.00,5.74,0.19,Mylan (formerly Matrix) Nashik,TRUE,24233,"$119,474.09 ","2,130.11"
"20,319",110-ZM-T30,FPQ-14236,SCMS-239740,ASN-26572,Zambia,PMO - US,Direct Drop,EXW,Air,05-02-14,5/20/2014,12-Sep-14,12-Sep-14,17-Sep-14,HRDT,HIV test,"Orgenics, Ltd","HIV 1/2, Determine Complete HIV Kit, 100 Tests","HIV 1/2, Determine Complete HIV Kit",Determine,,Test kit,100,"6,000",480000.00,80,0.8,"Alere Medical Co., Ltd.",TRUE,2439,"$30,885.26 ",493.44
"20,321",108-VN-T30,FPQ-9576,SCMS-145310,ASN-16124,Vietnam,PMO - US,Direct Drop,EXW,Air,04-11-12,06-11-12,02-Oct-12,02-Oct-12,02-Oct-12,ARV,Adult,MYLAN LABORATORIES LTD (FORMERLY MATRIX LABORATORIES),"Abacavir 300mg, tablets, 60 Tabs",Abacavir,Generic,300mg,Tablet,60,331,4220.25,12.75,0.21,Mylan (formerly Matrix) Nashik,TRUE,2951,"$7,211.04 ",5.92
"77,925",116-ZA-T30,FPQ-12522,SCMS-199289,ASN-28034,South Africa,PMO - US,Direct Drop,DDP,Truck,07-11-13,8/29/2014,29-Aug-14,29-Aug-14,29-Aug-14,ARV,Adult,S. BUYS WHOLESALER,"Tenofovir Disoproxil Fumarate 300mg, tablets, 30 Tabs",Tenofovir Disoproxil Fumarate,Generic,300mg,Tablet,30,472,9824.70,20.82,0.69,Hetero Unit III Hyderabad IN,FALSE,Weight Captured Separately,Freight Included in Commodity Cost,12.15
"20,371",108-VN-T30,FPQ-9577,SCMS-145530,ASN-16123,Vietnam,PMO - US,Direct Drop,EXW,Air,04-11-12,06-12-12,09-Oct-12,09-Oct-12,09-Oct-12,ARV,Pediatric,MYLAN LABORATORIES LTD (FORMERLY MATRIX LABORATORIES),"Lamivudine/Nevirapine/Zidovudine 30/50/60mg, dispersible tablets, 60 Tabs",Lamivudine/Nevirapine/Zidovudine,Generic,30/50/60mg,Chewable/dispersible tablet - FDC,60,"1,302",5403.30,4.15,0.07,Mylan (formerly Matrix) Nashik,TRUE,4587,"$11,252.53 ",7.58
"20,383",106-HT-T30,FPQ-9636,SCMS-148370,ASN-16472,Haiti,PMO - US,Direct Drop,EXW,Ocean,5/14/2012,07-03-12,20-Dec-12,20-Dec-12,20-Dec-12,ARV,Adult,MYLAN LABORATORIES LTD (FORMERLY MATRIX LABORATORIES),"Lamivudine/Nevirapine/Zidovudine 150/200/300mg, tablets, 60 Tabs",Lamivudine/Nevirapine/Zidovudine,Generic,150/300/200mg,Tablet - FDC,60,"34,080",318648.00,9.35,0.16,Mylan (formerly Matrix) Nashik,TRUE,4726,"$7,208.11 ",446.74
"77,926",116-ZA-T30,FPQ-13214,SCMS-215410,ASN-23875,South Africa,PMO - US,Direct Drop,DDP,Truck,11/14/2013,12-02-13,13-Jan-14,13-Jan-14,13-Jan-14,ARV,Pediatric,S. BUYS WHOLESALER,"Efavirenz 50mg, capsule, 30 Caps",Efavirenz,Generic,50mg,Capsule,30,28,78.79,2.81,0.09,"Aurobindo Unit III, India",FALSE,Weight Captured Separately,Freight Included in Commodity Cost,0.08
"77,936",116-ZA-T30,FPQ-11828,SCMS-183950,ASN-19166,South Africa,South Africa Field Office,Direct Drop,DDP,Truck,3/18/2013,Date Not Captured,16-Apr-13,16-Apr-13,16-Apr-13,ARV,Adult,S. BUYS WHOLESALER,"Zidovudine 300mg, tablets, 60 Tabs",Zidovudine,Generic,300mg,Tablet,60,13,328.17,25.24,0.42,"Aurobindo Unit III, India",FALSE,Weight Captured Separately,Freight Included in Commodity Cost,0.41
"20,462",104-CI-T30,FPQ-5209,SCMS-75381,ASN-7842,Côte d'Ivoire,PMO - US,Direct Drop,EXW,Air,2/25/2010,06-07-10,08-Sep-10,08-Sep-10,08-Sep-10,HRDT,HIV test,"Orgenics, Ltd","HIV 1/2, Determine HIV Kit, without Lancets, 100 Tests","HIV 1/2, Determine HIV Kit, without Lancets",Determine,,Test kit,100,"3,000",233100.00,77.7,0.78,Inverness Japan,TRUE,680,"$11,463.46 ",502.56
"20,506",108-VN-T30,FPQ-15692,SCMS-281650,ASN-32442,Vietnam,PMO - US,Direct Drop,EXW,Air,1/28/2015,3/19/2015,07-Jul-15,07-Jul-15,07-Jul-15,ARV,Adult,HETERO LABS LIMITED,"Tenofovir Disoproxil Fumarate 300mg, tablets, 30 Tabs",Tenofovir Disoproxil Fumarate,Generic,300mg,Tablet,30,"17,300",54495.00,3.15,0.1,Hetero Unit III Hyderabad IN,TRUE,1320,"$2,730.91 ",64.14
"20,512",107-RW-T30,FPQ-13853,SCMS-235960,ASN-27544,Rwanda,PMO - US,Direct Drop,EXW,Air,3/25/2014,4/29/2014,22-Aug-14,22-Aug-14,26-Aug-14,ARV,Pediatric,EMCURE PHARMACEUTICALS LTD,"Atazanavir 200mg, capsules, 60 Caps",Atazanavir,Generic,200mg,Capsule,60,"1,411",46563.00,33,0.55,"Emcure Plot No.P-2, I.T-B.T. Park, Phase II, MIDC, Hinjwadi, Pune, India",TRUE,145,"$1,950.74 ",47.87
"20,544",114-UG-T30,FPQ-15314,SCMS-264740,ASN-30492,Uganda,PMO - US,Direct Drop,EXW,Air,11-11-14,12-04-14,27-Feb-15,27-Feb-15,01-Mar-15,HRDT,HIV test,"Orgenics, Ltd","HIV 1/2, Determine Complete HIV Kit, 100 Tests","HIV 1/2, Determine Complete HIV Kit",Determine,,Test kit,100,"4,872",389760.00,80,0.8,"Alere Medical Co., Ltd.",TRUE,1978,"$16,876.25 ",458.75
"78,150",103-ML-T30,FPQ-15006,SCMS-260720,ASN-31432,Mali,PMO - US,Direct Drop,CIP,Air,10-07-14,11/18/2014,20-May-15,20-May-15,16-Jul-15,HRDT,HIV test - Ancillary,Orasure Technologies Inc.,"HIV, OraQuick Controls Kit, 3 Vials","HIV, OraQuick Controls Kit, 3 Vials",OraQuick,,Test kit - Ancillary,1,33,825.00,25,25,"Orasure Technologies, Inc USA",TRUE,Weight Captured Separately,Freight Included in Commodity Cost,0.85
"20,560",105-GH-T30,FPQ-13872,SCMS-235810,ASN-27124,Ghana,PMO - US,Direct Drop,FCA,Air,3/24/2014,4/23/2014,06-Aug-14,06-Aug-14,15-Aug-14,ARV,Pediatric,ABBVIE LOGISTICS (FORMERLY ABBOTT LOGISTICS BV),"Lopinavir/Ritonavir 100/25mg [Aluvia], tablets, 60 Tabs",Lopinavir/Ritonavir,Generic,100/25mg,Tablet,60,448,2661.12,5.94,0.1,ABBVIE Ludwigshafen Germany,TRUE,63,"$1,317.82 ",2.74
"20,619",109-TZ-T30,FPQ-12197,SCMS-189361,ASN-21237,Tanzania,PMO - US,Direct Drop,EXW,Air,4/30/2013,5/29/2013,16-Sep-13,16-Sep-13,16-Sep-13,HRDT,HIV test,"Standard Diagnostics, Inc.","HIV 1/2, Determine Complete HIV Kit, 100 Tests","HIV 1/2, Determine Complete HIV Kit",Determine,,Test kit,100,"2,500",200000.00,80,0.8,"Alere Medical Co., Ltd.",TRUE,1036,"$17,579.56 ",247.4
"78,220",116-ZA-T30,FPQ-12522,SCMS-199289,ASN-28034,South Africa,PMO - US,Direct Drop,DDP,Truck,07-11-13,8/29/2014,29-Aug-14,29-Aug-14,29-Aug-14,ARV,Adult,S. BUYS WHOLESALER,"Lamivudine/Zidovudine 150/300mg, tablets, 60 Tabs",Lamivudine/Zidovudine,Generic,150/300mg,Tablet - FDC,60,239,7826.72,32.75,0.55,Hetero Unit III Hyderabad IN,FALSE,Weight Captured Separately,Freight Included in Commodity Cost,9.68
"78,244",116-ZA-T30,FPQ-11828,SCMS-183950,ASN-19166,South Africa,South Africa Field Office,Direct Drop,DDP,Truck,3/18/2013,Date Not Captured,16-Apr-13,16-Apr-13,16-Apr-13,ARV,Adult,S. BUYS WHOLESALER,"Stavudine 30mg, capsules, 60 Caps",Stavudine,Generic,30mg,Capsule,60,337,1357.12,4.03,0.07,"Aurobindo Unit III, India",FALSE,Weight Captured Separately,Freight Included in Commodity Cost,1.68
"20,666",112-NG-T30,FPQ-4044,SCMS-51240,ASN-4829,Nigeria,PMO - US,Direct Drop,FCA,Air,08-04-09,08-12-09,16-Oct-09,16-Oct-09,16-Oct-09,ARV,Adult,ABBVIE LOGISTICS (FORMERLY ABBOTT LOGISTICS BV),"Lopinavir/Ritonavir 200/50mg [Aluvia], tablets, 120 Tabs",Lopinavir/Ritonavir,Aluvia,200/50mg,Tablet,120,500,18080.00,36.16,0.3,ABBVIE Ludwigshafen Germany,TRUE,130,"$1,599.22 ",35.44
"78,301",116-ZA-T30,FPQ-12522,SCMS-199283,ASN-27980,South Africa,PMO - US,Direct Drop,DDP,Truck,07-11-13,8/27/2014,27-Aug-14,27-Aug-14,27-Aug-14,ARV,Adult,S. BUYS WHOLESALER,"Didanosine 400mg, delayed-release capsules, 30 Caps",Didanosine,Generic,400mg,Delayed-release capsules,30,7,153.07,21.87,0.73,"Aurobindo Unit III, India",FALSE,Weight Captured Separately,Freight Included in Commodity Cost,0.19
"20,671",161-ZA-T30,FPQ-7175,SCMS-123590,ASN-13057,South Africa,PMO - US,Direct Drop,DDP,Ocean,03-10-11,9/30/2011,16-Jan-12,23-Jan-12,23-Jan-12,ARV,Adult,Aurobindo Pharma Limited,"Efavirenz 600mg, tablets, 30 Tabs",Efavirenz,Generic,600mg,Tablet,30,"91,772",390948.72,4.26,0.14,"Aurobindo Unit III, India",TRUE,7797,"$7,292.27 ",645.07
"78,361",106-HT-T30,FPQ-14314,SCMS-242450,ASN-29195,Haiti,PMO - US,Direct Drop,CIP,Air,5/21/2014,06-03-14,24-Nov-14,24-Nov-14,24-Nov-14,ARV,Adult,MERCK SHARP & DOHME IDEA GMBH (FORMALLY MERCK SHARP & DOHME B.V.),"Raltegravir 400mg [Isentress], tablets, 60 Tabs",Raltegravir,Isentress,400mg,Tablet,60,161,8935.50,55.5,0.92,"MSD, Haarlem, NL",TRUE,Weight Captured Separately,Freight Included in Commodity Cost,9.19
"20,690",200-ZW-T30,FPQ-6488,SCMS-90651,ASN-10895,Zimbabwe,PMO - US,Direct Drop,FCA,Air,10/26/2010,11-10-10,04-Aug-11,04-Aug-11,04-Aug-11,ARV,Pediatric,ABBVIE LOGISTICS (FORMERLY ABBOTT LOGISTICS BV),"Lopinavir/Ritonavir 80/20mg/ml [Kaletra], oral solution, cool, Bottle 5 x 60 ml",Lopinavir/Ritonavir,Kaletra,80/20mg/ml,Oral solution,300,"1,083",39161.28,36.16,0.12,ABBVIE (Abbott) Logis. UK,TRUE,1042,"$17,912.60 ",84.43
"20,697",108-VN-T30,FPQ-10286,SCMS-156130,ASN-17075,Vietnam,PMO - US,Direct Drop,EXW,Air,7/25/2012,8/14/2012,29-Nov-12,29-Nov-12,29-Nov-12,ARV,Pediatric,Aurobindo Pharma Limited,"Nevirapine 10mg/ml, oral suspension w/syringe, Bottle, 240 ml",Nevirapine,Generic,10mg/ml,Oral suspension,240,564,1099.80,1.95,0.01,"Aurobindo Unit III, India",TRUE,5939,"$10,770.55 ",1.54
"78,368",116-ZA-T30,FPQ-3560,SCMS-49671,ASN-5052,South Africa,PMO - US,Direct Drop,DDP,Truck,05-07-09,7/21/2009,11-Aug-09,11-Aug-09,11-Aug-09,ARV,Pediatric,S. BUYS WHOLESALER,"Lopinavir/Ritonavir 80/20mg/ml [Kaletra], oral solution, cool, Bottle 5 x 60 ml",Lopinavir/Ritonavir,Kaletra,80/20mg/ml,Oral solution,300,"1,250",58731.40,46.99,0.16,ABBVIE (Abbott) Logis. UK,TRUE,Weight Captured Separately,Freight Included in Commodity Cost,115.11
"20,735",107-RW-T30,FPQ-8932,SCMS-129780,ASN-13341,Rwanda,PMO - US,Direct Drop,EXW,Ocean,12-06-11,12/13/2011,13-Apr-12,13-Apr-12,13-Apr-12,ARV,Adult,Aurobindo Pharma Limited,"Lamivudine/Tenofovir Disoproxil Fumarate 300/300mg, tablets, 30 Tabs",Lamivudine/Tenofovir Disoproxil Fumarate,Generic,300/300mg,Tablet - FDC,30,"132,000",706200.00,5.35,0.18,"Aurobindo Unit VII, IN",TRUE,12886,"$102,761.99 ",990.09
"20,761",114-UG-T30,FPQ-14325,SCMS-244400,ASN-28662,Uganda,PMO - US,Direct Drop,CIP,Air,5/26/2014,6/23/2014,28-Oct-14,28-Oct-14,28-Oct-14,ARV,Adult,MERCK SHARP & DOHME IDEA GMBH (FORMALLY MERCK SHARP & DOHME B.V.),"Raltegravir 400mg [Isentress], tablets, 60 Tabs",Raltegravir,Isentress,400mg,Tablet,60,"1,299",72094.50,55.5,0.92,"MSD, Haarlem, NL",TRUE,137,$309.95 ,74.11
"78,407",116-ZA-T30,FPQ-12522,SCMS-199283,ASN-27976,South Africa,PMO - US,Direct Drop,DDP,Truck,07-11-13,8/27/2014,27-Aug-14,27-Aug-14,27-Aug-14,ARV,Adult,S. BUYS WHOLESALER,"Lamivudine 150mg, tablets, 60 Tabs",Lamivudine,Generic,150mg,Tablet,60,328,3230.11,9.85,0.16,Hetero Unit III Hyderabad IN,FALSE,Weight Captured Separately,Freight Included in Commodity Cost,4
"20,824",901-CM-T30,FPQ-12837,SCMS-204360,ASN-21528,Cameroon,PMO - US,Direct Drop,EXW,Air,8/19/2013,8/23/2013,26-Sep-13,26-Sep-13,26-Sep-13,ARV,Adult,CIPLA LIMITED,"Lamivudine/Zidovudine 150/300mg, tablets, 60 Tabs",Lamivudine/Zidovudine,Generic,150/300mg,Tablet - FDC,60,59,388.81,6.59,0.11,"Cipla, Goa, India",TRUE,23,"$1,067.02 ",0.48
"20,878",108-VN-T30,FPQ-6384,SCMS-87700,ASN-9709,Vietnam,PMO - US,Direct Drop,FCA,Air,9/30/2010,10/14/2010,24-Feb-11,24-Feb-11,24-Feb-11,ARV,Adult,ABBVIE LOGISTICS (FORMERLY ABBOTT LOGISTICS BV),"Ritonavir 100mg [Norvir], capsules, cool, 4 x 84 Caps",Ritonavir,Norvir,100mg,Capsule,336,12,2478.12,206.51,0.61,ABBVIE (Abbott) Logis. UK,TRUE,51,"$4,042.47 ",5.34
"20,883",109-TZ-T30,FPQ-6925,SCMS-97120,ASN-9973,Tanzania,PMO - US,Direct Drop,EXW,Air,12/27/2010,02-02-11,16-May-11,16-May-11,16-May-11,HRDT,HIV test,"Standard Diagnostics, Inc.","HIV 1/2, Bioline 3.0 Kit, Lancets, Capillary pipets, Alcohol swabs included, 25 Tests","HIV 1/2, Bioline 3.0 Kit, Lancets, Capillary pipets, Alcohol swabs included",Bioline,,Test kit,25,"1,520",30400.00,20,0.8,"Standard Diagnostics, Korea",TRUE,507,"$4,329.08 ",50.16
"78,550",116-ZA-T30,FPQ-13973,SCMS-238555,ASN-29257,South Africa,PMO - US,Direct Drop,DDP,Truck,4/30/2014,11-04-14,05-Nov-14,05-Nov-14,05-Nov-14,ARV,Adult,PHARMACY DIRECT,"Efavirenz 600mg, tablets, 30 Tabs",Efavirenz,Generic,600mg,Tablet,30,125,1949.50,15.6,0.52,"Aurobindo Unit III, India",FALSE,Weight Captured Separately,Freight Included in Commodity Cost,2
"78,709",116-ZA-T30,FPQ-12522,SCMS-199280,ASN-24433,South Africa,PMO - US,Direct Drop,DDP,Truck,07-11-13,8/13/2013,07-Feb-14,07-Feb-14,07-Feb-14,ARV,Pediatric,S. BUYS WHOLESALER,"Abacavir 20mg/ml, oral solution w/syringe, Bottle, 240 ml",Abacavir,Generic,20mg/ml,Oral solution,240,89,2406.50,27.04,0.11,"Aurobindo Unit III, India",FALSE,Weight Captured Separately,Freight Included in Commodity Cost,2.98
"79,022",116-ZA-T30,FPQ-13214,SCMS-215410,ASN-23875,South Africa,PMO - US,Direct Drop,DDP,Truck,11/14/2013,12-02-13,13-Jan-14,13-Jan-14,13-Jan-14,ARV,Adult,S. BUYS WHOLESALER,"Efavirenz 600mg, tablets, 30 Tabs",Efavirenz,Generic,600mg,Tablet,30,152,2218.99,14.6,0.49,"Aurobindo Unit III, India",FALSE,Weight Captured Separately,Freight Included in Commodity Cost,2.28
"79,064",116-ZA-T30,FPQ-12523,SCMS-199310,ASN-29450,South Africa,PMO - US,Direct Drop,DDP,Truck,07-12-13,8/13/2013,19-Nov-14,19-Nov-14,19-Nov-14,ARV,Adult,S. BUYS WHOLESALER,"Raltegravir 400mg [Isentress], tablets, 60 Tabs",Raltegravir,Isentress,400mg,Tablet,60,82,7657.21,93.38,1.56,"MSD, Haarlem, NL",FALSE,Weight Captured Separately,Freight Included in Commodity Cost,9.47
"20,961",108-VN-T30,FPQ-11560,SCMS-177620,ASN-20368,Vietnam,PMO - US,Direct Drop,EXW,Air,02-07-13,2/13/2013,01-Aug-13,01-Aug-13,01-Aug-13,ARV,Adult,MYLAN LABORATORIES LTD (FORMERLY MATRIX LABORATORIES),"Efavirenz/Lamivudine/Tenofovir Disoproxil Fumarate 600/300/300mg, tablets, 30 Tabs",Efavirenz/Lamivudine/Tenofovir Disoproxil Fumarate,Generic,600/300/300mg,Tablet - FDC,30,"27,122",311631.78,11.49,0.38,Mylan (formerly Matrix) Nashik,TRUE,2843,"$9,740.27 ",385.49
"20,969",107-RW-T30,FPQ-13874,SCMS-232310,ASN-25925,Rwanda,PMO - US,Direct Drop,EXW,Air,03-12-14,04-03-14,28-Apr-14,16-Jun-14,17-Jun-14,HRDT,HIV test,"SHANGHAI KEHUA BIOENGINEERING CO.,LTD.  (KHB)","HIV 1/2, SKB Colloidal Gold, Diagnostic Kit, Antibody, 50 Tests","HIV 1/2, Colloidal Gold, Diagnostic Kit, Antibody",Colloidal Gold,,Test kit,1,"4,156",101822.00,24.5,24.5,"KHB Test Kit Facility, Shanghai China",TRUE,2771,"$36,502.80 ",104.67
"79,111",116-ZA-T30,FPQ-3596,SCMS-50373,ASN-6207,South Africa,PMO - US,Direct Drop,DDP,Truck,05-07-09,9/22/2009,15-Feb-10,15-Feb-10,15-Feb-10,ARV,Adult,"JSI R&T INSTITUTE, INC.","Zidovudine 300mg, tablets, 60 Tabs",Zidovudine,Generic,300mg,Tablet,60,"1,130",31894.32,28.23,0.47,"Aurobindo Unit III, India",TRUE,Weight Captured Separately,Freight Included in Commodity Cost,62.51
"21,000",106-HT-T30,FPQ-14083,SCMS-240120,ASN-26692,Haiti,PMO - US,Direct Drop,FCA,Air,05-11-14,5/28/2014,09-Sep-14,09-Sep-14,10-Sep-14,ARV,Pediatric,ABBVIE LOGISTICS (FORMERLY ABBOTT LOGISTICS BV),"Lopinavir/Ritonavir 100/25mg [Aluvia], tablets, 60 Tabs",Lopinavir/Ritonavir,Generic,100/25mg,Tablet,60,520,3088.80,5.94,0.1,ABBVIE Ludwigshafen Germany,TRUE,65,$892.50 ,3.18
"79,271",116-ZA-T30,FPQ-12522,SCMS-199283,ASN-27975,South Africa,PMO - US,Direct Drop,DDP,Truck,07-11-13,8/27/2014,27-Aug-14,27-Aug-14,27-Aug-14,ARV,Adult,S. BUYS WHOLESALER,"Lamivudine 150mg, tablets, 60 Tabs",Lamivudine,Generic,150mg,Tablet,60,1,9.85,9.85,0.16,Hetero Unit III Hyderabad IN,FALSE,Weight Captured Separately,Freight Included in Commodity Cost,0.01
"21,033",110-ZM-T30,FPQ-13224,SCMS-215200,ASN-23390,Zambia,PMO - US,Direct Drop,FCA,Air,10/31/2013,11/19/2013,07-Feb-14,07-Feb-14,13-Feb-14,ARV,Pediatric,ABBVIE LOGISTICS (FORMERLY ABBOTT LOGISTICS BV),"Lopinavir/Ritonavir 80/20mg/ml [Kaletra], oral solution, cool, Bottle 5 x 60 ml",Lopinavir/Ritonavir,Kaletra,80/20mg/ml,Oral solution,300,"2,569",79176.58,30.82,0.1,ABBVIE (Abbott) Logis. UK,TRUE,2410,"$14,384.91 ",81.39
"21,037",114-UG-T30,FPQ-6918,SCMS-96930,ASN-10455,Uganda,PMO - US,Direct Drop,CIP,Air,01-06-11,1/21/2011,19-Apr-11,19-Apr-11,19-Apr-11,ARV,Adult,MERCK SHARP & DOHME IDEA GMBH (FORMALLY MERCK SHARP & DOHME B.V.),"Raltegravir 400mg [Isentress], tablets, 60 Tabs",Raltegravir,Isentress,400mg,Tablet,60,55,5032.50,91.5,1.52,"MSD, Haarlem, NL",TRUE,6,$99 ,8.3
"21,044",108-VN-T30,FPQ-12539,SCMS-199800,ASN-22999,Vietnam,PMO - US,Direct Drop,EXW,Air,07-11-13,08-02-13,23-Dec-13,23-Dec-13,23-Dec-13,ARV,Adult,MYLAN LABORATORIES LTD (FORMERLY MATRIX LABORATORIES),"Lamivudine/Zidovudine 150/300mg, tablets, 60 Tabs",Lamivudine/Zidovudine,Generic,150/300mg,Tablet - FDC,60,"1,652",10721.48,6.49,0.11,Mylan (formerly Matrix) Nashik,TRUE,146,$746.89 ,13.26
"21,045",107-RW-T30,FPQ-12518,SCMS-198222,ASN-24718,Rwanda,PMO - US,Direct Drop,EXW,Air,6/21/2013,08-12-13,27-Mar-14,27-Mar-14,27-Mar-14,HRDT,HIV test,"SHANGHAI KEHUA BIOENGINEERING CO.,LTD.  (KHB)","HIV 1/2, SKB Colloidal Gold, Diagnostic Kit, Antibody, 50 Tests","HIV 1/2, Colloidal Gold, Diagnostic Kit, Antibody",Colloidal Gold,,Test kit,1,"2,988",73206.00,24.5,24.5,"KHB Test Kit Facility, Shanghai China",TRUE,1992,"$26,266.34 ",90.56
"21,061",111-MZ-T30,FPQ-4108,SCMS-52430,ASN-5474,Mozambique,PMO - US,Direct Drop,FCA,Air,8/20/2009,09-03-09,23-Nov-09,23-Nov-09,23-Nov-09,ARV,Adult,Hoffmann-La Roche ltd Basel,"Saquinavir 200mg [Invirase], capsules, 270 Caps",Saquinavir,Invirase,200mg,Capsule,270,168,15864.66,94.43,0.35,Roche Basel,TRUE,86,"$1,242.33 ",31.09
"21,076",101-KE-T30,FPQ-11883,SCMS-184970,ASN-20150,Kenya,PMO - US,Direct Drop,EXW,Air,3/25/2013,5/15/2013,05-Aug-13,05-Aug-13,05-Aug-13,HRDT,HIV test,Premier Medical Corporation Ltd.,"HIV 1/2/O, First Response HIV 1-2.0, v.3.0 Cards Kit, 30 Tests","HIV 1/2/O, First Response HIV 1-2.0, v.3.0 Cards Kit",First Response,,Test kit,30,"6,667",146674.00,22,0.73,Premier Med. Corp Ltd. India,TRUE,2020,"$10,682.41 ",181.44
"21,091",106-HT-T30,FPQ-9635,SCMS-148440,ASN-15571,Haiti,PMO - US,Direct Drop,EXW,Ocean,5/14/2012,6/28/2012,22-Oct-12,22-Oct-12,22-Oct-12,ARV,Pediatric,MYLAN LABORATORIES LTD (FORMERLY MATRIX LABORATORIES),"Lamivudine/Nevirapine/Zidovudine 30/50/60mg, dispersible tablets, 60 Tabs",Lamivudine/Nevirapine/Zidovudine,Generic,30/50/60mg,Chewable/dispersible tablet - FDC,60,"5,324",22094.60,4.15,0.07,Mylan (formerly Matrix) Nashik,TRUE,4654,"$8,538.03 ",30.98
"21,092",161-ZA-T30,FPQ-5303,SCMS-68940,ASN-8040,South Africa,PMO - US,Direct Drop,DDP,Air,3/18/2010,3/19/2010,07-Sep-10,15-Oct-10,15-Oct-10,ARV,Adult,Aurobindo Pharma Limited,"Efavirenz 600mg, tablets, 30 Tabs",Efavirenz,Generic,600mg,Tablet,30,"34,560",161395.20,4.67,0.16,"Aurobindo Unit III, India",TRUE,3240,"$4,263.07 ",347.97
"21,096",900-SS-T30,FPQ-8611,SCMS-127510,ASN-13212,South Sudan,PMO - US,Direct Drop,EXW,Air,11-04-11,11/16/2011,08-Feb-12,08-Feb-12,08-Feb-12,HRDT,HIV test,"Orgenics, Ltd","HIV 1/2, Determine Complete HIV Kit, 100 Tests","HIV 1/2, Determine Complete HIV Kit",Determine,,Test kit,100,470,41830.00,89,0.89,"Alere Medical Co., Ltd.",TRUE,244,"$7,428.38 ",58.65
"24,063",109-TZ-T30,FPQ-11881,SCMS-182810,ASN-19486,Tanzania,PMO - US,Direct Drop,EXW,Air,3/14/2013,04-11-13,11-Jun-13,11-Jun-13,11-Jun-13,HRDT,HIV test,"Trinity Biotech, Plc","HIV 1/2, Uni-Gold HIV Kit, 20 Tests","HIV 1/2, Uni-Gold HIV Kit",Uni-Gold,,Test kit,20,311,9952.00,32,1.6,"Trinity Biotech, Plc",TRUE,1,"$1,979.10 ",12.31
"21,125",109-TZ-T30,FPQ-6728,SCMS-94240,ASN-9436,Tanzania,PMO - US,Direct Drop,EXW,Air,12-02-10,12-09-10,10-Mar-11,10-Mar-11,10-Mar-11,ARV,Pediatric,EMCURE PHARMACEUTICALS LTD,"Atazanavir 150mg, capsules, 60 Caps",Atazanavir,Generic,150mg,Capsule,60,"1,135",29612.15,26.09,0.43,"Emcure Plot No.P-2, I.T-B.T. Park, Phase II, MIDC, Hinjwadi, Pune, India",TRUE,103,"$1,308.40 ",48.86
"79,361",116-ZA-T30,FPQ-12522,SCMS-199289,ASN-28036,South Africa,PMO - US,Direct Drop,DDP,Truck,07-11-13,8/29/2014,29-Aug-14,29-Aug-14,29-Aug-14,ARV,Pediatric,S. BUYS WHOLESALER,"Efavirenz 200mg, capsule, 90 Caps",Efavirenz,Generic,200mg,Capsule,90,75,1952.27,26.03,0.29,"Aurobindo Unit III, India",FALSE,Weight Captured Separately,Freight Included in Commodity Cost,2.41
"21,147",133-NG-T30,FPQ-5815,SCMS-77240,ASN-7561,Nigeria,PMO - US,Direct Drop,EXW,Air,06-07-10,6/28/2010,22-Jul-10,22-Jul-10,22-Jul-10,HRDT,HIV test,"Trinity Biotech, Plc","HIV 1/2, Uni-Gold HIV Kit, 20 Tests","HIV 1/2, Uni-Gold HIV Kit",Uni-Gold,,Test kit,20,"7,000",224000.00,32,1.6,"Trinity Biotech, Plc",TRUE,2373,"$29,878.21 ",482.94
"21,174",104-CI-T30,FPQ-3882,SCMS-51810,ASN-4979,Côte d'Ivoire,PMO - US,Direct Drop,FCA,Air,7/24/2009,8/24/2009,08-Oct-09,08-Oct-09,08-Oct-09,ARV,Adult,ABBVIE LOGISTICS (FORMERLY ABBOTT LOGISTICS BV),"Lopinavir/Ritonavir 200/50mg [Aluvia], tablets, 120 Tabs",Lopinavir/Ritonavir,Aluvia,200/50mg,Tablet,120,"11,480",415116.80,36.16,0.3,ABBVIE Ludwigshafen Germany,TRUE,4794,"$28,238.31 ",813.63
"79,375",116-ZA-T30,FPQ-13973,SCMS-238556,ASN-31854,South Africa,PMO - US,Direct Drop,DDP,Truck,4/30/2014,4/28/2015,28-Apr-15,28-Apr-15,28-Apr-15,ARV,Adult,PHARMACY DIRECT,"Abacavir 300mg, tablets, 60 Tabs",Abacavir,Generic,300mg,Tablet,60,19,1310.81,68.99,1.15,"Aurobindo Unit III, India",FALSE,Weight Captured Separately,Freight Included in Commodity Cost,1.35
"21,193",127-KE-T30,FPQ-7684,SCMS-109250,ASN-11441,Kenya,PMO - US,Direct Drop,EXW,Air,05-05-11,5/19/2011,09-Aug-11,11-Aug-11,11-Aug-11,HRDT,HIV test,"Orgenics, Ltd","HIV 1/2, Determine Complete HIV Kit, 100 Tests","HIV 1/2, Determine Complete HIV Kit",Determine,,Test kit,100,"8,331",741459.00,89,0.89,Inverness Japan,TRUE,1980,"$37,548.87 ","1,223.41"
"21,199",106-HT-T30,FPQ-13797,SCMS-233920,ASN-27200,Haiti,PMO - US,Direct Drop,FCA,Air,3/20/2014,4/28/2014,29-Aug-14,29-Aug-14,03-Sep-14,ARV,Pediatric,ABBVIE LOGISTICS (FORMERLY ABBOTT LOGISTICS BV),"Lopinavir/Ritonavir 80/20mg/ml [Kaletra], oral solution, cool, Bottle 5 x 60 ml",Lopinavir/Ritonavir,Kaletra,80/20mg/ml,Oral solution,300,40,1232.80,30.82,0.1,ABBVIE (Abbott) Logis. UK,TRUE,61,"$1,257.16 ",1.27
"21,217",109-TZ-T30,FPQ-13927,SCMS-232850,ASN-25559,Tanzania,PMO - US,Direct Drop,EXW,Air,3/21/2014,3/27/2014,24-Jun-14,24-Jun-14,24-Jun-14,ARV,Pediatric,MYLAN LABORATORIES LTD (FORMERLY MATRIX LABORATORIES),"Lamivudine/Nevirapine/Zidovudine 30/50/60mg, dispersible tablets, 60 Tabs",Lamivudine/Nevirapine/Zidovudine,Generic,30/50/60mg,Chewable/dispersible tablet - FDC,60,"36,000",129600.00,3.6,0.06,Mylan (formerly Matrix) Nashik,TRUE,2205,"$9,815.52 ",133.23
"21,230",109-TZ-T30,FPQ-12286,SCMS-193860,ASN-21926,Tanzania,PMO - US,Direct Drop,EXW,Air,5/16/2013,06-11-13,21-Nov-13,21-Nov-13,21-Nov-13,ARV,Adult,HETERO LABS LIMITED,"Efavirenz/Lamivudine/Tenofovir Disoproxil Fumarate 600/300/300mg, tablets, 30 Tabs",Efavirenz/Lamivudine/Tenofovir Disoproxil Fumarate,Generic,600/300/300mg,Tablet - FDC,30,"200,000",2100000.00,10.5,0.35,Hetero Unit III Hyderabad IN,TRUE,28168,"$127,285.48 ","2,597.70"
"21,276",161-ZA-T30,FPQ-6708,SCMS-93490,ASN-10251,South Africa,PMO - US,Direct Drop,DDP,Ocean,11/26/2010,12/14/2010,04-Apr-11,27-May-11,27-May-11,ARV,Pediatric,Aurobindo Pharma Limited,"Nevirapine 10mg/ml, oral suspension w/syringe, Bottle, 240 ml",Nevirapine,Generic,10mg/ml,Oral suspension,240,"4,529",9601.48,2.12,0.01,"Aurobindo Unit III, India",TRUE,1679,"$3,524.93 ",15.84
"21,279",101-CD-T30,FPQ-11103,SCMS-170580,ASN-18701,"Congo, DRC",PMO - US,Direct Drop,EXW,Air,12-07-12,01-03-13,11-Jul-13,11-Jul-13,11-Jul-13,ARV,Pediatric,Aurobindo Pharma Limited,"Nevirapine 50mg, dispersible tablets (tablets for oral suspension), 30 Tabs",Nevirapine,Generic,50mg,Chewable/dispersible tablet,30,984,1230.00,1.25,0.04,"Aurobindo Unit III, India",TRUE,53,$938.05 ,1.52
"21,301",109-TZ-T30,FPQ-5437,SCMS-71420,ASN-7131,Tanzania,PMO - US,Direct Drop,EXW,Air,4/15/2010,4/23/2010,02-Aug-10,02-Aug-10,02-Aug-10,ARV,Pediatric,EMCURE PHARMACEUTICALS LTD,"Atazanavir 150mg, capsules, 60 Caps",Atazanavir,Generic,150mg,Capsule,60,"1,065",27785.85,26.09,0.43,"Emcure Plot No.P-2, I.T-B.T. Park, Phase II, MIDC, Hinjwadi, Pune, India",TRUE,112,"$1,122.07 ",59.91
"79,471",116-ZA-T30,FPQ-13035,SCMS-215370,ASN-24415,South Africa,PMO - US,Direct Drop,DDP,Truck,10-08-13,12-02-13,06-Feb-14,06-Feb-14,06-Feb-14,ARV,Adult,S. BUYS WHOLESALER,"Lopinavir/Ritonavir 200/50mg [Aluvia], tablets, 120 Tabs",Lopinavir/Ritonavir,Aluvia,200/50mg,Tablet,120,344,7955.07,23.13,0.19,ABBVIE Ludwigshafen Germany,FALSE,Weight Captured Separately,Freight Included in Commodity Cost,9.84
"79,747",161-ZA-T30,FPQ-7175,SCMS-104070,ASN-12034,South Africa,PMO - US,Direct Drop,DDP,Ocean,03-10-11,3/28/2011,02-Nov-11,06-Dec-11,06-Dec-11,ARV,Adult,CIPLA LIMITED,"Nevirapine 200mg, tablets, 60 Tabs",Nevirapine,Generic,200mg,Tablet,60,"50,326",136886.72,2.72,0.05,"Cipla, Goa, India",TRUE,Weight Captured Separately,Freight Included in Commodity Cost,225.86
"79,785",116-ZA-T30,FPQ-13973,SCMS-238551,ASN-26882,South Africa,PMO - US,Direct Drop,DDP,Truck,4/30/2014,6/25/2014,25-Jun-14,25-Jun-14,25-Jun-14,ARV,Pediatric,PHARMACY DIRECT,"Efavirenz 200mg, capsule, 90 Caps",Efavirenz,Generic,200mg,Capsule,90,20,471.74,23.59,0.26,"Aurobindo Unit III, India",FALSE,Weight Captured Separately,Freight Included in Commodity Cost,0.48
"21,380",110-ZM-T30,FPQ-6263,SCMS-87290,ASN-9000,Zambia,PMO - US,Direct Drop,EXW,Air,09-08-10,10-07-10,17-Dec-10,21-Dec-10,21-Dec-10,HRDT,HIV test,"Orgenics, Ltd","HIV 1/2, Determine Complete HIV Kit, 100 Tests","HIV 1/2, Determine Complete HIV Kit",Determine,,Test kit,100,"2,415",193200.00,80,0.8,Inverness Japan,TRUE,1167,"$19,610.11 ",416.54
"21,390",108-VN-T30,FPQ-14516,SCMS-251671,ASN-29771,Vietnam,PMO - US,Direct Drop,EXW,Air,07-09-14,11/24/2014,15-Jan-15,15-Jan-15,24-Feb-15,ARV,Adult,MYLAN LABORATORIES LTD (FORMERLY MATRIX LABORATORIES),"Abacavir 300mg, tablets, 60 Tabs",Abacavir,Generic,300mg,Tablet,60,"1,200",13308.00,11.09,0.18,Mylan (formerly Matrix) Nashik,TRUE,128,"$1,069.31 ",13.68
"79,791",116-ZA-T30,FPQ-14942,SCMS-259078,ASN-33470,South Africa,PMO - US,Direct Drop,DDP,Truck,09-11-14,10-09-14,24-Jul-15,24-Jul-15,24-Jul-15,ARV,Adult,PHARMACY DIRECT,"Zidovudine 300mg, tablets, 60 Tabs",Zidovudine,Generic,300mg,Tablet,60,14,270.58,19.33,0.32,"Aurobindo Unit III, India",FALSE,Weight Captured Separately,Freight Included in Commodity Cost,0.28
"21,414",114-UG-T30,FPQ-12477,SCMS-198541,ASN-22494,Uganda,PMO - US,Direct Drop,EXW,Air,07-08-13,09-10-13,16-Nov-13,16-Nov-13,21-Nov-13,ARV,Adult,CIPLA LIMITED,"Lamivudine/Nevirapine/Zidovudine 150/200/300mg, tablets, 60 Tabs",Lamivudine/Nevirapine/Zidovudine,Generic,150/300/200mg,Tablet - FDC,60,"60,929",493524.90,8.1,0.13,"Cipla, Goa, India",TRUE,8638,"$30,764.18 ",610.49
"79,910",116-ZA-T30,FPQ-12522,SCMS-199283,ASN-27980,South Africa,PMO - US,Direct Drop,DDP,Truck,07-11-13,8/27/2014,27-Aug-14,27-Aug-14,27-Aug-14,ARV,Adult,S. BUYS WHOLESALER,"Zidovudine 300mg, tablets, 60 Tabs",Zidovudine,Generic,300mg,Tablet,60,10,278.26,27.83,0.46,"Aurobindo Unit III, India",FALSE,Weight Captured Separately,Freight Included in Commodity Cost,0.34
"79,955",111-MZ-T30,FPQ-15221,SCMS-270120,ASN-32420,Mozambique,PMO - US,Direct Drop,CIP,Air,10/28/2014,12/19/2014,09-Jun-15,09-Jun-15,16-Jul-15,ARV,Adult,MERCK SHARP & DOHME IDEA GMBH (FORMALLY MERCK SHARP & DOHME B.V.),"Raltegravir 400mg [Isentress], tablets, 60 Tabs",Raltegravir,Isentress,400mg,Tablet,60,162,8991.00,55.5,0.92,"MSD, Haarlem, NL",FALSE,Weight Captured Separately,Freight Included in Commodity Cost,10.58
"21,480",108-VN-T30,FPQ-13976,SCMS-236060,ASN-27813,Vietnam,PMO - US,Direct Drop,EXW,Air,04-08-14,4/30/2014,22-Sep-14,15-Sep-14,17-Sep-14,ARV,Adult,HETERO LABS LIMITED,"Efavirenz/Lamivudine/Tenofovir Disoproxil Fumarate 600/300/300mg, tablets, 30 Tabs",Efavirenz/Lamivudine/Tenofovir Disoproxil Fumarate,Generic,600/300/300mg,Tablet - FDC,30,"14,780",155190.00,10.5,0.35,Hetero Unit III Hyderabad IN,TRUE,1671,"$2,718.03 ",159.54
"21,491",114-UG-T30,FPQ-11098,SCMS-171680,ASN-18883,Uganda,PMO - US,Direct Drop,EXW,Air,12/13/2012,01-02-13,29-Apr-13,29-Apr-13,29-Apr-13,HRDT,HIV test,"Orgenics, Ltd","HIV 1/2, Determine Complete HIV Kit, 100 Tests","HIV 1/2, Determine Complete HIV Kit",Determine,,Test kit,100,"2,957",236560.00,80,0.8,"Alere Medical Co., Ltd.",TRUE,1313,"$31,917.19 ",292.62
"21,493",102-BI-T30,FPQ-12580,SCMS-199580,ASN-21349,Burundi,PMO - US,Direct Drop,EXW,Air,07-09-13,7/31/2013,20-Sep-13,20-Sep-13,20-Sep-13,HRDT,HIV test,"CHEMBIO DIAGNOSTIC SYSTEMS, INC.","HIV 1/2, Stat-Pak Dipstick Assay Kit, 30 Tests","HIV 1/2, Stat-Pak Dipstick Assay Kit",Stat-Pak,,Test kit,30,"1,249",34472.40,27.6,0.92,Chembio Diagnostics Sys. Inc.,TRUE,145,"$1,682.15 ",42.64
"80,002",106-HT-T30,FPQ-12590,SCMS-210420,ASN-23851,Haiti,PMO - US,Direct Drop,CIP,Air,8/21/2013,10/22/2013,12-Feb-14,12-Feb-14,14-Feb-14,ARV,Adult,MERCK SHARP & DOHME IDEA GMBH (FORMALLY MERCK SHARP & DOHME B.V.),"Raltegravir 400mg [Isentress], tablets, 60 Tabs",Raltegravir,Isentress,400mg,Tablet,60,17,943.50,55.5,0.92,"MSD, Haarlem, NL",TRUE,Weight Captured Separately,Freight Included in Commodity Cost,1.17
"21,536",110-PK-T30,FPQ-9896,SCMS-149790,ASN-23519,Pakistan,PMO - US,Direct Drop,EXW,Air,5/18/2012,07-09-12,17-Mar-14,17-Mar-14,17-Mar-14,HRDT,HIV test,INVERNESS MEDICAL INNOVATIONS HONG KONG LTD,"HIV 1/2, Determine Complete HIV Kit, 100 Tests","HIV 1/2, Determine Complete HIV Kit",Determine,,Test kit,100,"4,484",358720.00,80,0.8,"Alere Medical Co., Ltd.",TRUE,1744,"$19,489.83 ",502.93
"80,019",116-ZA-T30,FPQ-5535,SCMS-71491,ASN-7427,South Africa,PMO - US,Direct Drop,DDP,Truck,4/19/2010,4/21/2010,11-Jun-10,11-Jun-10,11-Jun-10,ARV,Pediatric,S. BUYS WHOLESALER,"Ritonavir 80mg/ml [Norvir], oral solution, cool, Bottle, 90 ml",Ritonavir,Norvir,80mg/ml,Oral solution,90,2,28.33,14.16,0.16,ABBVIE (Abbott) France,TRUE,Weight Captured Separately,Freight Included in Commodity Cost,0.06
"21,556",108-VN-T30,FPQ-11418,SCMS-176180,ASN-19098,Vietnam,PMO - US,Direct Drop,EXW,Air,1/29/2013,02-05-13,22-May-13,22-May-13,22-May-13,ARV,Pediatric,Aurobindo Pharma Limited,"Nevirapine 10mg/ml, oral suspension w/syringe, Bottle, 240 ml",Nevirapine,Generic,10mg/ml,Oral suspension,240,837,1548.45,1.85,0.01,"Aurobindo Unit III, India",TRUE,526,"$6,368.02 ",1.92
"21,557",103-ZW-T30,FPQ-9905,SCMS-149110,ASN-18802,Zimbabwe,PMO - US,Direct Drop,FCA,Air,5/29/2012,7/18/2012,25-Apr-13,25-Apr-13,25-Apr-13,ARV,Pediatric,ABBVIE LOGISTICS (FORMERLY ABBOTT LOGISTICS BV),"Lopinavir/Ritonavir 80/20mg/ml [Kaletra], oral solution, cool, Bottle 5 x 60 ml",Lopinavir/Ritonavir,Kaletra,80/20mg/ml,Oral solution,300,846,26073.72,30.82,0.1,ABBVIE (Abbott) Logis. UK,TRUE,798,"$9,299.26 ",36.56
"21,563",109-TZ-T30,FPQ-13927,SCMS-233190,ASN-25567,Tanzania,PMO - US,Direct Drop,EXW,Ocean,3/21/2014,3/31/2014,27-May-14,27-May-14,12-Jun-14,ARV,Pediatric,MYLAN LABORATORIES LTD (FORMERLY MATRIX LABORATORIES),"Lamivudine/Nevirapine/Zidovudine 30/50/60mg, dispersible tablets, 60 Tabs",Lamivudine/Nevirapine/Zidovudine,Generic,30/50/60mg,Chewable/dispersible tablet - FDC,60,"115,000",414000.00,3.6,0.06,Mylan (formerly Matrix) Nashik,TRUE,10504,"$28,270.78 ",425.59
"21,568",104-CI-T30,FPQ-7325,SCMS-106580,ASN-11773,Côte d'Ivoire,PMO - US,Direct Drop,EXW,Air,03-09-11,05-05-11,12-Sep-11,12-Sep-11,12-Sep-11,HRDT,HIV test,"Standard Diagnostics, Inc.","HIV 1/2, Bioline 3.0 Kit, Lancets, Capillary pipets, Alcohol swabs included, 25 Tests","HIV 1/2, Bioline 3.0 Kit, Lancets, Capillary pipets, Alcohol swabs included",Bioline,,Test kit,25,"1,209",24180.00,20,0.8,"Standard Diagnostics, Korea",TRUE,403,"$5,639.42 ",39.9
"80,138",116-ZA-T30,FPQ-5535,SCMS-71370,ASN-7373,South Africa,PMO - US,Direct Drop,DDP,Truck,4/19/2010,4/21/2010,31-May-10,31-May-10,31-May-10,ARV,Adult,S. BUYS WHOLESALER,"Didanosine EC 400mg [Videx EC], delayed-release capsules, Blister 3 x 10 Caps",Didanosine EC,Videx EC,400mg,Delayed-release capsules - blister,30,140,4039.16,28.85,0.96,"BMS Meymac, France",FALSE,Weight Captured Separately,Freight Included in Commodity Cost,8.71
"21,576",108-VN-T30,FPQ-14516,SCMS-249140,ASN-29592,Vietnam,PMO - US,Direct Drop,FCA,Air,07-09-14,08-11-14,16-Jan-15,16-Jan-15,17-Jan-15,ARV,Adult,ABBVIE LOGISTICS (FORMERLY ABBOTT LOGISTICS BV),"Lopinavir/Ritonavir 200/50mg [Aluvia], tablets, 120 Tabs",Lopinavir/Ritonavir,Aluvia,200/50mg,Tablet,120,"5,600",340592.00,60.82,0.51,ABBVIE Ludwigshafen Germany,TRUE,1368,"$4,489.32 ",350.13
"80,216",116-ZA-T30,FPQ-14942,SCMS-259071,ASN-29597,South Africa,PMO - US,Direct Drop,DDP,Truck,09-11-14,11/28/2014,28-Nov-14,28-Nov-14,28-Nov-14,ARV,Adult,PHARMACY DIRECT,"Didanosine 400mg, delayed-release capsules, 30 Caps",Didanosine,Generic,400mg,Delayed-release capsules,30,7,99.53,14.22,0.47,"Aurobindo Unit III, India",FALSE,Weight Captured Separately,Freight Included in Commodity Cost,0.1
"21,606",161-ZA-T30,FPQ-6708,SCMS-93490,ASN-10129,South Africa,PMO - US,Direct Drop,DDP,Ocean,11/26/2010,12/14/2010,04-Apr-11,04-Apr-11,04-Apr-11,ARV,Pediatric,Aurobindo Pharma Limited,"Nevirapine 10mg/ml, oral suspension w/syringe, Bottle, 240 ml",Nevirapine,Generic,10mg/ml,Oral suspension,240,"3,971",8418.52,2.12,0.01,"Aurobindo Unit III, India",TRUE,1472,"$3,524.95 ",13.89
"21,656",110-ZM-T30,FPQ-14151,SCMS-240080,ASN-26468,Zambia,PMO - US,Direct Drop,EXW,Air,4/30/2014,5/21/2014,20-Jul-14,20-Jul-14,01-Aug-14,ARV,Adult,Aurobindo Pharma Limited,"Nevirapine 200mg, tablets, 60 Tabs",Nevirapine,Generic,200mg,Tablet,60,"42,813",96329.25,2.25,0.04,"Aurobindo Unit III, India",TRUE,4369,"$22,508.32 ",99.03
"80,275",116-ZA-T30,FPQ-4054,SCMS-51250,ASN-5056,South Africa,PMO - US,Direct Drop,DDP,Truck,7/29/2009,08-07-09,24-Aug-09,24-Aug-09,24-Aug-09,ARV,Adult,S. BUYS WHOLESALER,"Emtricitabine/Tenofovir Disoproxil Fumarate 200/300mg [Truvada], tablets, 30 Tabs",Emtricitabine/Tenofovir Disoproxil Fumarate,Truvada,300/200mg,Tablet - FDC,30,200,9049.25,45.25,1.51,"Aspen-OSD, Port Elizabeth, SA",FALSE,Weight Captured Separately,Freight Included in Commodity Cost,17.74
"80,473",116-ZA-T30,FPQ-13035,SCMS-215400,ASN-24362,South Africa,PMO - US,Direct Drop,DDP,Truck,10-08-13,12-02-13,05-Feb-14,05-Feb-14,05-Feb-14,ARV,Pediatric,S. BUYS WHOLESALER,"Lopinavir/Ritonavir 80/20mg/ml [Kaletra], oral solution, cool, Bottle 5 x 60 ml",Lopinavir/Ritonavir,Kaletra,80/20mg/ml,Oral solution,300,8,185.00,23.12,0.08,ABBVIE (Abbott) Logis. UK,TRUE,Weight Captured Separately,Freight Included in Commodity Cost,0.23
"21,705",108-VN-T30,FPQ-10811,SCMS-164570,ASN-18408,Vietnam,PMO - US,Direct Drop,EXW,Air,10/15/2012,11-07-12,18-Mar-13,18-Mar-13,18-Mar-13,ARV,Adult,MYLAN LABORATORIES LTD (FORMERLY MATRIX LABORATORIES),"Efavirenz/Lamivudine/Tenofovir Disoproxil Fumarate 600/300/300mg, tablets, 30 Tabs",Efavirenz/Lamivudine/Tenofovir Disoproxil Fumarate,Generic,600/300/300mg,Tablet - FDC,30,"23,389",268739.61,11.49,0.38,Mylan (formerly Matrix) Nashik,TRUE,2741,"$4,802.92 ",332.43
"21,706",901-CM-T30,FPQ-12837,SCMS-204360,ASN-21530,Cameroon,PMO - US,Direct Drop,EXW,Air,8/19/2013,8/23/2013,26-Sep-13,26-Sep-13,26-Sep-13,ARV,Adult,CIPLA LIMITED,"Lamivudine/Zidovudine 150/300mg, tablets, 60 Tabs",Lamivudine/Zidovudine,Generic,150/300mg,Tablet - FDC,60,"47,268",311496.12,6.59,0.11,"Cipla, Goa, India",TRUE,4549,"$36,166.79 ",385.32
"21,742",102-GY-T30,FPQ-6501,SCMS-89530,ASN-8827,Guyana,PMO - US,Direct Drop,EXW,Air,10-08-10,10/27/2010,19-Nov-10,19-Nov-10,19-Nov-10,HRDT,HIV test,"CHEMBIO DIAGNOSTIC SYSTEMS, INC.","HIV 1/2, Stat-Pak HIV, Kit, 20 Tests","HIV 1/2, Stat-Pak HIV, Kit",Stat-Pak,,Test kit,20,40,1080.00,27,1.35,Chembio Diagnostics Sys. Inc.,TRUE,14,$269.98 ,1.78
"21,752",108-VN-T30,FPQ-5317,SCMS-69250,ASN-7661,Vietnam,PMO - US,Direct Drop,EXW,Air,3/22/2010,3/25/2010,13-Aug-10,13-Aug-10,13-Aug-10,ARV,Adult,Aurobindo Pharma Limited,"Didanosine 250mg, delayed-release capsules, 30 Caps",Didanosine,Generic,250mg,Delayed-release capsules,30,252,3276.00,13,0.43,"Aurobindo Unit III, India",TRUE,1553,"$13,320.80 ",7.06
"80,528",116-ZA-T30,FPQ-3596,SCMS-50361,ASN-5449,South Africa,PMO - US,Direct Drop,DDP,Truck,05-07-09,9/22/2009,08-Oct-09,08-Oct-09,08-Oct-09,ARV,Adult,S. BUYS WHOLESALER,"Lamivudine 150mg, tablets, 60 Tabs",Lamivudine,Generic,150mg,Tablet,60,808,8268.79,10.23,0.17,"Aurobindo Unit III, India",TRUE,Weight Captured Separately,Freight Included in Commodity Cost,16.21
"21,795",108-VN-T30,FPQ-4720,SCMS-62480,ASN-6191,Vietnam,PMO - US,Direct Drop,EXW,Air,01-04-09,01-12-10,13-Mar-10,13-Mar-10,13-Mar-10,ARV,Adult,CIPLA LIMITED,"Lamivudine/Nevirapine/Stavudine 150/200/30mg, tablets, 60 Tabs",Lamivudine/Nevirapine/Stavudine,Generic,150/200/30mg,Tablet - FDC,60,"15,040",86329.60,5.74,0.1,"Cipla, Goa, India",TRUE,1481,"$6,390.83 ",186.13
"21,825",114-UG-T30,FPQ-12290,SCMS-192060,ASN-22498,Uganda,PMO - US,Direct Drop,FCA,Air,5/17/2013,6/13/2013,15-Nov-13,15-Nov-13,15-Nov-13,ARV,Adult,ABBVIE LOGISTICS (FORMERLY ABBOTT LOGISTICS BV),"Ritonavir 100mg [Norvir], film coated tablets, 60 Tabs",Ritonavir,Norvir,100mg,Tablet,60,417,2856.45,6.85,0.11,ABBVIE Ludwigshafen Germany,TRUE,65,$887.67 ,3.53
"80,842",116-ZA-T30,FPQ-12522,SCMS-199283,ASN-27978,South Africa,PMO - US,Direct Drop,DDP,Truck,07-11-13,8/27/2014,27-Aug-14,27-Aug-14,27-Aug-14,ARV,Adult,S. BUYS WHOLESALER,"Nevirapine 200mg, tablets, 60 Tabs",Nevirapine,Generic,200mg,Tablet,60,57,1123.94,19.72,0.33,"Aurobindo Unit III, India",FALSE,Weight Captured Separately,Freight Included in Commodity Cost,1.39
"21,843",161-ZA-T30,FPQ-7175,SCMS-103430,ASN-11393,South Africa,PMO - US,Direct Drop,DDP,Ocean,03-10-11,3/24/2011,14-Sep-11,14-Sep-11,14-Sep-11,ARV,Adult,Aurobindo Pharma Limited,"Lamivudine/Zidovudine 150/300mg, tablets, 60 Tabs",Lamivudine/Zidovudine,Generic,150/300mg,Tablet - FDC,60,"50,000",421000.00,8.42,0.14,"Aurobindo Unit III, India",TRUE,4603,"$8,033.13 ",694.65
"21,844",109-TZ-T30,FPQ-14010,SCMS-236760,ASN-25903,Tanzania,PMO - US,Direct Drop,EXW,Air,4/17/2014,4/18/2014,24-Jun-14,24-Jun-14,24-Jun-14,ARV,Pediatric,STRIDES ARCOLAB LIMITED,"Efavirenz 200mg, scored tablets, 90 Tabs",Efavirenz,Generic,200mg,Tablet,90,"9,959",92618.70,9.3,0.1,"Strides, Bangalore, India.",TRUE,630,"$3,416.20 ",95.21
"21,868",108-VN-T30,FPQ-7565,SCMS-107650,ASN-11407,Vietnam,PMO - US,Direct Drop,EXW,Air,4/21/2011,05-02-11,27-Jul-11,27-Jul-11,27-Jul-11,ARV,Adult,MYLAN LABORATORIES LTD (FORMERLY MATRIX LABORATORIES),"Zidovudine 300mg, tablets, 60 Tabs",Zidovudine,Generic,300mg,Tablet,60,"12,000",87000.00,7.25,0.12,Mylan (formerly Matrix) Nashik,TRUE,664,"$6,247.82 ",143.55
"21,897",117-ET-T30,FPQ-9096,SCMS-133340,ASN-15539,Ethiopia,PMO - US,Direct Drop,EXW,Air,01-05-12,1/23/2012,21-Aug-12,21-Aug-12,21-Aug-12,HRDT,HIV test,"Trinity Biotech, Plc","HIV 1/2, Uni-Gold HIV Kit, 20 Tests","HIV 1/2, Uni-Gold HIV Kit",Uni-Gold,,Test kit,20,27,864.00,32,1.6,"Trinity Biotech, Plc",TRUE,10,$512.31 ,1.21
"80,892",116-ZA-T30,FPQ-4054,SCMS-51250,ASN-5056,South Africa,PMO - US,Direct Drop,DDP,Truck,7/29/2009,08-07-09,24-Aug-09,24-Aug-09,24-Aug-09,ARV,Pediatric,S. BUYS WHOLESALER,"Efavirenz 50mg, capsule, 30 Caps",Efavirenz,Generic,50mg,Capsule,30,300,1213.12,4.04,0.13,"Aurobindo Unit III, India",FALSE,Weight Captured Separately,Freight Included in Commodity Cost,2.38
"21,953",103-SS-T30,FPQ-11382,SCMS-173320,ASN-18203,South Sudan,PMO - US,Direct Drop,EXW,Air,01-04-13,1/22/2013,27-Mar-13,27-Mar-13,27-Mar-13,HRDT,HIV test,"Trinity Biotech, Plc","HIV 1/2, Uni-Gold HIV Kit, 20 Tests","HIV 1/2, Uni-Gold HIV Kit",Uni-Gold,,Test kit,20,324,10368.00,32,1.6,"Trinity Biotech, Plc",TRUE,107,"$2,231.97 ",12.83
"80,918",116-ZA-T30,FPQ-3560,SCMS-49642,ASN-5244,South Africa,PMO - US,Direct Drop,DDP,Truck,05-07-09,7/21/2009,19-Nov-09,19-Nov-09,19-Nov-09,ARV,Adult,S. BUYS WHOLESALER,"Didanosine EC 400mg [Videx EC], delayed-release capsules, Blister 3 x 10 Caps",Didanosine EC,Videx EC,400mg,Delayed-release capsules - blister,30,190,1581.34,8.32,0.28,"BMS Meymac, France",FALSE,Weight Captured Separately,Freight Included in Commodity Cost,3.1
"80,924",116-ZA-T30,FPQ-12522,SCMS-199289,ASN-28034,South Africa,PMO - US,Direct Drop,DDP,Truck,07-11-13,8/29/2014,29-Aug-14,29-Aug-14,29-Aug-14,ARV,Adult,S. BUYS WHOLESALER,"Lamivudine/Nevirapine/Stavudine 150/200/30mg, tablets, 60 Tabs",Lamivudine/Nevirapine/Stavudine,Generic,150/200/30mg,Tablet - FDC,60,13,393.18,30.24,0.5,"Cipla, Goa, India",FALSE,Weight Captured Separately,Freight Included in Commodity Cost,0.49
"21,997",106-HT-T30,FPQ-14895,SCMS-258610,ASN-30989,Haiti,PMO - US,Direct Drop,EXW,Ocean,9/24/2014,11/14/2014,25-May-15,25-May-15,26-May-15,ARV,Adult,CIPLA LIMITED,"Efavirenz/Lamivudine/Tenofovir Disoproxil Fumarate 600/300/300mg, tablets, 30 Tabs",Efavirenz/Lamivudine/Tenofovir Disoproxil Fumarate,Generic,600/300/300mg,Tablet - FDC,30,"38,530",394932.50,10.25,0.34,Cipla Ltd A-42 MIDC Mahar. IN,TRUE,5640,"$9,481.92 ",405.99
"22,028",107-RW-T30,FPQ-12518,SCMS-198222,ASN-24716,Rwanda,PMO - US,Direct Drop,EXW,Air,6/21/2013,08-12-13,27-Mar-14,27-Mar-14,27-Mar-14,HRDT,HIV test,"SHANGHAI KEHUA BIOENGINEERING CO.,LTD.  (KHB)","HIV 1/2, SKB Colloidal Gold, Diagnostic Kit, Antibody, 50 Tests","HIV 1/2, Colloidal Gold, Diagnostic Kit, Antibody",Colloidal Gold,,Test kit,1,"2,988",73206.00,24.5,24.5,"KHB Test Kit Facility, Shanghai China",TRUE,1992,"$26,266.34 ",90.56
"80,925",116-ZA-T30,FPQ-14942,SCMS-259079,ASN-33851,South Africa,PMO - US,Direct Drop,DDP,Truck,09-11-14,10-09-14,24-Aug-15,24-Aug-15,24-Aug-15,ARV,Pediatric,PHARMACY DIRECT,"Abacavir 20mg/ml, oral solution, Bottle, 240 ml",Abacavir,Generic,20mg/ml,Oral solution,240,21,398.98,19,0.08,"Aurobindo Unit III, India",FALSE,Weight Captured Separately,Freight Included in Commodity Cost,0.41
"81,011",101-ZA-T30,FPQ-12932,SCMS-206100,ASN-24547,South Africa,PMO - US,Direct Drop,DDP,Truck,09-07-13,9/19/2013,17-Feb-14,17-Feb-14,17-Feb-14,ARV,Adult,PHARMACY DIRECT,"Tenofovir Disoproxil Fumarate 300mg [Viread], tablets, 30 Tabs",Tenofovir Disoproxil Fumarate,Viread,300mg,Tablet,30,"2,500",47371.85,18.95,0.63,"Aspen-OSD, Port Elizabeth, SA",FALSE,Weight Captured Separately,Freight Included in Commodity Cost,58.6
"22,069",114-UG-T30,FPQ-12477,SCMS-198541,ASN-22496,Uganda,PMO - US,Direct Drop,EXW,Air,07-08-13,09-10-13,16-Nov-13,16-Nov-13,21-Nov-13,ARV,Adult,CIPLA LIMITED,"Efavirenz 600mg, tablets, 30 Tabs",Efavirenz,Generic,600mg,Tablet,30,"50,000",162000.00,3.24,0.11,"Cipla, Goa, India",TRUE,5593,"$19,759.68 ",200.39
"22,073",108-VN-T30,FPQ-10287,SCMS-155710,ASN-17021,Vietnam,PMO - US,Direct Drop,FCA,Air,7/25/2012,8/14/2012,21-Dec-12,21-Dec-12,21-Dec-12,ARV,Adult,ABBVIE LOGISTICS (FORMERLY ABBOTT LOGISTICS BV),"Lopinavir/Ritonavir 200/50mg [Aluvia], tablets, 120 Tabs",Lopinavir/Ritonavir,Aluvia,200/50mg,Tablet,120,"5,188",315534.16,60.82,0.51,ABBVIE Ludwigshafen Germany,TRUE,1138,"$3,622.58 ",442.38
"22,076",111-MZ-T30,FPQ-7064,SCMS-98450,ASN-12214,Mozambique,PMO - US,Direct Drop,FCA,Air,1/21/2011,02-02-11,08-Nov-11,08-Nov-11,08-Nov-11,ARV,Adult,ABBVIE LOGISTICS (FORMERLY ABBOTT LOGISTICS BV),"Ritonavir 100mg [Norvir], film coated tablets, 60 Tabs",Ritonavir,Norvir,100mg,Tablet,60,"2,464",16878.40,6.85,0.11,ABBVIE Ludwigshafen Germany,TRUE,361,"$3,669.84 ",27.85
"22,079",161-ZA-T30,FPQ-6262,SCMS-83820,ASN-9484,South Africa,PMO - US,Direct Drop,DDP,Ocean,8/31/2010,9/24/2010,10-Mar-11,04-Mar-11,04-Mar-11,ARV,Adult,Aurobindo Pharma Limited,"Efavirenz 600mg, tablets, 30 Tabs",Efavirenz,Generic,600mg,Tablet,30,"63,967",289770.51,4.53,0.15,"Aurobindo Unit III, India",TRUE,5491,"$15,331.49 ",624.75
"22,091",105-DO-T30,FPQ-11295,SCMS-172501,ASN-22113,Dominican Republic,PMO - US,Direct Drop,EXW,Air,12/17/2012,1/15/2013,29-Oct-13,29-Oct-13,01-Nov-13,HRDT,HIV test,"Orgenics, Ltd","HIV 1/2, Determine Complete HIV Kit, 100 Tests","HIV 1/2, Determine Complete HIV Kit",Determine,,Test kit,100,"1,775",163300.00,92,0.92,"Alere Medical Co., Ltd.",TRUE,721,"$9,165.29 ",202
"22,116",133-NG-T30,FPQ-10349,SCMS-155310,ASN-16603,Nigeria,PMO - US,Direct Drop,EXW,Air,7/17/2012,08-10-12,08-Oct-12,08-Oct-12,08-Oct-12,HRDT,HIV test,"CHEMBIO DIAGNOSTIC SYSTEMS, INC.","HIV 1/2, Stat-Pak HIV, Kit, 20 Tests","HIV 1/2, Stat-Pak HIV, Kit",Stat-Pak,,Test kit,20,"3,401",98629.00,29,1.45,Chembio Diagnostics Sys. Inc.,TRUE,972,"$6,418.11 ",138.28
"22,160",106-HT-T30,FPQ-14083,SCMS-240201,ASN-27545,Haiti,PMO - US,Direct Drop,EXW,Ocean,05-11-14,06-02-14,20-Oct-14,20-Oct-14,06-Nov-14,ARV,Adult,MYLAN LABORATORIES LTD (FORMERLY MATRIX LABORATORIES),"Efavirenz/Lamivudine/Tenofovir Disoproxil Fumarate 600/300/300mg, tablets, 30 Tabs",Efavirenz/Lamivudine/Tenofovir Disoproxil Fumarate,Generic,600/300/300mg,Tablet - FDC,30,"46,500",499410.00,10.74,0.36,Mylan (formerly Matrix) Nashik,TRUE,5342,"$9,195.61 ",513.39
"81,061",116-ZA-T30,FPQ-13973,SCMS-238554,ASN-28626,South Africa,PMO - US,Direct Drop,DDP,Truck,4/30/2014,10-03-14,03-Oct-14,03-Oct-14,03-Oct-14,ARV,Adult,PHARMACY DIRECT,"Saquinavir 200mg [Invirase], capsules, 270 Caps",Saquinavir,Invirase,200mg,Capsule,270,30,2304.67,76.82,0.28,Roche Basel,FALSE,Weight Captured Separately,Freight Included in Commodity Cost,2.37
"22,186",108-VN-T30,FPQ-3896,SCMS-48260,ASN-5132,Vietnam,PMO - US,Direct Drop,EXW,Air,6/25/2009,6/26/2009,23-Oct-09,23-Oct-09,23-Oct-09,ARV,Adult,Aurobindo Pharma Limited,"Lamivudine/Zidovudine 150/300mg, tablets, 60 Tabs",Lamivudine/Zidovudine,Generic,150/300mg,Tablet - FDC,60,"1,008",8678.88,8.61,0.14,"Aurobindo Unit III, India",TRUE,1015,"$3,796.95 ",17.01
"81,200",116-ZA-T30,FPQ-5630,SCMS-72760,ASN-7111,South Africa,PMO - US,Direct Drop,DDP,Truck,4/30/2010,05-05-10,12-May-10,12-May-10,12-May-10,ARV,Adult,S. BUYS WHOLESALER,"Abacavir 300mg [Ziagen], tablets, Blister 6 x 10 Tabs",Abacavir,Ziagen,300mg,Tablet - blister,60,200,7781.51,38.91,0.65,GSK Ware (UK),FALSE,Weight Captured Separately,Freight Included in Commodity Cost,16.78
"22,196",108-VN-T30,FPQ-13976,SCMS-236100,ASN-28777,Vietnam,PMO - US,Direct Drop,EXW,Air,04-08-14,4/30/2014,26-Nov-14,26-Nov-14,26-Nov-14,ARV,Adult,MICRO LABS LIMITED,"Efavirenz 600mg, tablets, 30 Tabs",Efavirenz,Generic,600mg,Tablet,30,"21,000",62580.00,2.98,0.1,"Micro labs, Verna, Goa, India",TRUE,3244,"$6,195.84 ",64.33
"81,252",102-KE-T30,FPQ-9126,SCMS-134000,ASN-13847,Kenya,PMO - US,Direct Drop,DAP,Air,01-10-12,1/18/2012,06-Feb-12,06-Feb-12,06-Feb-12,HRDT,HIV test,MEDMIRA EAST AFRICA LTD.,"HIV, Reveal G3 Rapid HIV-1 Antibody Test, 30 Tests","HIV, Reveal G3 Rapid HIV-1 Antibody Test",Reveal,,Test kit,30,50,2550.00,51,1.7,MedMira Inc.,TRUE,Weight Captured Separately,Freight Included in Commodity Cost,3.58
"22,268",101-CD-T30,FPQ-13555,SCMS-234290,ASN-26632,"Congo, DRC",PMO - US,Direct Drop,EXW,Air,3/19/2014,05-05-14,22-Aug-14,22-Aug-14,22-Aug-14,ARV,Pediatric,CIPLA LIMITED,"Lamivudine/Zidovudine 30/60mg, tablets, 60 Tabs",Lamivudine/Zidovudine,Generic,30/60mg,Tablet - FDC,60,150,322.50,2.15,0.04,"Cipla, Goa, India",TRUE,25,"$1,765.03 ",0.33
"22,275",161-ZA-T30,FPQ-5648,SCMS-75940,ASN-8443,South Africa,PMO - US,Direct Drop,DDP,Ocean,06-02-10,6/17/2010,17-Nov-10,17-Nov-10,17-Nov-10,ARV,Adult,STRIDES ARCOLAB LIMITED,"Nevirapine 200mg, tablets, 60 Tabs",Nevirapine,Generic,200mg,Tablet,60,"100,000",282000.00,2.82,0.05,"Strides, Bangalore, India.",TRUE,6297,"$7,526.14 ",607.99
"81,253",116-ZA-T30,FPQ-14942,SCMS-259077,ASN-33477,South Africa,PMO - US,Direct Drop,DDP,Truck,09-11-14,10-09-14,24-Jul-15,24-Jul-15,24-Jul-15,ARV,Pediatric,PHARMACY DIRECT,"Abacavir 20mg/ml, oral solution, Bottle, 240 ml",Abacavir,Generic,20mg/ml,Oral solution,240,8,141.69,17.71,0.07,"Aurobindo Unit III, India",FALSE,Weight Captured Separately,Freight Included in Commodity Cost,0.15
"81,352",116-ZA-T30,FPQ-3560,SCMS-49670,ASN-5049,South Africa,PMO - US,Direct Drop,DDP,Truck,05-07-09,7/21/2009,12-Aug-09,12-Aug-09,12-Aug-09,ARV,Pediatric,S. BUYS WHOLESALER,"Lopinavir/Ritonavir 80/20mg/ml [Kaletra], oral solution, cool, Bottle 5 x 60 ml",Lopinavir/Ritonavir,Kaletra,80/20mg/ml,Oral solution,300,540,23535.60,43.58,0.15,ABBVIE (Abbott) Logis. UK,TRUE,Weight Captured Separately,Freight Included in Commodity Cost,46.13
"22,290",110-ZM-T30,FPQ-12252,SCMS-189240,ASN-20481,Zambia,PMO - US,Direct Drop,EXW,Air,05-02-13,5/22/2013,05-Aug-13,09-Aug-13,09-Aug-13,HRDT,HIV test,"Orgenics, Ltd","HIV 1/2, Determine Complete HIV Kit, 100 Tests","HIV 1/2, Determine Complete HIV Kit",Determine,,Test kit,100,"3,038",243040.00,80,0.8,"Alere Medical Co., Ltd.",TRUE,1259,"$19,517.12 ",300.64
"22,295",161-ZA-T30,FPQ-6262,SCMS-83820,ASN-9487,South Africa,PMO - US,Direct Drop,DDP,Ocean,8/31/2010,9/24/2010,10-Mar-11,04-Mar-11,04-Mar-11,ARV,Adult,Aurobindo Pharma Limited,"Efavirenz 600mg, tablets, 30 Tabs",Efavirenz,Generic,600mg,Tablet,30,"108,129",489824.37,4.53,0.15,"Aurobindo Unit III, India",TRUE,9280,"$15,331.51 ","1,056.06"
"22,301",108-VN-T30,FPQ-10287,SCMS-156280,ASN-17513,Vietnam,PMO - US,Direct Drop,EXW,Air,7/25/2012,8/14/2012,28-Dec-12,28-Dec-12,28-Dec-12,ARV,Adult,MYLAN LABORATORIES LTD (FORMERLY MATRIX LABORATORIES),"Efavirenz/Lamivudine/Tenofovir Disoproxil Fumarate 600/300/300mg, tablets, 30 Tabs",Efavirenz/Lamivudine/Tenofovir Disoproxil Fumarate,Generic,600/300/300mg,Tablet - FDC,30,"23,251",278779.49,11.99,0.4,Mylan (formerly Matrix) Nashik,TRUE,2641,"$4,503.42 ",390.85
"81,361",116-ZA-T30,FPQ-3560,SCMS-49670,ASN-5050,South Africa,PMO - US,Direct Drop,DDP,Truck,05-07-09,7/21/2009,12-Aug-09,14-Aug-09,14-Aug-09,ARV,Pediatric,S. BUYS WHOLESALER,"Lopinavir/Ritonavir 80/20mg/ml [Kaletra], oral solution, cool, Bottle 5 x 60 ml",Lopinavir/Ritonavir,Kaletra,80/20mg/ml,Oral solution,300,710,30944.95,43.58,0.15,ABBVIE (Abbott) Logis. UK,TRUE,Weight Captured Separately,Freight Included in Commodity Cost,60.65
"81,454",202-GT-T30,FPQ-6944,SCMS-98041,ASN-14350,Guatemala,PMO - US,Direct Drop,DDU,Air,1/17/2011,1/25/2011,21-May-12,21-May-12,21-May-12,ARV,Pediatric,IDIS LIMITED,"Didanosine 25mg [Videx], chewable tablets, 60 Tabs",Didanosine,Videx,25mg,Chewable/dispersible tablet,60,228,10401.36,45.62,0.76,Bristol-Myers Squibb Anagni IT,FALSE,Weight Captured Separately,Freight Included in Commodity Cost,17.16
"22,328",161-ZA-T30,FPQ-6262,SCMS-83730,ASN-10249,South Africa,PMO - US,Direct Drop,DDP,Ocean,8/31/2010,9/24/2010,03-May-11,03-May-11,03-May-11,ARV,Pediatric,Aurobindo Pharma Limited,"Efavirenz 200mg, capsule, 90 Caps",Efavirenz,Generic,200mg,Capsule,90,"22,643",225977.14,9.98,0.11,"Aurobindo Unit III, India",TRUE,3000,"$4,573.21 ",487.21
"22,356",151-NG-T30,FPQ-11025,SCMS-169180,ASN-18584,Nigeria,PMO - US,Direct Drop,EXW,Air,11/15/2012,12/18/2012,14-Mar-13,14-Mar-13,14-Mar-13,ARV,Pediatric,ABBVIE LOGISTICS (FORMERLY ABBOTT LOGISTICS BV),"Lopinavir/Ritonavir 100/25mg [Aluvia], tablets, 60 Tabs",Lopinavir/Ritonavir,Generic,100/25mg,Tablet,60,"2,221",13192.74,5.94,0.1,ABBVIE Ludwigshafen Germany,TRUE,252,"$2,969.34 ",16.32
"22,357",107-RW-T30,FPQ-15065,SCMS-263330,ASN-30485,Rwanda,PMO - US,Direct Drop,EXW,Air,10/15/2014,12/18/2014,18-Feb-15,18-Feb-15,19-Feb-15,HRDT,HIV test,"SHANGHAI KEHUA BIOENGINEERING CO.,LTD.  (KHB)","HIV 1/2, SKB Colloidal Gold, Diagnostic Kit, Antibody, 50 Tests","HIV 1/2, Colloidal Gold, Diagnostic Kit, Antibody",Colloidal Gold,,Test kit,1,"4,032",98784.00,24.5,24.5,"KHB Test Kit Facility, Shanghai China",TRUE,2688,"$35,437.38 ",101.55
"22,373",111-MZ-T30,FPQ-11915,SCMS-185210,ASN-20547,Mozambique,PMO - US,Direct Drop,EXW,Air,3/20/2013,04-11-13,13-Aug-13,13-Aug-13,13-Aug-13,ARV,Adult,HETERO LABS LIMITED,"Zidovudine 300mg, tablets, 60 Tabs",Zidovudine,Generic,300mg,Tablet,60,"67,098",369039.00,5.5,0.09,Hetero Unit III Hyderabad IN,TRUE,3957,"$18,263.45 ",456.5
"22,387",161-ZA-T30,FPQ-7175,SCMS-103390,ASN-12170,South Africa,PMO - US,Direct Drop,DDP,Ocean,03-10-11,3/24/2011,10-Oct-11,03-Nov-11,03-Nov-11,ARV,Adult,Aurobindo Pharma Limited,"Efavirenz 600mg, tablets, 30 Tabs",Efavirenz,Generic,600mg,Tablet,30,"64,316",290065.16,4.51,0.15,"Aurobindo Unit III, India",TRUE,5467,"$9,323.30 ",478.61
"22,417",106-HT-T30,FPQ-15038,SCMS-262890,ASN-32716,Haiti,PMO - US,Direct Drop,FCA,Air,10/22/2014,1/30/2015,07-Jul-15,07-Jul-15,07-Jul-15,ARV,Pediatric,ABBVIE LOGISTICS (FORMERLY ABBOTT LOGISTICS BV),"Lopinavir/Ritonavir 100/25mg [Aluvia], tablets, 60 Tabs",Lopinavir/Ritonavir,Generic,100/25mg,Tablet,60,"2,697",16020.18,5.94,0.1,ABBVIE Ludwigshafen Germany,TRUE,1825,"$4,126.90 ",16.47
"22,469",110-ZM-T30,FPQ-4691,SCMS-60710,ASN-6290,Zambia,PMO - US,Direct Drop,EXW,Air,12/16/2009,12/22/2009,18-Mar-10,18-Mar-10,18-Mar-10,HRDT,HIV test,"Orgenics, Ltd","HIV 1/2, Determine Complete HIV Kit, 100 Tests","HIV 1/2, Determine Complete HIV Kit",Determine,,Test kit,100,"2,639",190008.00,72,0.72,Inverness Japan,TRUE,1276,"$20,121.14 ",409.66
"22,477",901-NA-T30,FPQ-14728,SCMS-252640,ASN-28482,Namibia,PMO - US,Direct Drop,EXW,Air,7/30/2014,8/14/2014,22-Oct-14,22-Oct-14,22-Oct-14,ARV,Adult,HETERO LABS LIMITED,"Lamivudine/Tenofovir Disoproxil Fumarate 300/300mg, tablets, 30 Tabs",Lamivudine/Tenofovir Disoproxil Fumarate,Generic,300/300mg,Tablet - FDC,30,"24,672",113984.64,4.62,0.15,Hetero Unit III Hyderabad IN,TRUE,2631,"$12,463.74 ",117.18
"22,511",110-ZM-T30,FPQ-14790,SCMS-253023,ASN-31631,Zambia,PMO - US,Direct Drop,FCA,Air,8/13/2014,8/20/2014,23-Apr-15,23-Apr-15,23-Apr-15,ARV,Pediatric,ABBVIE LOGISTICS (FORMERLY ABBOTT LOGISTICS BV),"Lopinavir/Ritonavir 80/20mg/ml [Kaletra], oral solution, cool, Bottle 5 x 60 ml",Lopinavir/Ritonavir,Kaletra,80/20mg/ml,Oral solution,300,"2,266",69838.12,30.82,0.1,ABBVIE (Abbott) Logis. UK,TRUE,2272,"$13,949.95 ",71.79
"81,581",116-ZA-T30,FPQ-11828,SCMS-183950,ASN-19166,South Africa,South Africa Field Office,Direct Drop,DDP,Truck,3/18/2013,Date Not Captured,16-Apr-13,16-Apr-13,16-Apr-13,ARV,Adult,S. BUYS WHOLESALER,"Stavudine 20mg [Zerit], capsules, 60 Caps",Stavudine,Zerit,20mg,Capsule,60,71,367.73,5.18,0.09,Bristol-Myers Squibb Anagni IT,FALSE,Weight Captured Separately,Freight Included in Commodity Cost,0.45
"22,531",108-VN-T30,FPQ-4265,SCMS-56220,ASN-5683,Vietnam,PMO - US,Direct Drop,EXW,Air,10/20/2009,11-02-09,07-Jan-10,07-Jan-10,07-Jan-10,ARV,Adult,CIPLA LIMITED,"Lamivudine/Nevirapine/Stavudine 150/200/30mg, tablets, 60 Tabs",Lamivudine/Nevirapine/Stavudine,Generic,150/200/30mg,Tablet - FDC,60,"19,600",120540.00,6.15,0.1,"Cipla, Goa, India",TRUE,1926,"$12,423.96 ",236.26
"81,639",116-ZA-T30,FPQ-12522,SCMS-199283,ASN-27976,South Africa,PMO - US,Direct Drop,DDP,Truck,07-11-13,8/27/2014,27-Aug-14,27-Aug-14,27-Aug-14,ARV,Pediatric,S. BUYS WHOLESALER,"Abacavir 20mg/ml, oral solution w/syringe, Bottle, 240 ml",Abacavir,Generic,20mg/ml,Oral solution,240,35,959.72,27.42,0.11,"Aurobindo Unit III, India",FALSE,Weight Captured Separately,Freight Included in Commodity Cost,1.19
"22,600",105-SS-T30,FPQ-11539,SCMS-176930,ASN-19142,South Sudan,PMO - US,Direct Drop,EXW,Air,1/24/2013,2/26/2013,20-Jul-13,20-Jul-13,20-Jul-13,HRDT,HIV test,"Orgenics, Ltd","HIV 1/2, Determine Complete HIV Kit, 100 Tests","HIV 1/2, Determine Complete HIV Kit",Determine,,Test kit,100,250,22250.00,89,0.89,"Alere Medical Co., Ltd.",TRUE,115,"$2,561.61 ",27.52
"22,615",101-CD-T30,FPQ-13555,SCMS-234320,ASN-27483,"Congo, DRC",PMO - US,Direct Drop,EXW,Air,3/19/2014,05-05-14,30-Sep-14,30-Sep-14,29-Oct-14,ARV,Adult,STRIDES ARCOLAB LIMITED,"Lamivudine/Nevirapine/Zidovudine 150/200/300mg, tablets, 60 Tabs",Lamivudine/Nevirapine/Zidovudine,Generic,150/300/200mg,Tablet - FDC,60,980,7947.80,8.11,0.14,"Strides, Bangalore, India.",TRUE,116,"$2,322.08 ",8.17
"22,616",161-ZA-T30,FPQ-7175,SCMS-123590,ASN-13054,South Africa,PMO - US,Direct Drop,DDP,Ocean,03-10-11,9/30/2011,16-Jan-12,16-Jan-12,16-Jan-12,ARV,Adult,Aurobindo Pharma Limited,"Efavirenz 600mg, tablets, 30 Tabs",Efavirenz,Generic,600mg,Tablet,30,"128,620",547921.20,4.26,0.14,"Aurobindo Unit III, India",TRUE,10643,"$7,292.26 ",904.07
"22,620",901-NA-T30,FPQ-14728,SCMS-252640,ASN-28481,Namibia,PMO - US,Direct Drop,EXW,Air,7/30/2014,8/14/2014,22-Oct-14,22-Oct-14,22-Oct-14,ARV,Adult,HETERO LABS LIMITED,"Lamivudine/Tenofovir Disoproxil Fumarate 300/300mg, tablets, 30 Tabs",Lamivudine/Tenofovir Disoproxil Fumarate,Generic,300/300mg,Tablet - FDC,30,"24,096",111323.52,4.62,0.15,Hetero Unit III Hyderabad IN,TRUE,2630,"$12,463.74 ",114.44
"22,658",107-RW-T30,FPQ-8365,SCMS-126490,ASN-14125,Rwanda,PMO - US,Direct Drop,EXW,Air,10/26/2011,11-09-11,30-Mar-12,30-Mar-12,30-Mar-12,ARV,Adult,Aurobindo Pharma Limited,"Didanosine 400mg, delayed-release capsules, 30 Caps",Didanosine,Generic,400mg,Delayed-release capsules,30,150,3000.00,20,0.67,"Aurobindo Unit III, India",TRUE,197,"$5,906.43 ",4.95
"22,661",106-HT-T30,FPQ-13797,SCMS-233970,ASN-27796,Haiti,PMO - US,Direct Drop,EXW,Air,3/20/2014,4/30/2014,14-Oct-14,14-Oct-14,20-Oct-14,ARV,Adult,CIPLA LIMITED,"Lamivudine/Nevirapine/Zidovudine 150/200/300mg, tablets, 60 Tabs",Lamivudine/Nevirapine/Zidovudine,Generic,150/300/200mg,Tablet - FDC,60,"19,835",160663.50,8.1,0.13,"Cipla, Goa, India",TRUE,2866,"$17,036.99 ",165.16
"22,670",133-NG-T30,FPQ-14305,SCMS-240830,ASN-27474,Nigeria,PMO - US,Direct Drop,EXW,Air,5/16/2014,06-02-14,19-Aug-14,05-Sep-14,17-Sep-14,HRDT,HIV test,"Orgenics, Ltd","HIV 1/2, Determine Complete HIV Kit, 100 Tests","HIV 1/2, Determine Complete HIV Kit",Determine,,Test kit,100,"4,177",371753.00,89,0.89,"Alere Medical Co., Ltd.",TRUE,2755,"$25,709.50 ",382.16
"22,675",113-ZW-T30,FPQ-13939,SCMS-234720,ASN-26118,Zimbabwe,PMO - US,Direct Drop,EXW,Air,04-01-14,05-08-14,14-Jun-14,14-Jun-14,16-Jun-14,ARV,Adult,Aurobindo Pharma Limited,"Lamivudine/Tenofovir Disoproxil Fumarate 300/300mg, tablets, 30 Tabs",Lamivudine/Tenofovir Disoproxil Fumarate,Generic,300/300mg,Tablet - FDC,30,"32,760",152334.00,4.65,0.16,"Aurobindo Unit VII, IN",TRUE,3155,"$25,316.94 ",156.6
"22,684",114-UG-T30,FPQ-7268,SCMS-104120,ASN-11009,Uganda,PMO - US,Direct Drop,DDP,Air,03-11-11,3/25/2011,31-May-11,31-May-11,31-May-11,ARV,Adult,ASPEN PHARMACARE,"Darunavir 300mg [Prezista], tablets, 120 Tabs",Darunavir,Prezista,300mg,Tablet,120,259,24123.26,93.14,0.78,"Aspen-OSD, Port Elizabeth, SA",TRUE,43,$466 ,39.8
"22,698",105-GY-T30,FPQ-3837,SCMS-47960,ASN-4606,Guyana,PMO - US,Direct Drop,EXW,Air,06-08-09,6/29/2009,17-Aug-09,17-Aug-09,17-Aug-09,ARV,Adult,"PUETRO RICO PHARMACEUTICAL, INC.","Emtricitabine/Tenofovir Disoproxil Fumarate 200/300mg [Truvada], tablets, 30 Tabs",Emtricitabine/Tenofovir Disoproxil Fumarate,Truvada,300/200mg,Tablet - FDC,30,"4,900",147931.00,30.19,1.01,Gilead(Nycomed) Oranienburg DE,TRUE,390,"$2,748.16 ",289.94
"22,722",102-SD-T30,FPQ-7321,SCMS-107780,ASN-11002,Sudan,PMO - US,Direct Drop,EXW,Air,3/29/2011,05-02-11,01-Jul-11,01-Jul-11,01-Jul-11,HRDT,HIV test,"Trinity Biotech, Plc","HIV 1/2, Uni-Gold HIV Kit, 20 Tests","HIV 1/2, Uni-Gold HIV Kit",Uni-Gold,,Test kit,20,207,6624.00,32,1.6,"Trinity Biotech, Plc",TRUE,71,"$1,626.67 ",10.93
"22,726",153-NA-T30,FPQ-8072,SCMS-117210,ASN-12115,Namibia,PMO - US,Direct Drop,EXW,Air,7/22/2011,08-03-11,20-Sep-11,20-Sep-11,20-Sep-11,HRDT,HIV test,"Orgenics, Ltd","HIV 1/2, Determine HIV Kit, without Lancets, 100 Tests","HIV 1/2, Determine HIV Kit, without Lancets",Determine,,Test kit,100,150,11655.00,77.7,0.78,Inverness Japan,TRUE,36,$859.18 ,19.23
"22,728",108-VN-T30,FPQ-4265,SCMS-56320,ASN-6060,Vietnam,PMO - US,Direct Drop,EXW,Air,10/20/2009,11-03-09,10-Mar-10,10-Mar-10,10-Mar-10,ARV,Adult,MYLAN LABORATORIES LTD (FORMERLY MATRIX LABORATORIES),"Efavirenz 600mg, tablets, 30 Tabs",Efavirenz,Generic,600mg,Tablet,30,"30,912",200928.00,6.5,0.22,Mylan (formerly Matrix) Nashik,TRUE,2405,"$11,448.01 ",393.82
"81,651",104-CI-T30,FPQ-13602,SCMS-228030,ASN-26891,Côte d'Ivoire,PMO - US,Direct Drop,EXW,Air,1/22/2014,2/27/2014,17-Jul-14,17-Jul-14,17-Jul-14,HRDT,HIV test,"CHEMBIO DIAGNOSTIC SYSTEMS, INC.","HIV 1/2, Stat-Pak HIV, Kit, 20 Tests","HIV 1/2, Stat-Pak HIV, Kit",Stat-Pak,,Test kit,20,600,18600.00,31,1.55,Chembio Diagnostics Sys. Inc.,TRUE,172,Freight Included in Commodity Cost,19.12
"22,761",101-CD-T30,FPQ-14584,SCMS-249220,ASN-27933,"Congo, DRC",PMO - US,Direct Drop,EXW,Air,7/16/2014,7/18/2014,10-Nov-14,10-Nov-14,13-Nov-14,ARV,Pediatric,Aurobindo Pharma Limited,"Didanosine 200mg, delayed-release capsules, 30 Caps",Didanosine,Generic,200mg,Delayed-release capsules,30,"1,100",12100.00,11,0.37,"Aurobindo Unit III, India",TRUE,95,"$2,453.16 ",12.44
"22,778",161-ZA-T30,FPQ-6262,SCMS-83820,ASN-9175,South Africa,PMO - US,Direct Drop,DDP,Ocean,8/31/2010,9/24/2010,11-Jan-11,11-Jan-11,11-Jan-11,ARV,Adult,Aurobindo Pharma Limited,"Zidovudine 300mg, tablets, 60 Tabs",Zidovudine,Generic,300mg,Tablet,60,"1,033",7571.89,7.33,0.12,"Aurobindo Unit III, India",TRUE,52,"$4,295.61 ",16.32
"22,799",106-HT-T30,FPQ-9066,SCMS-138570,ASN-14148,Haiti,PMO - US,Direct Drop,EXW,Air,01-06-12,2/24/2012,10-Apr-12,10-Apr-12,10-Apr-12,ARV,Pediatric,Aurobindo Pharma Limited,"Didanosine 125mg, delayed-release capsules, 30 Caps",Didanosine,Generic,125mg,Delayed-release capsules,30,252,2142.00,8.5,0.28,"Aurobindo Unit III, India",TRUE,16,"$1,471.46 ",3
"81,653",116-ZA-T30,FPQ-12522,SCMS-199280,ASN-24433,South Africa,PMO - US,Direct Drop,DDP,Truck,07-11-13,8/13/2013,07-Feb-14,07-Feb-14,07-Feb-14,ARV,Adult,S. BUYS WHOLESALER,"Lopinavir/Ritonavir 200/50mg [Aluvia], tablets, 120 Tabs",Lopinavir/Ritonavir,Aluvia,200/50mg,Tablet,120,57,1468.30,25.76,0.21,ABBVIE Ludwigshafen Germany,FALSE,Weight Captured Separately,Freight Included in Commodity Cost,1.82
"22,815",161-ZA-T30,FPQ-5303,SCMS-68830,ASN-7191,South Africa,PMO - US,Direct Drop,DDP,Air,3/18/2010,3/19/2010,27-Jul-10,27-Jul-10,27-Jul-10,ARV,Adult,STRIDES ARCOLAB LIMITED,"Lamivudine 150mg, tablets, 60 Tabs",Lamivudine,Generic,150mg,Tablet,60,"294,346",756469.22,2.57,0.04,"Strides, Bangalore, India.",TRUE,14550,"$20,706.21 ","1,630.95"
"22,817",107-RW-T30,FPQ-4854,SCMS-63650,ASN-6167,Rwanda,PMO - US,Direct Drop,FCA,Air,01-06-10,1/20/2010,03-Mar-10,03-Mar-10,03-Mar-10,ARV,Adult,Hoffmann-La Roche ltd Basel,"Nelfinavir (as mesilate) 250mg [Viracept], tablets, 270 Tabs",Nelfinavir (as mesilate),Viracept,250mg,Tablet,270,40,5037.72,125.94,0.47,Roche Madrid,TRUE,11,"$1,049.30 ",10.86
"81,739",116-ZA-T30,FPQ-14942,SCMS-259079,ASN-33852,South Africa,PMO - US,Direct Drop,DDP,Truck,09-11-14,10-09-14,24-Aug-15,24-Aug-15,24-Aug-15,ARV,Adult,PHARMACY DIRECT,"Lamivudine/Zidovudine 150/300mg, tablets, 60 Tabs",Lamivudine/Zidovudine,Generic,150/300mg,Tablet - FDC,60,26,597.92,23,0.38,"Aurobindo Unit III, India",FALSE,Weight Captured Separately,Freight Included in Commodity Cost,0.61
"22,855",107-RW-T30,FPQ-10752,SCMS-162530,ASN-18216,Rwanda,PMO - US,Direct Drop,EXW,Ocean,10-03-12,11-09-12,22-Apr-13,22-Apr-13,22-Apr-13,ARV,Adult,MYLAN LABORATORIES LTD (FORMERLY MATRIX LABORATORIES),"Abacavir 300mg, tablets, 60 Tabs",Abacavir,Generic,300mg,Tablet,60,"37,350",438862.50,11.75,0.2,Mylan (formerly Matrix) Nashik,TRUE,3860,"$59,186.46 ",615.29
"81,769",116-ZA-T30,FPQ-12522,SCMS-199289,ASN-28036,South Africa,PMO - US,Direct Drop,DDP,Truck,07-11-13,8/29/2014,29-Aug-14,29-Aug-14,29-Aug-14,ARV,Adult,S. BUYS WHOLESALER,"Emtricitabine/Tenofovir Disoproxil Fumarate 200/300mg, tablets, 30 Tabs",Emtricitabine/Tenofovir Disoproxil Fumarate,Generic,200/300mg,Tablet - FDC,30,302,10065.28,33.33,1.11,"Aurobindo Unit III, India",FALSE,Weight Captured Separately,Freight Included in Commodity Cost,12.45
"81,961",116-ZA-T30,FPQ-11828,SCMS-183950,ASN-19166,South Africa,South Africa Field Office,Direct Drop,DDP,Truck,3/18/2013,Date Not Captured,16-Apr-13,16-Apr-13,16-Apr-13,ARV,Adult,S. BUYS WHOLESALER,"Stavudine 30mg, capsules, 60 Caps",Stavudine,Generic,30mg,Capsule,60,"9,227",37157.67,4.03,0.07,"Aurobindo Unit III, India",FALSE,Weight Captured Separately,Freight Included in Commodity Cost,45.96
"81,971",202-GT-T30,FPQ-6966,SCMS-98620,ASN-10108,Guatemala,PMO - US,Direct Drop,CIP,Air,01-03-11,02-02-11,08-Mar-11,08-Mar-11,08-Mar-11,ARV,Adult,ABBOTT LOGISTICS B.V.,"Lopinavir/Ritonavir 200/50mg [Aluvia], tablets, 120 Tabs",Lopinavir/Ritonavir,Aluvia,200/50mg,Tablet,120,"2,426",203371.58,83.83,0.7,ABBVIE Ludwigshafen Germany,TRUE,Weight Captured Separately,Freight Included in Commodity Cost,335.56
"23,015",133-NG-T30,FPQ-14995,SCMS-260700,ASN-29929,Nigeria,PMO - US,Direct Drop,EXW,Air,9/22/2014,10/29/2014,19-Jan-15,16-Jan-15,22-Jan-15,HRDT,HIV test,"Orgenics, Ltd","HIV 1/2, Determine Complete HIV Kit, 100 Tests","HIV 1/2, Determine Complete HIV Kit",Determine,,Test kit,100,"6,110",543790.00,89,0.89,"Alere Medical Co., Ltd.",TRUE,2474,"$31,305.04 ",559.02
"23,023",153-NA-T30,FPQ-9698,SCMS-144310,ASN-15069,Namibia,PMO - US,Direct Drop,EXW,Air,04-12-12,05-02-12,05-Jul-12,05-Jul-12,05-Jul-12,HRDT,HIV test,"Orgenics, Ltd","HIV 1/2, Determine HIV Kit, without Lancets, 100 Tests","HIV 1/2, Determine HIV Kit, without Lancets",Determine,,Test kit,100,75,5827.50,77.7,0.78,Inverness Japan,TRUE,19,$718.32 ,8.17
"23,024",161-ZA-T30,FPQ-7175,SCMS-103710,ASN-12153,South Africa,PMO - US,Direct Drop,DDP,Ocean,03-10-11,3/23/2011,17-Oct-11,17-Oct-11,17-Oct-11,ARV,Adult,HETERO LABS LIMITED,"Efavirenz 600mg, tablets, 30 Tabs",Efavirenz,Generic,600mg,Tablet,30,"92,500",435675.00,4.71,0.16,Hetero Unit III Hyderabad IN,TRUE,7778,"$20,684.73 ",718.86
"23,050",104-CI-T30,FPQ-9065,SCMS-138120,ASN-15225,Côte d'Ivoire,PMO - US,Direct Drop,FCA,Air,01-04-12,03-08-12,03-Jul-12,03-Jul-12,03-Jul-12,ARV,Adult,ABBVIE LOGISTICS (FORMERLY ABBOTT LOGISTICS BV),"Ritonavir 100mg [Norvir], film coated tablets, 60 Tabs",Ritonavir,Norvir,100mg,Tablet,60,760,5206.00,6.85,0.11,ABBVIE Ludwigshafen Germany,TRUE,99,"$1,462.71 ",7.3
"23,051",109-TZ-T30,FPQ-12540,SCMS-198771,ASN-22835,Tanzania,PMO - US,Direct Drop,EXW,Air,07-03-13,8/27/2013,27-Dec-13,27-Dec-13,27-Dec-13,ARV,Adult,CIPLA LIMITED,"Lamivudine/Nevirapine/Zidovudine 150/200/300mg, tablets, 60 Tabs",Lamivudine/Nevirapine/Zidovudine,Generic,150/300/200mg,Tablet - FDC,60,"16,245",131584.50,8.1,0.13,"Cipla, Goa, India",TRUE,2368,"$11,363.07 ",162.77
"23,070",102-MW-T30,FPQ-11638,SCMS-179341,ASN-21750,Malawi,PMO - US,Direct Drop,EXW,Air,2/22/2013,3/14/2013,02-Oct-13,02-Oct-13,02-Oct-13,HRDT,HIV test,"Trinity Biotech, Plc","HIV 1/2, Uni-Gold HIV Kit, 20 Tests","HIV 1/2, Uni-Gold HIV Kit",Uni-Gold,,Test kit,20,32,1024.00,32,1.6,"Trinity Biotech, Plc",TRUE,17,$703.25 ,1.27
"23,076",105-SS-T30,FPQ-11754,SCMS-181381,ASN-20235,South Sudan,PMO - US,Direct Drop,EXW,Air,2/22/2013,04-01-13,12-Sep-13,12-Sep-13,12-Sep-13,HRDT,HIV test,"Trinity Biotech, Plc","HIV 1/2, Uni-Gold HIV Kit, 20 Tests","HIV 1/2, Uni-Gold HIV Kit",Uni-Gold,,Test kit,20,450,14400.00,32,1.6,"Trinity Biotech, Plc",TRUE,165,"$2,329.14 ",17.81
"81,990",116-ZA-T30,FPQ-12522,SCMS-199283,ASN-27976,South Africa,PMO - US,Direct Drop,DDP,Truck,07-11-13,8/27/2014,27-Aug-14,27-Aug-14,27-Aug-14,ARV,Adult,S. BUYS WHOLESALER,"Emtricitabine/Tenofovir Disoproxil Fumarate 200/300mg, tablets, 30 Tabs",Emtricitabine/Tenofovir Disoproxil Fumarate,Generic,200/300mg,Tablet - FDC,30,16,539.58,33.72,1.12,"Aurobindo Unit III, India",FALSE,Weight Captured Separately,Freight Included in Commodity Cost,0.67
"23,105",108-VN-T30,FPQ-6818,SCMS-98180,ASN-10619,Vietnam,PMO - US,Direct Drop,FCA,Air,1/17/2011,02-09-11,09-May-11,09-May-11,09-May-11,ARV,Adult,ABBVIE LOGISTICS (FORMERLY ABBOTT LOGISTICS BV),"Ritonavir 100mg [Norvir], capsules, cool, 4 x 84 Caps",Ritonavir,Norvir,100mg,Capsule,336,14,2891.14,206.51,0.61,ABBVIE (Abbott) Logis. UK,TRUE,52,"$7,339.84 ",4.77
"82,025",116-ZA-T30,FPQ-14942,SCMS-295800,ASN-33865,South Africa,PMO - US,Direct Drop,DDP,Truck,09-11-14,8/24/2015,24-Aug-15,24-Aug-15,24-Aug-15,ARV,Adult,PHARMACY DIRECT,"Lamivudine 150mg, tablets, 60 Tabs",Lamivudine,Generic,150mg,Tablet,60,98,691.06,7.05,0.12,"Aurobindo Unit III, India",FALSE,Weight Captured Separately,Freight Included in Commodity Cost,0.71
"82,047",116-ZA-T30,FPQ-14942,SCMS-259079,ASN-33851,South Africa,PMO - US,Direct Drop,DDP,Truck,09-11-14,10-09-14,24-Aug-15,24-Aug-15,24-Aug-15,ARV,Adult,PHARMACY DIRECT,"Zidovudine 300mg, tablets, 60 Tabs",Zidovudine,Generic,300mg,Tablet,60,15,289.91,19.33,0.32,"Aurobindo Unit III, India",FALSE,Weight Captured Separately,Freight Included in Commodity Cost,0.3
"23,156",108-VN-T30,FPQ-13524,SCMS-226260,ASN-26928,Vietnam,PMO - US,Direct Drop,EXW,Air,02-06-14,03-10-14,13-Aug-14,30-Jul-14,01-Aug-14,ARV,Adult,HETERO LABS LIMITED,"Efavirenz/Lamivudine/Tenofovir Disoproxil Fumarate 600/300/300mg, tablets, 30 Tabs",Efavirenz/Lamivudine/Tenofovir Disoproxil Fumarate,Generic,600/300/300mg,Tablet - FDC,30,"16,528",173544.00,10.5,0.35,Hetero Unit III Hyderabad IN,TRUE,3283,"$5,173.14 ",178.4
"23,159",108-VN-T30,FPQ-5899,SCMS-77170,ASN-7779,Vietnam,PMO - US,Direct Drop,FCA,Air,6/23/2010,07-01-10,06-Sep-10,06-Sep-10,06-Sep-10,ARV,Adult,ABBVIE LOGISTICS (FORMERLY ABBOTT LOGISTICS BV),"Ritonavir 100mg [Norvir], capsules, cool, 4 x 84 Caps",Ritonavir,Norvir,100mg,Capsule,336,24,7365.12,306.88,0.91,ABBVIE (Abbott) Logis. UK,TRUE,60,"$3,981.97 ",15.88
"23,173",106-HT-T30,FPQ-14895,SCMS-261110,ASN-30364,Haiti,PMO - US,Direct Drop,EXW,Ocean,9/24/2014,11/14/2014,31-Mar-15,31-Mar-15,01-Apr-15,ARV,Adult,MYLAN LABORATORIES LTD (FORMERLY MATRIX LABORATORIES),"Lamivudine/Zidovudine 150/300mg, tablets, 60 Tabs",Lamivudine/Zidovudine,Generic,150/300mg,Tablet - FDC,60,"75,816",492045.84,6.49,0.11,Mylan (formerly Matrix) Nashik,TRUE,6452,"$10,477.63 ",505.82
"82,058",116-ZA-T30,FPQ-4359,SCMS-55000,ASN-5348,South Africa,PMO - US,Direct Drop,DDP,Truck,10-08-09,10/15/2009,21-Oct-09,21-Oct-09,21-Oct-09,ARV,Pediatric,S. BUYS WHOLESALER,"Ritonavir 80mg/ml [Norvir], oral solution, cool, Bottle, 90 ml",Ritonavir,Norvir,80mg/ml,Oral solution,90,6,58.03,9.67,0.11,ABBVIE (Abbott) France,TRUE,Weight Captured Separately,Freight Included in Commodity Cost,0.11
"23,194",106-HT-T30,FPQ-7066,SCMS-100140,ASN-10007,Haiti,PMO - US,Direct Drop,FCA,Air,1/27/2011,2/15/2011,05-Apr-11,05-Apr-11,05-Apr-11,ARV,Pediatric,BRISTOL-MYERS SQUIBB,"Didanosine 25mg [Videx], chewable tablets, 60 Tabs",Didanosine,Videx,25mg,Chewable/dispersible tablet,60,160,1120.00,7,0.12,"BMS Meymac, France",TRUE,43,"$1,082.89 ",1.85
"82,062",116-ZA-T30,FPQ-13214,SCMS-215410,ASN-23875,South Africa,PMO - US,Direct Drop,DDP,Truck,11/14/2013,12-02-13,13-Jan-14,13-Jan-14,13-Jan-14,ARV,Adult,S. BUYS WHOLESALER,"Abacavir 300mg, tablets, 60 Tabs",Abacavir,Generic,300mg,Tablet,60,3,193.74,64.58,1.08,"Aurobindo Unit III, India",FALSE,Weight Captured Separately,Freight Included in Commodity Cost,0.2
"82,069",116-ZA-T30,FPQ-5535,SCMS-71370,ASN-7373,South Africa,PMO - US,Direct Drop,DDP,Truck,4/19/2010,4/21/2010,31-May-10,31-May-10,31-May-10,ARV,Adult,S. BUYS WHOLESALER,"Stavudine 30mg, capsules, 60 Caps",Stavudine,Generic,30mg,Capsule,60,"2,000",9240.04,4.62,0.08,"Aurobindo Unit III, India",FALSE,Weight Captured Separately,Freight Included in Commodity Cost,19.92
"23,224",161-ZA-T30,FPQ-7175,SCMS-103510,ASN-11886,South Africa,PMO - US,Direct Drop,DDP,Ocean,03-10-11,3/24/2011,10-Oct-11,10-Oct-11,10-Oct-11,ARV,Adult,Aurobindo Pharma Limited,"Efavirenz 600mg, tablets, 30 Tabs",Efavirenz,Generic,600mg,Tablet,30,"110,291",497412.41,4.51,0.15,"Aurobindo Unit III, India",TRUE,9375,"$9,951.38 ",820.73
"82,128",116-ZA-T30,FPQ-13973,SCMS-238555,ASN-29257,South Africa,PMO - US,Direct Drop,DDP,Truck,4/30/2014,11-04-14,05-Nov-14,05-Nov-14,05-Nov-14,ARV,Adult,PHARMACY DIRECT,"Nevirapine 200mg, tablets, 60 Tabs",Nevirapine,Generic,200mg,Tablet,60,24,425.93,17.75,0.3,"Aurobindo Unit III, India",FALSE,Weight Captured Separately,Freight Included in Commodity Cost,0.44
"82,256",116-ZA-T30,FPQ-3596,SCMS-50370,ASN-5458,South Africa,PMO - US,Direct Drop,DDP,Truck,05-07-09,9/22/2009,29-Oct-09,27-Oct-09,27-Oct-09,ARV,Adult,S. BUYS WHOLESALER,"Nevirapine 200mg [Viramune], tablets, 60 Tabs",Nevirapine,Viramune,200mg,Tablet,60,"2,400",48739.72,20.31,0.34,"Boehringer Ing., Koropi, GR",FALSE,Weight Captured Separately,Freight Included in Commodity Cost,95.53
"23,280",161-ZA-T30,FPQ-5303,SCMS-68910,ASN-7439,South Africa,PMO - US,Direct Drop,DDP,Air,3/18/2010,3/19/2010,24-Aug-10,24-Aug-10,24-Aug-10,ARV,Adult,Aurobindo Pharma Limited,"Efavirenz 600mg, tablets, 30 Tabs",Efavirenz,Generic,600mg,Tablet,30,"57,600",268992.00,4.67,0.16,"Aurobindo Unit III, India",TRUE,4872,"$5,886.90 ",579.95
"23,283",161-ZA-T30,FPQ-5303,SCMS-68980,ASN-8251,South Africa,PMO - US,Direct Drop,DDP,Air,3/18/2010,3/19/2010,24-Aug-10,19-Nov-10,19-Nov-10,ARV,Adult,Aurobindo Pharma Limited,"Lamivudine 150mg, tablets, 60 Tabs",Lamivudine,Generic,150mg,Tablet,60,"2,004",5070.12,2.53,0.04,"Aurobindo Unit III, India",TRUE,3,"$1,791.41 ",10.93
"23,315",107-RW-T30,FPQ-15654,SCMS-272600,ASN-30399,Rwanda,PMO - US,Direct Drop,EXW,Air,12/23/2014,1/19/2015,17-Feb-15,17-Feb-15,17-Feb-15,ARV,Pediatric,EMCURE PHARMACEUTICALS LTD,"Atazanavir 150mg, capsules, 60 Caps",Atazanavir,Generic,150mg,Capsule,60,912,18240.00,20,0.33,"Emcure Plot No.P-2, I.T-B.T. Park, Phase II, MIDC, Hinjwadi, Pune, India",TRUE,102,"$1,600.98 ",21.47
"23,340",123-NG-T30,FPQ-8755,SCMS-129160,ASN-13338,Nigeria,PMO - US,Direct Drop,EXW,Air,11-11-11,12-09-11,09-Jan-12,09-Jan-12,09-Jan-12,"ANTM-ESGYJK,Y",Malaria,IDA FOUNDATION,"Sulfadoxine/Pyrimethamine 500/25mg, tablets, Blister 10 x 3 Tabs",Sulfadoxine/Pyrimethamine,Generic,500/25mg,Tablet - FDC + blister,30,300,477.00,1.59,0.05,"Micro Labs Ltd. (Brown & Burk), India",TRUE,14,$350.02 ,0.67
"23,365",107-RW-T30,FPQ-3859,SCMS-48872,ASN-6489,Rwanda,PMO - US,Direct Drop,CIP,Air,6/30/2009,07-07-09,15-Apr-10,15-Apr-10,15-Apr-10,ARV,Adult,Aurobindo Pharma Limited,"Didanosine 250mg, delayed-release capsules, 30 Caps",Didanosine,Generic,250mg,Delayed-release capsules,30,558,8174.70,14.65,0.49,"Aurobindo Unit III, India",TRUE,1297,"$23,760.45 ",16.02
"23,370",102-ZW-T30,FPQ-13030,SCMS-210650,ASN-22850,Zimbabwe,PMO - US,Direct Drop,EXW,Air,10-04-13,10/16/2013,21-Jan-14,21-Jan-14,22-Jan-14,ARV,Adult,MYLAN LABORATORIES LTD (FORMERLY MATRIX LABORATORIES),"Abacavir/Lamivudine 600/300mg, tablets, 30 Tabs",Abacavir/Lamivudine,Generic,600/300mg,Tablet - FDC,30,"9,810",132336.90,13.49,0.45,Mylan (formerly Matrix) Nashik,TRUE,962,"$6,773.13 ",163.7
"23,375",106-HT-T30,FPQ-15038,SCMS-263030,ASN-30812,Haiti,PMO - US,Direct Drop,EXW,Air,10/22/2014,12/24/2014,26-Mar-15,26-Mar-15,30-Mar-15,ARV,Adult,HETERO LABS LIMITED,"Lamivudine 150mg, tablets, 60 Tabs",Lamivudine,Generic,150mg,Tablet,60,"3,600",6480.00,1.8,0.03,Hetero Unit III Hyderabad IN,TRUE,216,"$2,612.79 ",6.66
"23,381",100-ZW-T30,FPQ-6716,SCMS-95570,ASN-10269,Zimbabwe,PMO - US,Direct Drop,CIF,Air,12-10-10,01-12-11,10-May-11,10-May-11,10-May-11,HRDT,HIV test,BIOLYTICAL LABORATORIES INC.,"#109440**HIV 1/2, INSTI HIV Antibody Individual POC, 1 Test","HIV 1/2, INSTI HIV Antibody Individual POC, 1 Test",INSTi,,Test kit,1,"7,199",23396.75,3.25,3.25,bioLytical Laboratories,TRUE,369,"$1,014.50 ",38.6
"82,294",111-MZ-T30,FPQ-4471,SO-35500,DN-1651,Mozambique,PMO - US,From RDC,N/A - From RDC,Truck,9/14/2009,N/A - From RDC,19-Apr-10,14-Apr-10,14-Apr-10,ARV,Adult,SCMS from RDC,"Zidovudine 300mg, tablets, 60 Tabs",Zidovudine,Generic,300mg,Tablet,60,"25,020",188400.60,7.53,0.13,Hetero Unit III Hyderabad IN,TRUE,1387,Freight Included in Commodity Cost,369.27
"82,300",151-NG-T30,FPQ-4537,SO-35032,DN-1684,Nigeria,PMO - US,From RDC,N/A - From RDC,Air Charter,11-06-09,N/A - From RDC,19-Apr-10,31-Mar-10,31-Mar-10,ARV,Adult,SCMS from RDC,"Lamivudine 150mg, tablets, 60 Tabs",Lamivudine,Generic,150mg,Tablet,60,342,834.48,2.44,0.04,"Aurobindo Unit III, India",TRUE,17,Freight Included in Commodity Cost,1.8
"23,445",104-CI-T30,FPQ-12806,SCMS-206591,ASN-26596,Côte d'Ivoire,PMO - US,Direct Drop,EXW,Air,08-09-13,02-10-14,30-Jun-14,30-Jun-14,07-Jul-14,ARV,Adult,MYLAN LABORATORIES LTD (FORMERLY MATRIX LABORATORIES),"Atazanavir/Ritonavir 300/100mg, tablets, 30 Tabs",Atazanavir/Ritonavir,Generic,300/100mg,Tablet,30,"2,100",42000.00,20,0.67,Mylan (formerly Matrix) Nashik,TRUE,293,"$3,316.79 ",51.95
"82,301",151-NG-T30,FPQ-4537,SO-35069,DN-1687,Nigeria,PMO - US,From RDC,N/A - From RDC,Air Charter,11-06-09,N/A - From RDC,19-Apr-10,31-Mar-10,31-Mar-10,ARV,Adult,SCMS from RDC,"Lamivudine/Nevirapine/Zidovudine 150/200/300mg, tablets, 60 Tabs",Lamivudine/Nevirapine/Zidovudine,Generic,150/300/200mg,Tablet - FDC,60,"2,121",23797.62,11.22,0.19,"Aurobindo Unit III, India",TRUE,248,Freight Included in Commodity Cost,51.31
"23,466",107-RW-T30,FPQ-3859,SCMS-48890,ASN-6725,Rwanda,PMO - US,Direct Drop,CIP,Air,6/30/2009,7/16/2009,26-Apr-10,26-Apr-10,26-Apr-10,ARV,Adult,Aurobindo Pharma Limited,"Lopinavir/Ritonavir 200/50mg, tablets, 120 Tabs",Lopinavir/Ritonavir,Generic,200/50mg,Tablet,120,"2,240",83686.40,37.36,0.31,"Aurobindo Unit III, India",TRUE,554,"$7,531.78 ",164.03
"23,467",161-ZA-T30,FPQ-7175,SCMS-104070,ASN-11381,South Africa,PMO - US,Direct Drop,DDP,Ocean,03-10-11,3/28/2011,02-Nov-11,02-Nov-11,02-Nov-11,ARV,Adult,CIPLA LIMITED,"Nevirapine 200mg, tablets, 60 Tabs",Nevirapine,Generic,200mg,Tablet,60,"89,674",243913.28,2.72,0.05,"Cipla, Goa, India",TRUE,9667,"$17,703.62 ",402.46
"23,488",105-SS-T30,FPQ-14470,SCMS-245230,ASN-27241,South Sudan,PMO - US,Direct Drop,EXW,Air,6/17/2014,07-01-14,29-Sep-14,29-Sep-14,30-Sep-14,HRDT,HIV test,"Trinity Biotech, Plc","HIV 1/2, Uni-Gold HIV Kit, 20 Tests","HIV 1/2, Uni-Gold HIV Kit",Uni-Gold,,Test kit,20,25,800.00,32,1.6,"Trinity Biotech, Plc",TRUE,175,"$4,011.66 ",0.82
"82,302",151-NG-T30,FPQ-4537,SO-35077,DN-1692,Nigeria,PMO - US,From RDC,N/A - From RDC,Air Charter,11-06-09,N/A - From RDC,19-Apr-10,31-Mar-10,31-Mar-10,ARV,Adult,SCMS from RDC,"Emtricitabine/Tenofovir Disoproxil Fumarate 200/300mg, tablets, 30 Tabs",Emtricitabine/Tenofovir Disoproxil Fumarate,Generic,200/300mg,Tablet - FDC,30,"3,060",35955.00,11.75,0.39,Mylan (formerly Matrix) Nashik,TRUE,247,Freight Included in Commodity Cost,77.52
"23,524",104-CI-T30,FPQ-7654,SCMS-113780,ASN-13752,Côte d'Ivoire,PMO - US,Direct Drop,CIP,Air,05-03-11,07-08-11,20-Feb-12,20-Feb-12,20-Feb-12,ARV,Pediatric,MERCK SHARP & DOHME IDEA GMBH (FORMALLY MERCK SHARP & DOHME B.V.),"Efavirenz 30mg/ml [Stocrin/Sustiva], oral solution, Bottle, 180 ml",Efavirenz,Stocrin/Sustiva,30mg/ml,Oral solution,180,"1,184",20080.64,16.96,0.09,"MSD, Haarlem, NL",TRUE,361,$783.22 ,33.13
"82,303",151-NG-T30,FPQ-4537,SO-35083,DN-1693,Nigeria,PMO - US,From RDC,N/A - From RDC,Air Charter,11-06-09,N/A - From RDC,19-Apr-10,31-Mar-10,31-Mar-10,ARV,Adult,SCMS from RDC,"Lamivudine/Tenofovir Disoproxil Fumarate 300/300mg, tablets, 30 Tabs",Lamivudine/Tenofovir Disoproxil Fumarate,Generic,300/300mg,Tablet - FDC,30,799,7990.00,10,0.33,Mylan (formerly Matrix) Nashik,TRUE,65,Freight Included in Commodity Cost,17.23
"23,573",133-NG-T30,FPQ-7553,SCMS-108720,ASN-11271,Nigeria,PMO - US,Direct Drop,EXW,Air,4/28/2011,5/23/2011,27-Jul-11,27-Jul-11,27-Jul-11,HRDT,HIV test,"Orgenics, Ltd","HIV 1/2, Determine Complete HIV Kit, 100 Tests","HIV 1/2, Determine Complete HIV Kit",Determine,,Test kit,100,"2,687",239143.00,89,0.89,Inverness Japan,TRUE,1277,"$26,014.88 ",394.59
"23,584",114-UG-T30,FPQ-3891,SCMS-52560,ASN-5281,Uganda,PMO - US,Direct Drop,CIP,Air,7/22/2009,9/14/2009,17-Nov-09,17-Nov-09,17-Nov-09,ARV,Adult,MERCK SHARP & DOHME IDEA GMBH (FORMALLY MERCK SHARP & DOHME B.V.),"Indinavir 400mg [Crixivan], capsules, 180 Caps",Indinavir,Crixivan,400mg,Capsule,180,48,2400.00,50,0.28,"MSD, Haarlem, NL",TRUE,11,$48 ,4.7
"82,304",151-NG-T30,FPQ-4537,SO-34910,DN-1709,Nigeria,PMO - US,From RDC,N/A - From RDC,Air Charter,11-06-09,N/A - From RDC,19-Apr-10,31-Mar-10,31-Mar-10,ARV,Adult,SCMS from RDC,"Efavirenz 600mg, tablets, 30 Tabs",Efavirenz,Generic,600mg,Tablet,30,"8,000",41040.00,5.13,0.17,"Aurobindo Unit III, India",TRUE,687,Freight Included in Commodity Cost,88.48
"23,664",108-VN-T30,FPQ-5317,SCMS-69730,ASN-8446,Vietnam,PMO - US,Direct Drop,EXW,Air,3/22/2010,3/29/2010,09-Nov-10,09-Nov-10,09-Nov-10,ARV,Adult,MYLAN LABORATORIES LTD (FORMERLY MATRIX LABORATORIES),"Efavirenz 600mg, tablets, 30 Tabs",Efavirenz,Generic,600mg,Tablet,30,"42,836",184194.80,4.3,0.14,Mylan (formerly Matrix) Nashik,TRUE,3494,"$10,711.06 ",397.12
"82,305",151-NG-T30,FPQ-4537,SO-35054,DN-1716,Nigeria,PMO - US,From RDC,N/A - From RDC,Air Charter,11-06-09,N/A - From RDC,19-Apr-10,31-Mar-10,31-Mar-10,ARV,Adult,SCMS from RDC,"Lamivudine/Zidovudine 150/300mg, tablets, 60 Tabs",Lamivudine/Zidovudine,Generic,150/300mg,Tablet - FDC,60,155,1357.80,8.76,0.15,"Aurobindo Unit III, India",TRUE,14,Freight Included in Commodity Cost,2.93
"23,691",108-VN-T30,FPQ-11418,SCMS-176200,ASN-19695,Vietnam,PMO - US,Direct Drop,EXW,Air,1/29/2013,02-05-13,02-Jul-13,02-Jul-13,02-Jul-13,ARV,Adult,MICRO LABS LIMITED,"Efavirenz 600mg, tablets, 30 Tabs",Efavirenz,Generic,600mg,Tablet,30,"30,118",97281.14,3.23,0.11,"Micro labs, Verna, Goa, India",TRUE,1782,"$9,648.44 ",120.34
"23,718",144-BW-T30,FPQ-4487,SCMS-57522,ASN-6033,Botswana,PMO - US,Direct Drop,EXW,Air,11-02-09,11/13/2009,04-Mar-10,04-Mar-10,04-Mar-10,HRDT,HIV test - Ancillary,"Trinity Biotech, Plc","#109436**HIV 1, Uni-Gold Recombigen HIV Control, Vial 2 x 0.5 ml","HIV 1, Uni-Gold Recombigen HIV Control, Vial 2 x 0.5 ml",Uni-Gold,,Test kit - Ancillary,2,15,465.00,31,15.5,"Trinity Biotech, Plc",TRUE,1,$599.73 ,1
"23,724",161-ZA-T30,FPQ-7400,SCMS-104170,ASN-11477,South Africa,PMO - US,Direct Drop,DDP,Ocean,03-11-11,3/30/2011,23-Sep-11,23-Sep-11,23-Sep-11,ARV,Pediatric,GLAXOSMITHKLINE EXPORT LIMITED,"Abacavir 20mg/ml [Ziagen], oral solution, Bottle, 240 ml",Abacavir,Ziagen,20mg/ml,Oral solution,240,"20,000",185600.00,9.28,0.04,GSK Mississauga (Canada),TRUE,7656,"$9,650.60 ",306.24
"82,306",151-NG-T30,FPQ-4537,SO-35070,DN-1727,Nigeria,PMO - US,From RDC,N/A - From RDC,Air Charter,11-06-09,N/A - From RDC,19-Apr-10,31-Mar-10,31-Mar-10,ARV,Adult,SCMS from RDC,"Emtricitabine/Tenofovir Disoproxil Fumarate 200/300mg, tablets, 30 Tabs",Emtricitabine/Tenofovir Disoproxil Fumarate,Generic,200/300mg,Tablet - FDC,30,"3,598",42276.50,11.75,0.39,Mylan (formerly Matrix) Nashik,TRUE,290,Freight Included in Commodity Cost,91.15
"23,750",109-TZ-T30,FPQ-11919,SCMS-205460,ASN-22365,Tanzania,PMO - US,Direct Drop,EXW,Air,3/25/2013,09-11-13,23-Dec-13,23-Dec-13,03-Jan-14,HRDT,HIV test,"Trinity Biotech, Plc","HIV 1/2, Uni-Gold HIV Kit, 20 Tests","HIV 1/2, Uni-Gold HIV Kit",Uni-Gold,,Test kit,20,3,96.00,32,1.6,"Trinity Biotech, Plc",TRUE,0,"$1,002.35 ",0.12
"24,115",102-KE-T30,FPQ-9127,SCMS-134410,ASN-13751,Kenya,PMO - US,Direct Drop,CIP,Air,1/13/2012,1/19/2012,21-Feb-12,21-Feb-12,21-Feb-12,HRDT,HIV test,EY Laboratories,"HIV 1/2, InstantChek HIV 1+2 Kit, 100 Tests","HIV 1/2, InstantChek HIV 1+2 Kit",InstantCHEK,,Test kit,100,15,1125.00,75,0.75,"EY Laboratories, USA",TRUE,18,$803.60 ,1.58
"23,756",901-NA-T30,FPQ-14689,SCMS-253440,ASN-29096,Namibia,PMO - US,Direct Drop,EXW,Air,7/30/2014,8/29/2014,19-Nov-14,19-Nov-14,03-Dec-14,ARV,Adult,HETERO LABS LIMITED,"Lamivudine/Nevirapine/Zidovudine 150/200/300mg, tablets, 60 Tabs",Lamivudine/Nevirapine/Zidovudine,Generic,150/300/200mg,Tablet - FDC,60,"33,516",277847.64,8.29,0.14,"Hetero, Jadcherla, unit 5, IN",TRUE,4237,"$6,786.64 ",285.63
"23,787",144-BW-T30,FPQ-4167,SCMS-54110,ASN-5951,Botswana,PMO - US,Direct Drop,EXW,Air,09-09-09,9/30/2009,03-Mar-10,03-Mar-10,03-Mar-10,HRDT,HIV test,"Trinity Biotech, Plc","HIV 1/2, Uni-Gold HIV Kit, 20 Tests","HIV 1/2, Uni-Gold HIV Kit",Uni-Gold,,Test kit,20,5,160.00,32,1.6,"Trinity Biotech, Plc",TRUE,3,$603.53 ,0.31
"82,307",151-NG-T30,FPQ-4537,SO-35140,DN-1729,Nigeria,PMO - US,From RDC,N/A - From RDC,Air Charter,11-06-09,N/A - From RDC,19-Apr-10,31-Mar-10,31-Mar-10,ARV,Adult,SCMS from RDC,"Tenofovir Disoproxil Fumarate 300mg, tablets, 30 Tabs",Tenofovir Disoproxil Fumarate,Generic,300mg,Tablet,30,500,4070.00,8.14,0.27,Mylan (formerly Matrix) Nashik,TRUE,28,Freight Included in Commodity Cost,8.77
"23,831",106-HT-T30,FPQ-13494,SCMS-225420,ASN-24982,Haiti,PMO - US,Direct Drop,EXW,Air,1/21/2014,2/19/2014,14-Apr-14,14-Apr-14,16-Apr-14,HRDT,HIV test,"SHANGHAI KEHUA BIOENGINEERING CO.,LTD.  (KHB)","HIV 1/2, SKB Colloidal Gold, Diagnostic Kit, Antibody, 50 Tests","HIV 1/2, Colloidal Gold, Diagnostic Kit, Antibody",Colloidal Gold,,Test kit,1,350,8575.00,24.5,24.5,"KHB Test Kit Facility, Shanghai China",TRUE,240,"$3,126.61 ",8.82
"82,308",151-NG-T30,FPQ-4537,SO-35057,DN-1735,Nigeria,PMO - US,From RDC,N/A - From RDC,Air Charter,11-06-09,N/A - From RDC,19-Apr-10,31-Mar-10,31-Mar-10,ARV,Adult,SCMS from RDC,"Lamivudine/Zidovudine 150/300mg, tablets, 60 Tabs",Lamivudine/Zidovudine,Generic,150/300mg,Tablet - FDC,60,80,700.80,8.76,0.15,"Aurobindo Unit III, India",TRUE,8,Freight Included in Commodity Cost,1.51
"23,866",108-VN-T30,FPQ-3934,SCMS-48730,ASN-4803,Vietnam,PMO - US,Direct Drop,FCA,Air,07-06-09,7/14/2009,15-Sep-09,15-Sep-09,15-Sep-09,ARV,Adult,ABBVIE LOGISTICS (FORMERLY ABBOTT LOGISTICS BV),"Lopinavir/Ritonavir 200/50mg [Aluvia], tablets, 120 Tabs",Lopinavir/Ritonavir,Aluvia,200/50mg,Tablet,120,560,46032.00,82.2,0.68,ABBVIE Ludwigshafen Germany,TRUE,83,$436.86 ,90.22
"29,224",102-SZ-T30,FPQ-9212,SCMS-135090,ASN-14308,Swaziland,PMO - US,Direct Drop,EXW,Air,1/19/2012,02-06-12,31-May-12,31-May-12,31-May-12,HRDT,HIV test,"Trinity Biotech, Plc","HIV 1/2, Uni-Gold HIV Kit, 20 Tests","HIV 1/2, Uni-Gold HIV Kit",Uni-Gold,,Test kit,20,160,5120.00,32,1.6,"Trinity Biotech, Plc",TRUE,59,"$1,099.39 ",7.18
"23,875",104-CI-T30,FPQ-8327,SCMS-124790,ASN-13316,Côte d'Ivoire,PMO - US,Direct Drop,FCA,Ocean,09-08-11,11/18/2011,23-Mar-12,23-Mar-12,23-Mar-12,ARV,Adult,ABBVIE LOGISTICS (FORMERLY ABBOTT LOGISTICS BV),"Lopinavir/Ritonavir 200/50mg [Aluvia], tablets, 120 Tabs",Lopinavir/Ritonavir,Aluvia,200/50mg,Tablet,120,"20,580",634275.60,30.82,0.26,ABBVIE Ludwigshafen Germany,TRUE,5139,"$40,289 ","1,046.55"
"23,904",108-VN-T30,FPQ-4266,SCMS-56250,ASN-6253,Vietnam,PMO - US,Direct Drop,EXW,Air,10/20/2009,11-02-09,20-Mar-10,20-Mar-10,20-Mar-10,ARV,Adult,MYLAN LABORATORIES LTD (FORMERLY MATRIX LABORATORIES),"Zidovudine 300mg, tablets, 60 Tabs",Zidovudine,Generic,300mg,Tablet,60,168,1260.00,7.5,0.12,Mylan (formerly Matrix) Nashik,TRUE,9,"$4,138.11 ",2.47
"23,939",161-ZA-T30,FPQ-7175,SCMS-103370,ASN-12256,South Africa,PMO - US,Direct Drop,DDP,Ocean,03-10-11,3/24/2011,08-Nov-11,08-Nov-11,08-Nov-11,ARV,Adult,Aurobindo Pharma Limited,"Efavirenz 600mg, tablets, 30 Tabs",Efavirenz,Generic,600mg,Tablet,30,"249,500",1125245.00,4.51,0.15,"Aurobindo Unit III, India",TRUE,21205,"$25,129.15 ","1,856.65"
"23,957",108-VN-T30,FPQ-14516,SCMS-249050,ASN-29373,Vietnam,PMO - US,Direct Drop,EXW,Air,07-09-14,08-11-14,17-Dec-14,17-Dec-14,17-Dec-14,ARV,Adult,HETERO LABS LIMITED,"Efavirenz/Lamivudine/Tenofovir Disoproxil Fumarate 600/300/300mg, tablets, 30 Tabs",Efavirenz/Lamivudine/Tenofovir Disoproxil Fumarate,Generic,600/300/300mg,Tablet - FDC,30,"19,200",201600.00,10.5,0.35,Hetero Unit III Hyderabad IN,TRUE,2877,"$4,312.92 ",207.24
"82,309",151-NG-T30,FPQ-4537,SO-34892,DN-1740,Nigeria,PMO - US,From RDC,N/A - From RDC,Air Charter,11-06-09,N/A - From RDC,19-Apr-10,31-Mar-10,31-Mar-10,ARV,Adult,SCMS from RDC,"Nevirapine 200mg, tablets, 60 Tabs",Nevirapine,Generic,200mg,Tablet,60,"18,799",51321.27,2.73,0.05,Hetero Unit III Hyderabad IN,TRUE,1098,Freight Included in Commodity Cost,110.65
"82,310",151-NG-T30,FPQ-4537,SO-35097,DN-1747,Nigeria,PMO - US,From RDC,N/A - From RDC,Air Charter,11-06-09,N/A - From RDC,19-Apr-10,30-Mar-10,30-Mar-10,ARV,Adult,SCMS from RDC,"Zidovudine 300mg, tablets, 60 Tabs",Zidovudine,Generic,300mg,Tablet,60,586,4395.00,7.5,0.12,Mylan (formerly Matrix) Nashik,TRUE,30,Freight Included in Commodity Cost,9.48
"24,018",102-KE-T30,FPQ-3976,SCMS-52792,ASN-5143,Kenya,PMO - US,Direct Drop,EXW,Air,7/20/2009,09-03-09,06-Nov-09,06-Nov-09,06-Nov-09,HRDT,HIV test,"Orgenics, Ltd","HIV 1/2, Determine Complete HIV Kit, 100 Tests","HIV 1/2, Determine Complete HIV Kit",Determine,,Test kit,100,"20,000",1600000.00,80,0.8,Inverness Japan,TRUE,5902,"$52,057.80 ","3,136"
"24,028",133-NG-T30,FPQ-10765,SCMS-162440,ASN-18599,Nigeria,PMO - US,Direct Drop,EXW,Air,10-05-12,10/16/2012,09-Jan-13,20-Mar-13,20-Mar-13,HRDT,HIV test,"Orgenics, Ltd","HIV 1/2, Determine Complete HIV Kit, 100 Tests","HIV 1/2, Determine Complete HIV Kit",Determine,,Test kit,100,"2,874",255786.00,89,0.89,"Alere Medical Co., Ltd.",TRUE,1252,"$26,380.35 ",358.61
"82,323",151-NG-T30,FPQ-4537,SO-36571,DN-1863,Nigeria,PMO - US,From RDC,N/A - From RDC,Air Charter,11-06-09,N/A - From RDC,30-Jun-10,28-Jun-10,28-Jun-10,ARV,Adult,SCMS from RDC,"Lamivudine/Nevirapine/Zidovudine 150/200/300mg, tablets, 60 Tabs",Lamivudine/Nevirapine/Zidovudine,Generic,150/300/200mg,Tablet - FDC,60,"43,050",483021.00,11.22,0.19,"Aurobindo Unit III, India",TRUE,5067,Freight Included in Commodity Cost,"1,041.39"
"24,051",109-TZ-T30,FPQ-4157,SCMS-52776,ASN-5222,Tanzania,PMO - US,Direct Drop,EXW,Air,8/27/2009,09-11-09,24-Dec-09,24-Dec-09,24-Dec-09,HRDT,HIV test,"Standard Diagnostics, Inc.","HIV 1/2, Bioline 3.0 Kit, (no accessories), 30 Tests","HIV 1/2, Bioline 3.0 Kit (no accessories)",Bioline,,Test kit,30,"9,720",233280.00,24,0.8,"Standard Diagnostics, Korea",TRUE,3240,"$36,096.76 ",457.23
"24,053",109-TZ-T30,FPQ-10809,SCMS-162831,ASN-18313,Tanzania,PMO - US,Direct Drop,EXW,Air,10-11-12,10/18/2012,23-Apr-13,23-Apr-13,23-Apr-13,HRDT,HIV test,"Trinity Biotech, Plc","HIV 1/2, Uni-Gold HIV Kit, 20 Tests","HIV 1/2, Uni-Gold HIV Kit",Uni-Gold,,Test kit,20,107,3424.00,32,1.6,"Trinity Biotech, Plc",TRUE,39,"$1,158.73 ",4.24
"24,060",107-RW-T30,FPQ-4047,SCMS-50800,ASN-5455,Rwanda,PMO - US,Direct Drop,CIP,Air,7/28/2009,8/18/2009,23-Nov-09,23-Nov-09,23-Nov-09,ARV,Adult,HETERO LABS LIMITED,"Lamivudine 150mg, tablets, 60 Tabs",Lamivudine,Generic,150mg,Tablet,60,"10,620",27505.80,2.59,0.04,Hetero Unit III Hyderabad IN,TRUE,593,$730.81 ,53.91
"82,324",151-NG-T30,FPQ-4537,SO-36572,DN-1864,Nigeria,PMO - US,From RDC,N/A - From RDC,Air Charter,11-06-09,N/A - From RDC,30-Jun-10,28-Jun-10,28-Jun-10,ARV,Adult,SCMS from RDC,"Lamivudine/Nevirapine/Zidovudine 150/200/300mg, tablets, 60 Tabs",Lamivudine/Nevirapine/Zidovudine,Generic,150/300/200mg,Tablet - FDC,60,"22,571",253246.62,11.22,0.19,"Aurobindo Unit III, India",TRUE,2657,Freight Included in Commodity Cost,546
"24,123",103-ZW-T30,FPQ-13325,SCMS-216230,ASN-26314,Zimbabwe,PMO - US,Direct Drop,FCA,Air,11/26/2013,11/28/2013,24-Jun-14,24-Jun-14,25-Jun-14,ARV,Pediatric,ABBVIE LOGISTICS (FORMERLY ABBOTT LOGISTICS BV),"Lopinavir/Ritonavir 100/25mg [Aluvia], tablets, 60 Tabs",Lopinavir/Ritonavir,Generic,100/25mg,Tablet,60,"9,670",57439.80,5.94,0.1,ABBVIE Ludwigshafen Germany,TRUE,1128,"$13,330.73 ",59.05
"24,129",102-SD-T30,FPQ-8261,SCMS-120442,ASN-12833,Sudan,PMO - US,Direct Drop,EXW,Air,8/29/2011,9/14/2011,06-Jan-12,06-Jan-12,06-Jan-12,HRDT,HIV test,"Orgenics, Ltd","HIV 1/2, Determine Complete HIV Kit, 100 Tests","HIV 1/2, Determine Complete HIV Kit",Determine,,Test kit,100,77,6853.00,89,0.89,"Alere Medical Co., Ltd.",TRUE,36,"$1,712.60 ",11.31
"82,336",151-NG-T30,FPQ-5023,SO-36490,DN-1909,Nigeria,PMO - US,From RDC,N/A - From RDC,Air,02-10-10,N/A - From RDC,15-Jul-10,28-Jun-10,28-Jun-10,ARV,Adult,SCMS from RDC,"Lamivudine 150mg, tablets, 60 Tabs",Lamivudine,Generic,150mg,Tablet,60,"6,570",16030.80,2.44,0.04,"Aurobindo Unit III, India",TRUE,307,Freight Included in Commodity Cost,34.56
"24,187",161-ZA-T30,FPQ-6262,SCMS-83830,ASN-9486,South Africa,PMO - US,Direct Drop,DDP,Ocean,8/31/2010,9/24/2010,01-Feb-11,04-Mar-11,04-Mar-11,ARV,Adult,Aurobindo Pharma Limited,"Efavirenz 600mg, tablets, 30 Tabs",Efavirenz,Generic,600mg,Tablet,30,"116,218",526467.54,4.53,0.15,"Aurobindo Unit III, India",TRUE,12410,"$10,446.37 ","1,135.06"
"24,192",102-KE-T30,FPQ-6406,SCMS-88211,ASN-9549,Kenya,PMO - US,Direct Drop,EXW,Air,9/27/2010,11/22/2010,10-Feb-11,10-Feb-11,10-Feb-11,HRDT,HIV test,"Orgenics, Ltd","HIV 1/2, Determine Complete HIV Kit, 100 Tests","HIV 1/2, Determine Complete HIV Kit",Determine,,Test kit,100,1,89.00,89,0.89,Inverness Japan,TRUE,800,"$8,826 ",0.19
"24,246",117-ET-T30,FPQ-9990,SCMS-148080,ASN-15260,Ethiopia,PMO - US,Direct Drop,FCA,Air,5/24/2012,06-01-12,27-Jun-12,27-Jun-12,27-Jun-12,ARV,Pediatric,ABBVIE LOGISTICS (FORMERLY ABBOTT LOGISTICS BV),"Lopinavir/Ritonavir 80/20mg/ml [Kaletra], oral solution, cool, Bottle 5 x 60 ml",Lopinavir/Ritonavir,Kaletra,80/20mg/ml,Oral solution,300,700,21574.00,30.82,0.1,ABBVIE (Abbott) Logis. UK,TRUE,1050,"$4,672.77 ",30.25
"24,270",161-ZA-T30,FPQ-5303,SCMS-68980,ASN-7687,South Africa,PMO - US,Direct Drop,DDP,Air,3/18/2010,3/19/2010,24-Aug-10,20-Sep-10,20-Sep-10,ARV,Adult,Aurobindo Pharma Limited,"Lamivudine 150mg, tablets, 60 Tabs",Lamivudine,Generic,150mg,Tablet,60,"34,067",86189.51,2.53,0.04,"Aurobindo Unit III, India",TRUE,1828,"$1,791.42 ",185.82
"24,276",113-ZW-T30,FPQ-13669,SCMS-225840,ASN-28465,Zimbabwe,PMO - US,Direct Drop,EXW,Air,02-03-14,02-12-14,07-Nov-14,07-Nov-14,07-Nov-14,HRDT,HIV test,"Orgenics, Ltd","HIV 1/2, Determine Complete HIV Kit, 100 Tests","HIV 1/2, Determine Complete HIV Kit",Determine,,Test kit,100,"7,233",578640.00,80,0.8,"Alere Medical Co., Ltd.",TRUE,2933,"$42,028.45 ",594.84
"82,337",151-NG-T30,FPQ-5023,SO-36500,DN-1913,Nigeria,PMO - US,From RDC,N/A - From RDC,Air,02-10-10,N/A - From RDC,15-Jul-10,28-Jun-10,28-Jun-10,ARV,Adult,SCMS from RDC,"Zidovudine 300mg, tablets, 60 Tabs",Zidovudine,Generic,300mg,Tablet,60,"20,000",150000.00,7.5,0.12,"Aurobindo Unit III, India",TRUE,1096,Freight Included in Commodity Cost,323.4
"24,297",101-CD-T30,FPQ-14244,SCMS-240240,ASN-26540,"Congo, DRC",PMO - US,Direct Drop,EXW,Air,5/15/2014,5/23/2014,09-Oct-14,09-Oct-14,21-Oct-14,ANTM-wy4h,Malaria,AMSTELFARMA B.V.,"Sulfadoxine/Pyrimethamine 500/25mg, tablets, 1000 Tabs",Sulfadoxine/Pyrimethamine,Generic,500/25mg,Tablet - FDC,"1,000","1,070",25680.00,24,0.02,"Micro Labs, Hosur, India",TRUE,902,"$5,914 ",26.4
"82,338",151-NG-T30,FPQ-5023,SO-36422,DN-1932,Nigeria,PMO - US,From RDC,N/A - From RDC,Air,02-10-10,N/A - From RDC,15-Jul-10,28-Jun-10,28-Jun-10,ARV,Adult,SCMS from RDC,"Efavirenz/Emtricitabine/Tenofovir Disoproxil Fumarate 600/200/300mg, tablets, 30 Tabs",Efavirenz/Emtricitabine/Tenofovir Disoproxil Fumarate,Generic,600/200/300mg,Tablet - FDC,30,"7,400",147408.00,19.92,0.66,Mylan (formerly Matrix) Nashik,TRUE,668,Freight Included in Commodity Cost,317.81
"24,324",161-ZA-T30,FPQ-5303,SCMS-68790,ASN-6911,South Africa,PMO - US,Direct Drop,DDP,Air,3/18/2010,3/19/2010,07-Jul-10,07-Jul-10,07-Jul-10,ARV,Adult,STRIDES ARCOLAB LIMITED,"Lamivudine 150mg, tablets, 60 Tabs",Lamivudine,Generic,150mg,Tablet,60,"303,125",779031.25,2.57,0.04,"Strides, Bangalore, India.",TRUE,15006,"$20,134.62 ","1,679.59"
"24,345",108-VN-T30,FPQ-5094,SCMS-68500,ASN-7171,Vietnam,PMO - US,Direct Drop,EXW,Air,3/15/2010,3/24/2010,22-Jun-10,22-Jun-10,22-Jun-10,ARV,Adult,STRIDES ARCOLAB LIMITED,"Lamivudine/Nevirapine/Zidovudine 150/200/300mg, tablets, 60 Tabs",Lamivudine/Nevirapine/Zidovudine,Generic,150/300/200mg,Tablet - FDC,60,"20,651",227161.00,11,0.18,"Strides, Bangalore, India.",TRUE,2367,"$10,648.45 ",489.76
"24,358",109-TZ-T30,FPQ-14049,SCMS-239380,ASN-27718,Tanzania,PMO - US,Direct Drop,FCA,Air,04-11-14,5/16/2014,02-Oct-14,02-Oct-14,03-Oct-14,ARV,Pediatric,ABBVIE LOGISTICS (FORMERLY ABBOTT LOGISTICS BV),"Lopinavir/Ritonavir 100/25mg [Aluvia], tablets, 60 Tabs",Lopinavir/Ritonavir,Generic,100/25mg,Tablet,60,"5,273",31321.62,5.94,0.1,ABBVIE Ludwigshafen Germany,TRUE,668,"$4,835.39 ",32.2
"24,366",117-ET-T30,FPQ-9098,SCMS-133590,ASN-14914,Ethiopia,PMO - US,Direct Drop,EXW,Air,01-10-12,1/23/2012,18-May-12,18-May-12,18-May-12,HRDT,HIV test,"SHANGHAI KEHUA BIOENGINEERING CO.,LTD.  (KHB)","HIV 1/2, SKB Colloidal Gold, Diagnostic Kit, Antibody, 50 Tests","HIV 1/2, Colloidal Gold, Diagnostic Kit, Antibody",Colloidal Gold,,Test kit,1,"1,362",33369.00,24.5,24.5,"KHB Test Kit Facility, Shanghai China",TRUE,970,"$9,718.85 ",46.78
"24,368",106-HT-T30,FPQ-15038,SCMS-262930,ASN-31826,Haiti,PMO - US,Direct Drop,EXW,Air,10/22/2014,1/20/2015,10-Jun-15,10-Jun-15,11-Jun-15,ARV,Pediatric,Aurobindo Pharma Limited,"Zidovudine 10mg/ml, oral solution, Bottle, 240 ml",Zidovudine,Generic,10mg/ml,Oral solution,240,"5,730",10887.00,1.9,0.01,"Aurobindo Unit III, India",TRUE,2254,"$12,791.34 ",11.19
"24,374",107-RW-T30,FPQ-3859,SCMS-48920,ASN-5840,Rwanda,PMO - US,Direct Drop,CIP,Air,6/30/2009,7/17/2009,27-Jan-10,27-Jan-10,27-Jan-10,ARV,Adult,Aurobindo Pharma Limited,"Tenofovir Disoproxil Fumarate 300mg, tablets, 30 Tabs",Tenofovir Disoproxil Fumarate,Generic,300mg,Tablet,30,"5,520",47251.20,8.56,0.29,"Aurobindo Unit III, India",TRUE,516,"$2,355.52 ",92.61
"24,384",114-UG-T30,FPQ-10788,SCMS-162740,ASN-17430,Uganda,PMO - US,Direct Drop,DAP,Air,10-10-12,10/25/2012,14-Dec-12,14-Dec-12,14-Dec-12,ARV,Adult,ASPEN PHARMACARE,"Darunavir 300mg [Prezista], tablets, 120 Tabs",Darunavir,Prezista,300mg,Tablet,120,288,19180.80,66.6,0.55,"Aspen-OSD, Port Elizabeth, SA",TRUE,94,"$1,061 ",23.73
"24,386",151-NG-T30,FPQ-16312,SCMS-287700,ASN-32527,Nigeria,PMO - US,Direct Drop,EXW,Air,05-04-15,05-07-15,24-Jun-15,24-Jun-15,30-Jun-15,ARV,Adult,HETERO LABS LIMITED,"Lamivudine/Zidovudine 150/300mg, tablets, 60 Tabs",Lamivudine/Zidovudine,Generic,150/300mg,Tablet - FDC,60,"58,462",385849.20,6.6,0.11,Hetero Unit III Hyderabad IN,TRUE,6093,"$42,199.11 ",454.14
"24,427",110-ZM-T30,FPQ-4141,SCMS-53261,ASN-5853,Zambia,PMO - US,Direct Drop,EXW,Air,8/31/2009,09-11-09,28-Jan-10,28-Jan-10,28-Jan-10,HRDT,HIV test - Ancillary,"Orgenics, Ltd","HIV, Lancet, Safety, for HIV Test kits, 100 Pcs","HIV, Lancet, Safety, for HIV Test kits, 100 Pcs",Generic,,Test kit - Ancillary,100,"7,000",35000.00,5,0.05,Inverness Japan,TRUE,1382,"$18,369.56 ",68.6
"82,339",151-NG-T30,FPQ-5023,SO-36472,DN-1936,Nigeria,PMO - US,From RDC,N/A - From RDC,Air,02-10-10,N/A - From RDC,15-Jul-10,28-Jun-10,28-Jun-10,ARV,Adult,SCMS from RDC,"Lamivudine/Tenofovir Disoproxil Fumarate 300/300mg, tablets, 30 Tabs",Lamivudine/Tenofovir Disoproxil Fumarate,Generic,300/300mg,Tablet - FDC,30,"18,522",185220.00,10,0.33,Mylan (formerly Matrix) Nashik,TRUE,1668,Freight Included in Commodity Cost,399.33
"82,420",109-TZ-T30,FPQ-7675,SO-39750,DN-2445,Tanzania,PMO - US,From RDC,N/A - From RDC,Air,5/18/2011,N/A - From RDC,30-Jan-12,22-Dec-11,22-Dec-11,ARV,Pediatric,SCMS from RDC,"Abacavir 20mg/ml, oral solution w/syringe, Bottle, 240 ml",Abacavir,Generic,20mg/ml,Oral solution,240,"2,335",29187.50,12.5,0.05,"Aurobindo Unit III, India",TRUE,9523,Freight Included in Commodity Cost,48.16
"24,473",114-UG-T30,FPQ-9365,SCMS-143500,ASN-15426,Uganda,PMO - US,Direct Drop,DDP,Air,3/15/2012,4/17/2012,05-Jul-12,05-Jul-12,05-Jul-12,ARV,Adult,ASPEN PHARMACARE,"Etravirine 100mg [Intelence], tablets, 120 Tabs",Etravirine,Intelence,100mg,Tablet,120,144,10800.00,75,0.62,"Janssen-Cilag, Latina, IT",TRUE,47,$449 ,15.14
"82,421",109-TZ-T30,FPQ-7675,SO-39754,DN-2447,Tanzania,PMO - US,From RDC,N/A - From RDC,Air,5/18/2011,N/A - From RDC,31-Jan-12,22-Dec-11,22-Dec-11,ARV,Adult,SCMS from RDC,"Efavirenz/Emtricitabine/Tenofovir Disoproxil Fumarate 600/200/300mg, tablets, 30 Tabs",Efavirenz/Emtricitabine/Tenofovir Disoproxil Fumarate,Generic,600/200/300mg,Tablet - FDC,30,"11,723",233522.16,19.92,0.66,Mylan (formerly Matrix) Nashik,TRUE,1305,Freight Included in Commodity Cost,385.31
"24,519",107-RW-T30,FPQ-7987,SCMS-118030,ASN-12645,Rwanda,PMO - US,Direct Drop,EXW,Air,7/25/2011,08-12-11,23-Nov-11,23-Nov-11,23-Nov-11,HRDT,HIV test,"Trinity Biotech, Plc","HIV 1/2, Uni-Gold HIV Kit, 20 Tests","HIV 1/2, Uni-Gold HIV Kit",Uni-Gold,,Test kit,20,873,27936.00,32,1.6,"Trinity Biotech, Plc",TRUE,292,"$6,233.79 ",46.09
"24,530",127-KE-T30,FPQ-8155,SCMS-119180,ASN-12300,Kenya,PMO - US,Direct Drop,EXW,Air,08-05-11,8/29/2011,04-Nov-11,04-Nov-11,04-Nov-11,HRDT,HIV test,"Trinity Biotech, Plc","HIV 1/2, Uni-Gold HIV Kit, 20 Tests","HIV 1/2, Uni-Gold HIV Kit",Uni-Gold,,Test kit,20,"1,500",48000.00,32,1.6,"Trinity Biotech, Plc",TRUE,499,"$4,976.33 ",79.2
"24,547",102-GY-T30,FPQ-5495,SCMS-71620,ASN-7512,Guyana,PMO - US,Direct Drop,EXW,Air,4/15/2010,6/21/2010,09-Aug-10,09-Aug-10,09-Aug-10,HRDT,HIV test,"Orgenics, Ltd","HIV 1/2, Determine Complete HIV Kit, 100 Tests","HIV 1/2, Determine Complete HIV Kit",Determine,,Test kit,100,618,55620.00,90,0.9,Inverness Japan,TRUE,304,"$6,363.92 ",119.92
"82,430",109-TZ-T30,FPQ-8297,SO-40601,DN-2483,Tanzania,PMO - US,From RDC,N/A - From RDC,Truck,8/22/2011,N/A - From RDC,29-Feb-12,05-Feb-12,05-Feb-12,ARV,Adult,SCMS from RDC,"Efavirenz 600mg, tablets, 30 Tabs",Efavirenz,Generic,600mg,Tablet,30,"200,693",846924.46,4.22,0.14,"Strides, Bangalore, India.",TRUE,17947,Freight Included in Commodity Cost,"1,397.43"
"82,578",111-MZ-T30,FPQ-11033,SO-43770,DN-3182,Mozambique,PMO - US,From RDC,N/A - From RDC,Truck,11-12-12,N/A - From RDC,26-Jul-13,26-Jul-13,26-Jul-13,ARV,Adult,SCMS from RDC,"Lamivudine/Nevirapine/Zidovudine 150/200/300mg, tablets, 60 Tabs",Lamivudine/Nevirapine/Zidovudine,Generic,150/300/200mg,Tablet - FDC,60,"170,900",1466322.00,8.58,0.14,"Cipla, Goa, India",TRUE,Weight Captured Separately,Freight Included in Commodity Cost,"1,813.84"
"24,591",108-VN-T30,FPQ-6818,SCMS-98060,ASN-10712,Vietnam,PMO - US,Direct Drop,FCA,Air,1/17/2011,2/15/2011,28-May-11,28-May-11,28-May-11,ARV,Adult,ABBVIE LOGISTICS (FORMERLY ABBOTT LOGISTICS BV),"Lopinavir/Ritonavir 200/50mg [Aluvia], tablets, 120 Tabs",Lopinavir/Ritonavir,Aluvia,200/50mg,Tablet,120,"3,010",247422.00,82.2,0.68,ABBVIE Ludwigshafen Germany,TRUE,756,"$9,193.82 ",408.25
"24,604",106-HT-T30,FPQ-15038,SCMS-262900,ASN-31866,Haiti,PMO - US,Direct Drop,FCA,Air,10/22/2014,12/24/2014,05-Jun-15,05-Jun-15,08-Jun-15,ARV,Pediatric,ABBVIE LOGISTICS (FORMERLY ABBOTT LOGISTICS BV),"Lopinavir/Ritonavir 80/20mg/ml [Kaletra], oral solution, cool, Bottle 5 x 60 ml",Lopinavir/Ritonavir,Kaletra,80/20mg/ml,Oral solution,300,420,12944.40,30.82,0.1,ABBVIE (Abbott) Logis. UK,TRUE,494,"$2,737.95 ",13.31
"24,620",104-CI-T30,FPQ-4698,SCMS-64950,ASN-7285,Côte d'Ivoire,PMO - US,Direct Drop,CIP,Air,12/28/2009,02-12-10,28-Jun-10,28-Jun-10,28-Jun-10,ARV,Pediatric,MERCK SHARP & DOHME IDEA GMBH (FORMALLY MERCK SHARP & DOHME B.V.),"Efavirenz 30mg/ml [Stocrin/Sustiva], oral solution, Bottle, 180 ml",Efavirenz,Stocrin/Sustiva,30mg/ml,Oral solution,180,"2,737",46419.52,16.96,0.09,"MSD, Haarlem, NL",TRUE,805,"$1,659.71 ",100.08
"24,653",109-TZ-T30,FPQ-12197,SCMS-189360,ASN-21231,Tanzania,PMO - US,Direct Drop,EXW,Air,4/30/2013,5/29/2013,17-Sep-13,15-Sep-13,15-Sep-13,HRDT,HIV test,"Standard Diagnostics, Inc.","HIV 1/2, Determine Complete HIV Kit, 100 Tests","HIV 1/2, Determine Complete HIV Kit",Determine,,Test kit,100,"3,029",0.00,0,0,"Alere Medical Co., Ltd.",TRUE,1255,"$21,384.75 ",0
"24,706",106-HT-T30,FPQ-11442,SCMS-177130,ASN-21190,Haiti,PMO - US,Direct Drop,FCA,Air,1/30/2013,02-11-13,03-Sep-13,03-Sep-13,03-Sep-13,ARV,Pediatric,BRISTOL-MYERS SQUIBB,"Didanosine 25mg [Videx], chewable tablets, 60 Tabs",Didanosine,Videx,25mg,Chewable/dispersible tablet,60,"1,040",7280.00,7,0.12,Bristol-Myers Squibb Anagni IT,TRUE,226,"$1,962.10 ",9.01
"82,662",114-UG-T30,FPQ-13107,SO-46860,DN-3605,Uganda,PMO - US,From RDC,N/A - From RDC,Truck,10/16/2013,N/A - From RDC,31-Mar-14,18-Apr-14,07-May-14,ARV,Adult,SCMS from RDC,"Nevirapine 200mg, tablets, 60 Tabs",Nevirapine,Generic,200mg,Tablet,60,"21,764",49186.64,2.26,0.04,"Aurobindo Unit III, India",TRUE,2091,Freight Included in Commodity Cost,50.56
"82,791",107-RW-T30,FPQ-15622,SO-50710,DN-4213,Rwanda,PMO - US,From RDC,N/A - From RDC,Truck,12/22/2014,N/A - From RDC,30-Apr-15,19-May-15,25-May-15,ARV,Adult,SCMS from RDC,"Abacavir/Lamivudine 600/300mg, tablets, 30 Tabs",Abacavir/Lamivudine,Generic,600/300mg,Tablet - FDC,30,"50,867",668901.05,13.15,0.44,Mylan (formerly Matrix) Nashik,TRUE,4749,Freight Included in Commodity Cost,787.3
"82,792",114-UG-T30,FPQ-15294,SO-50080,DN-4216,Uganda,PMO - US,From RDC,N/A - From RDC,Truck,11-03-14,N/A - From RDC,30-Apr-15,22-Apr-15,24-Apr-15,ARV,Pediatric,SCMS from RDC,"Lamivudine/Zidovudine 30/60mg, dispersible tablets, 60 Tabs",Lamivudine/Zidovudine,Generic,30/60mg,Chewable/dispersible tablet - FDC,60,"6,000",11520.00,1.92,0.03,"Mylan,  H-12 & H-13, India",TRUE,11732,Freight Included in Commodity Cost,13.56
"24,819",105-GY-T30,FPQ-10249,SCMS-153880,ASN-16583,Guyana,PMO - US,Direct Drop,EXW,Air,07-05-12,7/26/2012,15-Oct-12,15-Oct-12,15-Oct-12,HRDT,HIV test,"Orgenics, Ltd","HIV 1/2, Determine Complete HIV Kit, 100 Tests","HIV 1/2, Determine Complete HIV Kit",Determine,,Test kit,100,564,56400.00,100,1,"Alere Medical Co., Ltd.",TRUE,272,"$8,128.95 ",79.07
"24,842",900-TZ-T30,FPQ-10396,SCMS-157660,ASN-16907,Tanzania,PMO - US,Direct Drop,EXW,Air,7/31/2012,8/21/2012,20-Nov-12,20-Nov-12,20-Nov-12,HRDT,HIV test,"Orgenics, Ltd","HIV 1/2, Determine Complete HIV Kit, 100 Tests","HIV 1/2, Determine Complete HIV Kit",Determine,,Test kit,100,"8,000",640000.00,80,0.8,"Alere Medical Co., Ltd.",TRUE,3803,"$64,075.10 ",897.28
"82,813",110-ZM-T30,FPQ-14784,SO-49620,DN-4315,Zambia,PMO - US,From RDC,N/A - From RDC,Truck,08-12-14,N/A - From RDC,15-Aug-15,25-Aug-15,03-Sep-15,ARV,Adult,SCMS from RDC,"Efavirenz/Lamivudine/Tenofovir Disoproxil Fumarate 600/300/300mg, tablets, 30 Tabs",Efavirenz/Lamivudine/Tenofovir Disoproxil Fumarate,Generic,600/300/300mg,Tablet - FDC,30,"148,665",1485163.35,9.99,0.33,"Aurobindo Unit VII, IN",TRUE,37686,Freight Included in Commodity Cost,"1,526.75"
"24,865",161-ZA-T30,FPQ-5303,SCMS-69010,ASN-7316,South Africa,PMO - US,Direct Drop,DDP,Air,3/18/2010,3/19/2010,24-Jun-10,24-Jun-10,24-Jun-10,ARV,Adult,Aurobindo Pharma Limited,"Zidovudine 300mg, tablets, 60 Tabs",Zidovudine,Generic,300mg,Tablet,60,"60,234",447538.62,7.43,0.12,"Aurobindo Unit III, India",TRUE,3221,"$3,296.57 ",964.89
"24,868",108-VN-T30,FPQ-10811,SCMS-164530,ASN-18729,Vietnam,PMO - US,Direct Drop,FCA,Air,10/15/2012,11-07-12,09-Apr-13,09-Apr-13,09-Apr-13,ARV,Adult,ABBVIE LOGISTICS (FORMERLY ABBOTT LOGISTICS BV),"Lopinavir/Ritonavir 200/50mg [Aluvia], tablets, 120 Tabs",Lopinavir/Ritonavir,Aluvia,200/50mg,Tablet,120,"4,164",253254.48,60.82,0.51,ABBVIE Ludwigshafen Germany,TRUE,992,"$3,212.25 ",313.28
"24,872",108-VN-T30,FPQ-11417,SCMS-174380,ASN-18759,Vietnam,PMO - US,Direct Drop,EXW,Air,01-10-13,1/22/2013,13-May-13,13-May-13,13-May-13,ARV,Adult,HETERO LABS LIMITED,"Nevirapine 200mg, tablets, 60 Tabs",Nevirapine,Generic,200mg,Tablet,60,"26,997",59663.37,2.21,0.04,Hetero Unit III Hyderabad IN,TRUE,1726,"$11,984.91 ",73.8
"24,875",108-VN-T30,FPQ-13524,SCMS-226250,ASN-27132,Vietnam,PMO - US,Direct Drop,EXW,Air,02-06-14,03-10-14,16-Aug-14,16-Aug-14,25-Aug-14,ARV,Adult,MYLAN LABORATORIES LTD (FORMERLY MATRIX LABORATORIES),"Lamivudine/Nevirapine/Zidovudine 150/200/300mg, tablets, 60 Tabs",Lamivudine/Nevirapine/Zidovudine,Generic,150/300/200mg,Tablet - FDC,60,"27,900",225990.00,8.1,0.13,Mylan (formerly Matrix) Nashik,TRUE,3868,"$7,238.46 ",232.32
"24,884",110-ZM-T30,FPQ-9074,SCMS-134290,ASN-13651,Zambia,PMO - US,Direct Drop,EXW,Air,12/22/2011,1/24/2012,29-Feb-12,29-Feb-12,29-Feb-12,ARV,Adult,Aurobindo Pharma Limited,"Emtricitabine/Tenofovir Disoproxil Fumarate 200/300mg, tablets, 30 Tabs",Emtricitabine/Tenofovir Disoproxil Fumarate,Generic,200/300mg,Tablet - FDC,30,"100,000",735000.00,7.35,0.24,"Aurobindo Unit III, India",TRUE,9369,"$50,030.37 ","1,030.47"
"24,905",114-UG-T30,FPQ-12777,SCMS-202560,ASN-22982,Uganda,PMO - US,Direct Drop,EXW,Air,08-05-13,08-09-13,10-Dec-13,10-Dec-13,10-Dec-13,ARV,Pediatric,Aurobindo Pharma Limited,"Nevirapine 10mg/ml, oral suspension w/syringe, Bottle, 100 ml",Nevirapine,Generic,10mg/ml,Oral suspension,100,"10,368",13478.40,1.3,0.01,"Aurobindo Unit III, India",TRUE,2127,"$10,898.13 ",16.67
"24,934",151-NG-T30,FPQ-5124,SCMS-66900,ASN-6712,Nigeria,PMO - US,Direct Drop,FCA,Air,2/15/2010,03-05-10,21-Jun-10,21-Jun-10,21-Jun-10,ARV,Adult,Hoffmann-La Roche ltd Basel,"Saquinavir 500mg [Invirase], tablets, 120 Tabs",Saquinavir,Invirase,500mg,Tablet,120,430,40713.32,94.68,0.79,Roche Basel,TRUE,77,$729.03 ,87.78
"82,866",151-NG-T30,FPQ-4537,SO-34911,DN-1710,Nigeria,PMO - US,From RDC,N/A - From RDC,Air Charter,11-06-09,N/A - From RDC,19-Apr-10,31-Mar-10,31-Mar-10,ARV,Adult,SCMS from RDC,"Efavirenz 600mg, tablets, 30 Tabs",Efavirenz,Generic,600mg,Tablet,30,"139,303",714624.39,5.13,0.17,"Aurobindo Unit III, India",TRUE,11982,Freight Included in Commodity Cost,"1,540.73"
"24,974",107-RW-T30,FPQ-6341,SCMS-84920,ASN-9798,Rwanda,PMO - US,Direct Drop,EXW,Ocean,09-03-10,9/27/2010,31-Mar-11,31-Mar-11,31-Mar-11,ARV,Adult,CIPLA LIMITED,"Lopinavir/Ritonavir 200/50mg, tablets, 120 Tabs",Lopinavir/Ritonavir,Generic,200/50mg,Tablet,120,"17,587",587405.80,33.4,0.28,Cipla Ltd A-42 MIDC Mahar. IN,TRUE,5480,"$19,123.35 ","1,266.45"
"82,867",151-NG-T30,FPQ-4537,SO-35043,DN-1714,Nigeria,PMO - US,From RDC,N/A - From RDC,Air Charter,11-06-09,N/A - From RDC,19-Apr-10,31-Mar-10,31-Mar-10,ARV,Adult,SCMS from RDC,"Lamivudine/Nevirapine/Stavudine 150/200/30mg, tablets, 60 Tabs",Lamivudine/Nevirapine/Stavudine,Generic,150/200/30mg,Tablet - FDC,60,124,757.64,6.11,0.1,"Strides, Bangalore, India.",TRUE,9,Freight Included in Commodity Cost,1.63
"24,990",119-NA-T30,FPQ-4267,SCMS-54590,ASN-5308,Namibia,PMO - US,Direct Drop,EXW,Air,9/15/2009,10-06-09,11-Nov-09,11-Nov-09,11-Nov-09,HRDT,HIV test,"Trinity Biotech, Plc","HIV 1/2, Uni-Gold HIV Kit, 20 Tests","HIV 1/2, Uni-Gold HIV Kit",Uni-Gold,,Test kit,20,25,0.25,0.01,0,"Trinity Biotech, Plc",TRUE,10,$751.43 ,0
"82,868",151-NG-T30,FPQ-4537,SO-35058,DN-1718,Nigeria,PMO - US,From RDC,N/A - From RDC,Air Charter,11-06-09,N/A - From RDC,19-Apr-10,31-Mar-10,31-Mar-10,ARV,Adult,SCMS from RDC,"Lamivudine/Zidovudine 150/300mg, tablets, 60 Tabs",Lamivudine/Zidovudine,Generic,150/300mg,Tablet - FDC,60,710,6219.60,8.76,0.15,"Aurobindo Unit III, India",TRUE,62,Freight Included in Commodity Cost,13.41
"24,999",107-RW-T30,FPQ-3859,SCMS-48871,ASN-5799,Rwanda,PMO - US,Direct Drop,CIP,Air,6/30/2009,12-08-09,27-Jan-10,27-Jan-10,27-Jan-10,ARV,Adult,Aurobindo Pharma Limited,"Tenofovir Disoproxil Fumarate 300mg, tablets, 30 Tabs",Tenofovir Disoproxil Fumarate,Generic,300mg,Tablet,30,"1,630",13952.80,8.56,0.29,"Aurobindo Unit III, India",TRUE,153,"$2,483.49 ",27.35
"82,870",151-NG-T30,FPQ-4537,SO-35121,DN-1742,Nigeria,PMO - US,From RDC,N/A - From RDC,Air Charter,11-06-09,N/A - From RDC,31-Mar-10,31-Mar-10,31-Mar-10,ARV,Adult,SCMS from RDC,"Lamivudine/Stavudine 150/30mg, tablets, 60 Tabs",Lamivudine/Stavudine,Generic,150/30mg,Tablet - FDC,60,466,1584.40,3.4,0.06,"Strides, Bangalore, India.",TRUE,24,Freight Included in Commodity Cost,3.42
"25,037",161-ZA-T30,FPQ-6708,SCMS-93570,ASN-11701,South Africa,PMO - US,Direct Drop,DDP,Ocean,11/26/2010,12/14/2010,05-Oct-11,05-Oct-11,05-Oct-11,ARV,Adult,Aurobindo Pharma Limited,"Tenofovir Disoproxil Fumarate 300mg, tablets, 30 Tabs",Tenofovir Disoproxil Fumarate,Generic,300mg,Tablet,30,"71,984",478693.60,6.65,0.22,"Aurobindo Unit III, India",TRUE,6719,"$9,726.54 ",789.84
"25,074",111-MZ-T30,FPQ-14294,SCMS-247360,ASN-27768,Mozambique,PMO - US,Direct Drop,EXW,Air,5/15/2014,7/30/2014,10-Sep-14,10-Sep-14,03-Oct-14,HRDT,HIV test,"Orgenics, Ltd","HIV 1/2, Determine Complete HIV Kit, 100 Tests","HIV 1/2, Determine Complete HIV Kit",Determine,,Test kit,100,"3,319",265520.00,80,0.8,"Alere Medical Co., Ltd.",TRUE,1351,"$9,168.48 ",272.95
"25,075",104-CI-T30,FPQ-14253,SCMS-243790,ASN-30570,Côte d'Ivoire,PMO - US,Direct Drop,EXW,Air,5/14/2014,07-09-14,20-Feb-15,20-Feb-15,20-Feb-15,HRDT,HIV test,"CHEMBIO DIAGNOSTIC SYSTEMS, INC.","HIV 1/2, Stat-Pak HIV, Kit, 20 Tests","HIV 1/2, Stat-Pak HIV, Kit",Stat-Pak,,Test kit,20,"2,120",65720.00,31,1.55,Chembio Diagnostics Sys. Inc.,TRUE,610,"$8,231.14 ",67.56
"25,083",102-SZ-T30,FPQ-10537,SCMS-159080,ASN-16585,Swaziland,PMO - US,Direct Drop,EXW,Air,8/23/2012,09-12-12,18-Jun-13,18-Jun-13,18-Jun-13,HRDT,HIV test,"Trinity Biotech, Plc","HIV 1/2, Uni-Gold HIV Kit, 20 Tests","HIV 1/2, Uni-Gold HIV Kit",Uni-Gold,,Test kit,20,150,4800.00,32,1.6,"Trinity Biotech, Plc",TRUE,54,$752.58 ,6.73
"25,085",117-ET-T30,FPQ-6608,SCMS-92050,ASN-10239,Ethiopia,PMO - US,Direct Drop,EXW,Air,11-09-10,11/24/2010,08-Apr-11,08-Apr-11,08-Apr-11,HRDT,HIV test,"Trinity Biotech, Plc","HIV 1/2, Uni-Gold HIV Kit, 20 Tests","HIV 1/2, Uni-Gold HIV Kit",Uni-Gold,,Test kit,20,336,10752.00,32,1.6,"Trinity Biotech, Plc",TRUE,Weight Captured Separately,"$1,921.14 ",17.74
"25,103",109-TZ-T30,FPQ-8071,SCMS-116860,ASN-13529,Tanzania,PMO - US,Direct Drop,EXW,Air,7/22/2011,08-01-11,09-Feb-12,09-Feb-12,09-Feb-12,HRDT,HIV test,"Orgenics, Ltd","HIV 1/2, Determine Complete HIV Kit, 100 Tests","HIV 1/2, Determine Complete HIV Kit",Determine,,Test kit,100,"3,500",280000.00,80,0.8,Inverness Japan,TRUE,1669,"$30,754.10 ",462
"82,871",151-NG-T30,FPQ-4537,SO-35095,DN-1745,Nigeria,PMO - US,From RDC,N/A - From RDC,Air Charter,11-06-09,N/A - From RDC,19-Apr-10,30-Mar-10,30-Mar-10,ARV,Adult,SCMS from RDC,"Zidovudine 300mg, tablets, 60 Tabs",Zidovudine,Generic,300mg,Tablet,60,50,375.00,7.5,0.12,Mylan (formerly Matrix) Nashik,TRUE,3,Freight Included in Commodity Cost,0.81
"82,872",151-NG-T30,FPQ-4537,SO-35092,DN-1695,Nigeria,PMO - US,From RDC,N/A - From RDC,Air Charter,11-06-09,N/A - From RDC,19-Apr-10,31-Mar-10,31-Mar-10,ARV,Adult,SCMS from RDC,"Zidovudine 300mg, tablets, 60 Tabs",Zidovudine,Generic,300mg,Tablet,60,"1,500",11250.00,7.5,0.12,Mylan (formerly Matrix) Nashik,TRUE,120,Freight Included in Commodity Cost,24.26
"82,897",151-NG-T30,FPQ-5023,SO-36443,DN-1901,Nigeria,PMO - US,From RDC,N/A - From RDC,Air,02-10-10,N/A - From RDC,15-Jul-10,28-Jun-10,28-Jun-10,ARV,Adult,SCMS from RDC,"Efavirenz 600mg, tablets, 30 Tabs",Efavirenz,Generic,600mg,Tablet,30,"6,000",27600.00,4.6,0.15,"Aurobindo Unit III, India",TRUE,514,Freight Included in Commodity Cost,59.51
"25,201",108-VN-T30,FPQ-4266,SCMS-56530,ASN-7262,Vietnam,PMO - US,Direct Drop,EXW,Air,10/20/2009,11-09-09,06-Jul-10,06-Jul-10,06-Jul-10,ARV,Adult,Aurobindo Pharma Limited,"Lamivudine/Nevirapine/Zidovudine 150/200/300mg, tablets, 60 Tabs",Lamivudine/Nevirapine/Zidovudine,Generic,150/300/200mg,Tablet - FDC,60,"16,500",183975.00,11.15,0.19,"Aurobindo Unit III, India",TRUE,3802,"$26,084.14 ",360.59
"25,220",133-NG-T30,FPQ-10765,SCMS-162440,ASN-17647,Nigeria,PMO - US,Direct Drop,EXW,Air,10-05-12,10/16/2012,09-Jan-13,28-Jan-13,28-Jan-13,HRDT,HIV test,"Orgenics, Ltd","HIV 1/2, Determine Complete HIV Kit, 100 Tests","HIV 1/2, Determine Complete HIV Kit",Determine,,Test kit,100,"2,352",209328.00,89,0.89,"Alere Medical Co., Ltd.",TRUE,1058,"$21,683.23 ",293.48
"25,230",161-ZA-T30,FPQ-7175,SCMS-103330,ASN-11045,South Africa,PMO - US,Direct Drop,DDP,Ocean,03-10-11,3/24/2011,02-Sep-11,02-Sep-11,02-Sep-11,ARV,Adult,Aurobindo Pharma Limited,"Efavirenz 600mg, tablets, 30 Tabs",Efavirenz,Generic,600mg,Tablet,30,"174,500",786995.00,4.51,0.15,"Aurobindo Unit III, India",TRUE,14833,"$21,555.16 ","1,298.54"
"25,279",114-UG-T30,FPQ-15314,SCMS-264750,ASN-31498,Uganda,PMO - US,Direct Drop,EXW,Air,11-11-14,12-04-14,05-May-15,05-May-15,05-May-15,HRDT,HIV test,"Orgenics, Ltd","HIV 1/2, Determine Complete HIV Kit, 100 Tests","HIV 1/2, Determine Complete HIV Kit",Determine,,Test kit,100,"5,655",452400.00,80,0.8,"Alere Medical Co., Ltd.",TRUE,2290,"$18,423.91 ",532.47
"25,293",107-RW-T30,FPQ-4248,SCMS-43810,ASN-5827,Rwanda,PMO - US,Direct Drop,CIP,Air,2/27/2009,4/15/2009,03-Feb-10,03-Feb-10,03-Feb-10,ARV,Adult,MYLAN LABORATORIES LTD (FORMERLY MATRIX LABORATORIES),"Lamivudine/Zidovudine 150/300mg, tablets, 60 Tabs",Lamivudine/Zidovudine,Generic,150/300mg,Tablet - FDC,60,"34,464",310176.00,9,0.15,Mylan (formerly Matrix) Nashik,TRUE,2768,"$29,603.24 ",607.94
"82,898",151-NG-T30,FPQ-5023,SO-36492,DN-1911,Nigeria,PMO - US,From RDC,N/A - From RDC,Air,02-10-10,N/A - From RDC,15-Jul-10,28-Jun-10,28-Jun-10,ARV,Adult,SCMS from RDC,"Lamivudine 150mg, tablets, 60 Tabs",Lamivudine,Generic,150mg,Tablet,60,"3,000",7320.00,2.44,0.04,"Aurobindo Unit III, India",TRUE,142,Freight Included in Commodity Cost,15.78
"82,899",151-NG-T30,FPQ-5023,SO-36502,DN-1915,Nigeria,PMO - US,From RDC,N/A - From RDC,Air,02-10-10,N/A - From RDC,15-Jul-10,28-Jun-10,28-Jun-10,ARV,Adult,SCMS from RDC,"Zidovudine 300mg, tablets, 60 Tabs",Zidovudine,Generic,300mg,Tablet,60,"3,000",22500.00,7.5,0.12,"Aurobindo Unit III, India",TRUE,165,Freight Included in Commodity Cost,48.51
"82,900",151-NG-T30,FPQ-5023,SO-36504,DN-1917,Nigeria,PMO - US,From RDC,N/A - From RDC,Air,02-10-10,N/A - From RDC,15-Jul-10,28-Jun-10,28-Jun-10,ARV,Adult,SCMS from RDC,"Zidovudine 300mg, tablets, 60 Tabs",Zidovudine,Generic,300mg,Tablet,60,100,750.00,7.5,0.12,"Aurobindo Unit III, India",TRUE,6,Freight Included in Commodity Cost,1.62
"25,343",105-GY-T30,FPQ-10249,SCMS-153850,ASN-16935,Guyana,PMO - US,Direct Drop,EXW,Air,07-05-12,7/26/2012,07-Nov-12,07-Nov-12,07-Nov-12,HRDT,HIV test,"Trinity Biotech, Plc","HIV 1/2, Uni-Gold HIV Kit, 20 Tests","HIV 1/2, Uni-Gold HIV Kit",Uni-Gold,,Test kit,20,461,14752.00,32,1.6,"Trinity Biotech, Plc",TRUE,149,"$2,115.21 ",20.68
"25,393",103-CM-T30,FPQ-10128,SCMS-151590,ASN-15819,Cameroon,PMO - US,Direct Drop,EXW,Air,6/22/2012,7/16/2012,17-Aug-12,17-Aug-12,17-Aug-12,HRDT,HIV test,Orasure Technologies Inc.,"HIV 1/2, OraQuick Advance HIV Rapid Antibody Kit, 100 Tests","HIV 1/2, OraQuick Advance HIV Rapid Antibody Kit",OraQuick,,Test kit,100,30,10500.00,350,3.5,"Pacific Biotech, Thailand",TRUE,72,"$1,765.54 ",14.72
"82,901",151-NG-T30,FPQ-5023,SO-36505,DN-1918,Nigeria,PMO - US,From RDC,N/A - From RDC,Air,02-10-10,N/A - From RDC,15-Jul-10,28-Jun-10,28-Jun-10,ARV,Adult,SCMS from RDC,"Zidovudine 300mg, tablets, 60 Tabs",Zidovudine,Generic,300mg,Tablet,60,30,225.00,7.5,0.12,"Aurobindo Unit III, India",TRUE,2,Freight Included in Commodity Cost,0.49
"25,423",114-UG-T30,FPQ-9365,SCMS-143490,ASN-14880,Uganda,PMO - US,Direct Drop,DDP,Air,3/15/2012,4/17/2012,18-May-12,18-May-12,18-May-12,ARV,Adult,ASPEN PHARMACARE,"Darunavir 300mg [Prezista], tablets, 120 Tabs",Darunavir,Prezista,300mg,Tablet,120,63,4195.80,66.6,0.55,"Aspen-OSD, Port Elizabeth, SA",TRUE,57,$548.20 ,5.88
"82,902",151-NG-T30,FPQ-5023,SO-36510,DN-1919,Nigeria,PMO - US,From RDC,N/A - From RDC,Air,02-10-10,N/A - From RDC,15-Jul-10,28-Jun-10,28-Jun-10,ARV,Adult,SCMS from RDC,"Lamivudine/Nevirapine/Stavudine 150/200/30mg, tablets, 60 Tabs",Lamivudine/Nevirapine/Stavudine,Generic,150/200/30mg,Tablet - FDC,60,"9,000",52650.00,5.85,0.1,"Strides, Bangalore, India.",TRUE,653,Freight Included in Commodity Cost,113.51
"25,477",114-UG-T30,FPQ-7268,SCMS-104110,ASN-12478,Uganda,PMO - US,Direct Drop,CIP,Air,03-11-11,3/25/2011,19-Oct-11,19-Oct-11,19-Oct-11,ARV,Adult,MERCK SHARP & DOHME IDEA GMBH (FORMALLY MERCK SHARP & DOHME B.V.),"Raltegravir 400mg [Isentress], tablets, 60 Tabs",Raltegravir,Isentress,400mg,Tablet,60,274,25071.00,91.5,1.52,"MSD, Haarlem, NL",TRUE,28,$501 ,41.37
"25,483",900-TG-T30,FPQ-15921,SCMS-278370,ASN-31081,Togo,PMO - US,Direct Drop,EXW,Air,2/18/2015,2/27/2015,23-Apr-15,23-Apr-15,01-Jun-15,ARV,Adult,HETERO LABS LIMITED,"Lamivudine/Tenofovir Disoproxil Fumarate 300/300mg, tablets, 30 Tabs",Lamivudine/Tenofovir Disoproxil Fumarate,Generic,300/300mg,Tablet - FDC,30,"6,678",30051.00,4.5,0.15,Hetero Unit III Hyderabad IN,TRUE,734,"$3,710.65 ",35.37
"25,521",161-ZA-T30,FPQ-6262,SCMS-83830,ASN-9178,South Africa,PMO - US,Direct Drop,DDP,Ocean,8/31/2010,9/24/2010,08-Dec-10,01-Feb-11,01-Feb-11,ARV,Adult,Aurobindo Pharma Limited,"Zidovudine 300mg, tablets, 60 Tabs",Zidovudine,Generic,300mg,Tablet,60,"10,357",75916.81,7.33,0.12,"Aurobindo Unit III, India",TRUE,523,"$3,161.68 ",163.68
"82,903",151-NG-T30,FPQ-5023,SO-36511,DN-1920,Nigeria,PMO - US,From RDC,N/A - From RDC,Air,02-10-10,N/A - From RDC,15-Jul-10,28-Jun-10,28-Jun-10,ARV,Adult,SCMS from RDC,"Lamivudine/Nevirapine/Stavudine 150/200/30mg, tablets, 60 Tabs",Lamivudine/Nevirapine/Stavudine,Generic,150/200/30mg,Tablet - FDC,60,"3,000",17550.00,5.85,0.1,"Cipla, Goa, India",TRUE,419,Freight Included in Commodity Cost,37.84
"25,536",151-NG-T30,FPQ-12803,SCMS-206340,ASN-23739,Nigeria,PMO - US,Direct Drop,EXW,Air,8/13/2013,9/17/2013,11-Feb-14,11-Feb-14,13-Feb-14,ARV,Pediatric,CIPLA LIMITED,"Abacavir 60mg, dispersible tablets, 60 Tabs",Abacavir,Generic,60mg,Chewable/dispersible tablet,60,"7,325",36625.00,5,0.08,"Cipla, Patalganga, India",TRUE,455,"$4,967.03 ",45.31
"82,904",151-NG-T30,FPQ-5023,SO-36412,DN-1929,Nigeria,PMO - US,From RDC,N/A - From RDC,Air,02-10-10,N/A - From RDC,15-Jul-10,28-Jun-10,28-Jun-10,ARV,Adult,SCMS from RDC,"Emtricitabine/Tenofovir Disoproxil Fumarate 200/300mg, tablets, 30 Tabs",Emtricitabine/Tenofovir Disoproxil Fumarate,Generic,200/300mg,Tablet - FDC,30,"1,000",11750.00,11.75,0.39,Mylan (formerly Matrix) Nashik,TRUE,90,Freight Included in Commodity Cost,25.33
"82,905",151-NG-T30,FPQ-5023,SO-36546,DN-1942,Nigeria,PMO - US,From RDC,N/A - From RDC,Air,02-10-10,N/A - From RDC,15-Jul-10,28-Jun-10,28-Jun-10,ARV,Adult,SCMS from RDC,"Lamivudine/Zidovudine 150/300mg, tablets, 60 Tabs",Lamivudine/Zidovudine,Generic,150/300mg,Tablet - FDC,60,80,700.80,8.76,0.15,Mylan (formerly Matrix) Nashik,TRUE,7,Freight Included in Commodity Cost,1.51
"25,587",114-UG-T30,FPQ-13116,SCMS-212350,ASN-24416,Uganda,PMO - US,Direct Drop,EXW,Air,10/23/2013,10/30/2013,21-Mar-14,21-Mar-14,21-Mar-14,ARV,Pediatric,CIPLA LIMITED,"Lamivudine/Nevirapine/Zidovudine 30/50/60mg, dispersible tablets, 60 Tabs",Lamivudine/Nevirapine/Zidovudine,Generic,30/50/60mg,Chewable/dispersible tablet - FDC,60,"15,021",60084.00,4,0.07,"Cipla, Goa, India",TRUE,1411,"$13,983.98 ",61.77
"25,599",113-ZW-T30,FPQ-13939,SCMS-234750,ASN-25953,Zimbabwe,PMO - US,Direct Drop,EXW,Air Charter,04-01-14,04-11-14,14-Jun-14,14-Jun-14,16-Jun-14,ARV,Adult,MICRO LABS LIMITED,"Nevirapine 200mg, tablets, 60 Tabs",Nevirapine,Generic,200mg,Tablet,60,"55,000",114400.00,2.08,0.03,"Micro labs, Verna, Goa, India",TRUE,5810,"$46,213.40 ",117.6
"25,642",102-GY-T30,FPQ-5495,SCMS-71630,ASN-8224,Guyana,PMO - US,Direct Drop,EXW,Air,4/15/2010,6/21/2010,27-Oct-10,27-Oct-10,27-Oct-10,HRDT,HIV test,"Orgenics, Ltd","HIV 1/2, Determine Complete HIV Kit, 100 Tests","HIV 1/2, Determine Complete HIV Kit",Determine,,Test kit,100,336,30240.00,90,0.9,Inverness Japan,TRUE,154,"$4,268.93 ",65.2
"82,997",109-TZ-T30,FPQ-8301,SO-40551,DN-2473,Tanzania,PMO - US,From RDC,N/A - From RDC,Truck,09-02-11,N/A - From RDC,15-Feb-12,05-Feb-12,05-Feb-12,ARV,Adult,SCMS from RDC,"Efavirenz/Lamivudine/Tenofovir Disoproxil Fumarate 600/300/300mg, tablets, 30 Tabs",Efavirenz/Lamivudine/Tenofovir Disoproxil Fumarate,Generic,600/300/300mg,Tablet - FDC,30,"51,763",884112.04,17.08,0.57,Mylan (formerly Matrix) Nashik,TRUE,1645,Freight Included in Commodity Cost,"1,458.78"
"25,706",106-HT-T30,FPQ-12538,SCMS-198150,ASN-21072,Haiti,PMO - US,Direct Drop,EXW,Air,6/25/2013,7/22/2013,30-Aug-13,30-Aug-13,30-Aug-13,ARV,Adult,MYLAN LABORATORIES LTD (FORMERLY MATRIX LABORATORIES),"Atazanavir/Ritonavir 300/100mg, tablets, 30 Tabs",Atazanavir/Ritonavir,Generic,300/100mg,Tablet,30,"4,816",96320.00,20,0.67,Mylan (formerly Matrix) Nashik,TRUE,647,"$4,444.33 ",119.15
"25,726",107-RW-T30,FPQ-4954,SCMS-64520,ASN-7396,Rwanda,PMO - US,Direct Drop,CIP,Air,1/29/2010,02-09-10,30-Jun-10,30-Jun-10,30-Jun-10,ARV,Adult,MYLAN LABORATORIES LTD (FORMERLY MATRIX LABORATORIES),"Abacavir 300mg, tablets, 60 Tabs",Abacavir,Generic,300mg,Tablet,60,"26,100",424125.00,16.25,0.27,Mylan (formerly Matrix) Nashik,TRUE,2586,"$1,170.20 ",914.41
"25,749",106-HT-T30,FPQ-6834,SCMS-96430,ASN-9759,Haiti,Haiti Field Office,Direct Drop,EXW,Air,12/14/2010,01-12-11,11-Mar-11,11-Mar-11,11-Mar-11,HRDT,HIV test,Orasure Technologies Inc.,"HIV 1/2, OraQuick Advance HIV Rapid Antibody Kit, 100 Tests","HIV 1/2, OraQuick Advance HIV Rapid Antibody Kit",OraQuick,,Test kit,100,127,44450.00,350,3.5,"Orasure Technologies, Inc",TRUE,22,"$4,625.81 ",73.34
"25,752",161-ZA-T30,FPQ-5303,SCMS-68710,ASN-6750,South Africa,PMO - US,Direct Drop,DDP,Air,3/18/2010,3/19/2010,11-Jun-10,11-Jun-10,11-Jun-10,ARV,Adult,CIPLA LIMITED,"Tenofovir Disoproxil Fumarate 300mg, tablets, 30 Tabs",Tenofovir Disoproxil Fumarate,Generic,300mg,Tablet,30,"38,890",304119.80,7.82,0.26,"Cipla, Goa, India",TRUE,2649,"$3,908.55 ",655.68
"25,760",108-VN-T30,FPQ-5899,SCMS-77430,ASN-8081,Vietnam,PMO - US,Direct Drop,EXW,Air,6/23/2010,07-01-10,21-Sep-10,21-Sep-10,21-Sep-10,ARV,Adult,STRIDES ARCOLAB LIMITED,"Nevirapine 200mg, tablets, 60 Tabs",Nevirapine,Generic,200mg,Tablet,60,"1,247",3167.38,2.54,0.04,"Strides, Bangalore, India.",TRUE,71,"$4,035.45 ",6.83
"25,767",102-MW-T30,FPQ-11638,SCMS-179350,ASN-19144,Malawi,PMO - US,Direct Drop,EXW,Air,2/22/2013,3/14/2013,30-Apr-13,30-Apr-13,30-Apr-13,HRDT,HIV test,"Orgenics, Ltd","HIV 1/2, Determine Complete HIV Kit, 100 Tests","HIV 1/2, Determine Complete HIV Kit",Determine,,Test kit,100,461,36880.00,80,0.8,"Alere Medical Co., Ltd.",TRUE,207,"$5,248.93 ",45.62
"83,147",151-NG-T30,FPQ-11864,SO-44923,DN-3243,Nigeria,PMO - US,From RDC,N/A - From RDC,Air Charter,3/14/2013,N/A - From RDC,04-Sep-13,23-Jul-13,23-Jul-13,ARV,Pediatric,SCMS from RDC,"Abacavir/Lamivudine 60/30mg, tablets, 60 Tabs",Abacavir/Lamivudine,Generic,60/30mg,Tablet - FDC,60,"9,377",37508.00,4,0.07,Mylan (formerly Matrix) Nashik,TRUE,485,Freight Included in Commodity Cost,46.4
"25,796",108-VN-T30,FPQ-12051,SCMS-188660,ASN-22072,Vietnam,PMO - US,Direct Drop,EXW,Air,05-03-13,5/15/2013,27-Nov-13,27-Nov-13,27-Nov-13,ARV,Adult,MYLAN LABORATORIES LTD (FORMERLY MATRIX LABORATORIES),"Lamivudine/Zidovudine 150/300mg, tablets, 60 Tabs",Lamivudine/Zidovudine,Generic,150/300mg,Tablet - FDC,60,"23,063",155675.25,6.75,0.11,Mylan (formerly Matrix) Nashik,TRUE,1984,"$3,225.12 ",192.57
"25,809",108-VN-T30,FPQ-12051,SCMS-188680,ASN-20555,Vietnam,PMO - US,Direct Drop,EXW,Air,05-03-13,5/17/2013,03-Sep-13,03-Sep-13,03-Sep-13,ARV,Adult,Aurobindo Pharma Limited,"Lamivudine/Nevirapine/Zidovudine 150/200/300mg, tablets, 60 Tabs",Lamivudine/Nevirapine/Zidovudine,Generic,150/300/200mg,Tablet - FDC,60,"12,488",101777.20,8.15,0.14,"Aurobindo Unit III, India",TRUE,1846,"$3,314.03 ",125.9
"25,824",111-MZ-T30,FPQ-8116,SCMS-118370,ASN-12475,Mozambique,PMO - US,Direct Drop,EXW,Air,08-04-11,8/30/2011,22-Nov-11,22-Nov-11,22-Nov-11,HRDT,HIV test,"Orgenics, Ltd","HIV 1/2, Determine HIV Kit, without Lancets, 100 Tests","HIV 1/2, Determine HIV Kit, without Lancets",Determine,,Test kit,100,"7,409",575679.30,77.7,0.78,Inverness Japan,TRUE,1275,"$15,873.44 ",949.87
"25,828",161-ZA-T30,FPQ-6708,SCMS-93580,ASN-10111,South Africa,PMO - US,Direct Drop,DDP,Ocean,11/26/2010,12/14/2010,08-Apr-11,05-May-11,05-May-11,ARV,Adult,CIPLA LIMITED,"Tenofovir Disoproxil Fumarate 300mg, tablets, 30 Tabs",Tenofovir Disoproxil Fumarate,Generic,300mg,Tablet,30,"12,346",84693.56,6.86,0.23,"Cipla, Goa, India",TRUE,820,"$9,177.19 ",139.74
"25,830",161-ZA-T30,FPQ-5303,SCMS-68980,ASN-8160,South Africa,PMO - US,Direct Drop,DDP,Air,3/18/2010,3/19/2010,24-Aug-10,08-Dec-10,08-Dec-10,ARV,Pediatric,Aurobindo Pharma Limited,"Lamivudine 10mg/ml, oral solution w/syringe, Bottle, 240 ml",Lamivudine,Generic,10mg/ml,Oral solution,240,"11,640",34920.00,3,0.01,"Aurobindo Unit III, India",TRUE,4386,"$12,917.30 ",75.29
"25,844",109-TZ-T30,FPQ-9211,SCMS-136920,ASN-14276,Tanzania,PMO - US,Direct Drop,EXW,Air,1/25/2012,2/17/2012,08-May-12,08-May-12,08-May-12,HRDT,HIV test,"Orgenics, Ltd","HIV 1/2, Determine Complete HIV Kit, 100 Tests","HIV 1/2, Determine Complete HIV Kit",Determine,,Test kit,100,"1,130",90400.00,80,0.8,"Alere Medical Co., Ltd.",TRUE,537,"$10,626.80 ",126.74
"25,854",123-NG-T30,FPQ-8934,SCMS-140020,ASN-15131,Nigeria,PMO - US,Direct Drop,EXW,Air,02-08-12,5/15/2012,29-Jun-12,29-Jun-12,29-Jun-12,ACT-eft54,ACT,NOVARTIS PHARMA SERVICES AG,"Artemether/Lumefantrine 20/120mg [Coartem], scored tablets, Blister 30 x 24 Tabs",Artemether/Lumefantrine,Coartem,20/120mg,Tablet - FDC + blister,720,"2,884",131510.40,45.6,0.06,"Novartis Pharma Suffern, USA",TRUE,2006,"$12,723.32 ",184.38
"25,886",108-VN-T30,FPQ-3896,SCMS-48270,ASN-5131,Vietnam,PMO - US,Direct Drop,EXW,Air,6/25/2009,6/26/2009,26-Oct-09,26-Oct-09,26-Oct-09,ARV,Adult,Aurobindo Pharma Limited,"Lamivudine/Nevirapine/Zidovudine 150/200/300mg, tablets, 60 Tabs",Lamivudine/Nevirapine/Zidovudine,Generic,150/300/200mg,Tablet - FDC,60,"8,500",94775.00,11.15,0.19,"Aurobindo Unit III, India",TRUE,3099,"$5,018.69 ",185.76
"26,571",144-BW-T30,FPQ-4167,SCMS-54170,ASN-5725,Botswana,PMO - US,Direct Drop,EXW,Air,09-09-09,9/30/2009,05-Feb-10,05-Feb-10,05-Feb-10,HRDT,HIV test - Ancillary,Orasure Technologies Inc.,"#109435**HIV, OraQuick Controls Kit, 3 Vials","HIV, OraQuick Controls Kit, 3 Vials",OraQuick,,Test kit - Ancillary,3,10,250.00,25,8.33,"Orasure Technologies, Inc USA",TRUE,6,$322.12 ,0.49
"83,232",111-MZ-T30,FPQ-13124,SO-47051,DN-3624,Mozambique,PMO - US,From RDC,N/A - From RDC,Truck,10/21/2013,N/A - From RDC,30-Jun-14,03-Jun-14,11-Jun-14,ARV,Adult,SCMS from RDC,"Lamivudine/Tenofovir Disoproxil Fumarate 300/300mg, tablets, 30 Tabs",Lamivudine/Tenofovir Disoproxil Fumarate,Generic,300/300mg,Tablet - FDC,30,"3,464",16280.80,4.7,0.16,Hetero Unit III Hyderabad IN,TRUE,359,Freight Included in Commodity Cost,16.74
"25,926",108-VN-T30,FPQ-13976,SCMS-236060,ASN-27812,Vietnam,PMO - US,Direct Drop,EXW,Air,04-08-14,4/30/2014,22-Sep-14,22-Sep-14,04-Nov-14,ARV,Adult,HETERO LABS LIMITED,"Tenofovir Disoproxil Fumarate 300mg, tablets, 30 Tabs",Tenofovir Disoproxil Fumarate,Generic,300mg,Tablet,30,"7,000",24850.00,3.55,0.12,Hetero Unit III Hyderabad IN,TRUE,2190,"$3,467.70 ",25.55
"83,295",111-MZ-T30,FPQ-14226,SO-48887,DN-4051,Mozambique,PMO - US,From RDC,N/A - From RDC,Truck,05-02-14,N/A - From RDC,23-Mar-15,23-Mar-15,23-Mar-15,ARV,Adult,SCMS from RDC,"Lamivudine/Nevirapine/Stavudine 150/200/30mg, tablets, 60 Tabs",Lamivudine/Nevirapine/Stavudine,Generic,150/200/30mg,Tablet - FDC,60,"46,962",202875.84,4.32,0.07,Hetero Unit III Hyderabad IN,TRUE,5097,Freight Included in Commodity Cost,208.56
"25,930",104-CI-T30,FPQ-6739,SCMS-94620,ASN-10120,Côte d'Ivoire,PMO - US,Direct Drop,EXW,Air,11/19/2010,12/22/2010,28-Mar-11,28-Mar-11,28-Mar-11,HRDT,HIV test,"Orgenics, Ltd","HIV 1/2, Determine HIV Kit, without Lancets, 100 Tests","HIV 1/2, Determine HIV Kit, without Lancets",Determine,,Test kit,100,"3,293",255866.10,77.7,0.78,Inverness Japan,TRUE,747,"$14,934.26 ",422.18
"25,956",901-CM-T30,FPQ-12837,SCMS-206310,ASN-22467,Cameroon,PMO - US,Direct Drop,EXW,Air,8/19/2013,9/13/2013,07-Nov-13,07-Nov-13,08-Nov-13,ARV,Adult,STRIDES ARCOLAB LIMITED,"Efavirenz 600mg, tablets, 30 Tabs",Efavirenz,Generic,600mg,Tablet,30,"25,945",82764.55,3.19,0.11,"Strides, Bangalore, India.",TRUE,1638,"$18,141.62 ",102.38
"25,967",133-NG-T30,FPQ-10349,SCMS-155321,ASN-17166,Nigeria,PMO - US,Direct Drop,EXW,Air,7/17/2012,8/13/2012,28-Nov-12,27-Nov-12,27-Nov-12,HRDT,HIV test,"Orgenics, Ltd","HIV 1/2, Determine Complete HIV Kit, 100 Tests","HIV 1/2, Determine Complete HIV Kit",Determine,,Test kit,100,"2,744",244216.00,89,0.89,"Alere Medical Co., Ltd.",TRUE,1303,"$28,734.43 ",342.39
"25,982",102-SD-T30,FPQ-6171,SCMS-81730,ASN-8853,Sudan,PMO - US,Direct Drop,EXW,Air,08-05-10,8/23/2010,01-Dec-10,01-Dec-10,01-Dec-10,HRDT,HIV test,"Standard Diagnostics, Inc.","HIV 1/2, Bioline 3.0 Kit, Lancets, Capillary pipets, Alcohol swabs included, 25 Tests","HIV 1/2, Bioline 3.0 Kit, Lancets, Capillary pipets, Alcohol swabs included",Bioline,,Test kit,25,16,320.00,20,0.8,"Standard Diagnostics, Korea",TRUE,139,"$1,629.85 ",0.69
"25,990",900-SS-T30,FPQ-10504,SCMS-157880,ASN-16852,South Sudan,PMO - US,Direct Drop,EXW,Air,8/15/2012,8/21/2012,13-Dec-12,13-Dec-12,13-Dec-12,HRDT,HIV test - Ancillary,"Orgenics, Ltd","Capillary Tubes, for Determine, EDTA, 50uL,100 Pcs","HIV, Capillary Tubes, for Determine, EDTA, 50uL,100 Pcs",Determine,,Test kit - Ancillary,100,640,5120.00,8,0.08,"Alere Medical Co., Ltd.",TRUE,331,"$7,539.52 ",7.18
"29,140",108-VN-T30,FPQ-12539,SCMS-199730,ASN-22935,Vietnam,PMO - US,Direct Drop,EXW,Air,07-11-13,7/25/2013,24-Dec-13,24-Dec-13,23-Dec-13,ARV,Adult,Aurobindo Pharma Limited,"Abacavir 300mg, tablets, 60 Tabs",Abacavir,Generic,300mg,Tablet,60,809,9222.60,11.4,0.19,"Aurobindo Unit III, India",TRUE,81,$459.72 ,11.41
"83,406",151-NG-T30,FPQ-4537,SO-35068,DN-1686,Nigeria,PMO - US,From RDC,N/A - From RDC,Air Charter,11-06-09,N/A - From RDC,19-Apr-10,31-Mar-10,31-Mar-10,ARV,Adult,SCMS from RDC,"Lamivudine/Nevirapine/Zidovudine 150/200/300mg, tablets, 60 Tabs",Lamivudine/Nevirapine/Zidovudine,Generic,150/300/200mg,Tablet - FDC,60,"1,200",13464.00,11.22,0.19,"Aurobindo Unit III, India",TRUE,141,Freight Included in Commodity Cost,29.03
"83,407",151-NG-T30,FPQ-4537,SO-35075,DN-1690,Nigeria,PMO - US,From RDC,N/A - From RDC,Air Charter,11-06-09,N/A - From RDC,19-Apr-10,31-Mar-10,31-Mar-10,ARV,Adult,SCMS from RDC,"Emtricitabine/Tenofovir Disoproxil Fumarate 200/300mg, tablets, 30 Tabs",Emtricitabine/Tenofovir Disoproxil Fumarate,Generic,200/300mg,Tablet - FDC,30,"11,807",138732.25,11.75,0.39,Mylan (formerly Matrix) Nashik,TRUE,952,Freight Included in Commodity Cost,299.11
"26,019",107-RW-T30,FPQ-9965,SCMS-148040,ASN-15289,Rwanda,PMO - US,Direct Drop,FCA,Air,5/25/2012,06-01-12,29-Jun-12,29-Jun-12,29-Jun-12,ARV,Pediatric,ABBVIE LOGISTICS (FORMERLY ABBOTT LOGISTICS BV),"Lopinavir/Ritonavir 80/20mg/ml [Kaletra], oral solution, cool, Bottle 5 x 60 ml",Lopinavir/Ritonavir,Kaletra,80/20mg/ml,Oral solution,300,255,7859.10,30.82,0.1,ABBVIE (Abbott) Logis. UK,TRUE,253,"$2,455.70 ",11.02
"26,082",107-RW-T30,FPQ-6185,SCMS-84440,ASN-9043,Rwanda,PMO - US,Direct Drop,CIP,Air,09-03-10,9/17/2010,09-Dec-10,09-Dec-10,09-Dec-10,ARV,Adult,HETERO LABS LIMITED,"Nevirapine 200mg, tablets, 60 Tabs",Nevirapine,Generic,200mg,Tablet,60,"62,671",165451.44,2.64,0.04,Hetero Unit III Hyderabad IN,TRUE,3666,"$14,890.63 ",356.71
"26,093",107-RW-T30,FPQ-10223,SCMS-152910,ASN-15896,Rwanda,PMO - US,Direct Drop,EXW,Air,07-05-12,7/16/2012,09-Sep-12,09-Sep-12,09-Sep-12,ARV,Adult,Aurobindo Pharma Limited,"Nevirapine 200mg, tablets, 60 Tabs",Nevirapine,Generic,200mg,Tablet,60,"57,364",129069.00,2.25,0.04,"Aurobindo Unit III, India",TRUE,5468,"$48,501.50 ",180.95
"83,408",151-NG-T30,FPQ-4537,SO-34894,DN-1704,Nigeria,PMO - US,From RDC,N/A - From RDC,Air Charter,11-06-09,N/A - From RDC,19-Apr-10,31-Mar-10,31-Mar-10,ARV,Adult,SCMS from RDC,"Nevirapine 200mg, tablets, 60 Tabs",Nevirapine,Generic,200mg,Tablet,60,434,1184.82,2.73,0.05,"Aurobindo Unit III, India",TRUE,42,Freight Included in Commodity Cost,2.55
"83,409",151-NG-T30,FPQ-4537,SO-35065,DN-1725,Nigeria,PMO - US,From RDC,N/A - From RDC,Air Charter,11-06-09,N/A - From RDC,19-Apr-10,31-Mar-10,31-Mar-10,ARV,Adult,SCMS from RDC,"Lamivudine/Nevirapine/Zidovudine 150/200/300mg, tablets, 60 Tabs",Lamivudine/Nevirapine/Zidovudine,Generic,150/300/200mg,Tablet - FDC,60,"1,722",19320.84,11.22,0.19,"Aurobindo Unit III, India",TRUE,202,Freight Included in Commodity Cost,41.66
"26,131",110-ZM-T30,FPQ-8315,SCMS-120583,ASN-16493,Zambia,PMO - US,Direct Drop,EXW,Air,8/31/2011,9/19/2011,17-Oct-12,17-Oct-12,17-Oct-12,HRDT,HIV test,"Trinity Biotech, Plc","HIV 1/2, Uni-Gold HIV Kit, 20 Tests","HIV 1/2, Uni-Gold HIV Kit",Uni-Gold,,Test kit,20,"3,640",116480.00,32,1.6,"Trinity Biotech, Plc",TRUE,1213,"$15,504.42 ",192.19
"26,171",107-RW-T30,FPQ-3859,SCMS-48831,ASN-5800,Rwanda,PMO - US,Direct Drop,CIP,Air,6/30/2009,7/16/2009,27-Jan-10,27-Jan-10,27-Jan-10,ARV,Adult,Aurobindo Pharma Limited,"Tenofovir Disoproxil Fumarate 300mg, tablets, 30 Tabs",Tenofovir Disoproxil Fumarate,Generic,300mg,Tablet,30,276,2362.56,8.56,0.29,"Aurobindo Unit III, India",TRUE,26,"$2,187.01 ",4.63
"26,188",109-TZ-T30,FPQ-7909,SCMS-114980,ASN-11930,Tanzania,PMO - US,Direct Drop,EXW,Air,6/24/2011,7/18/2011,29-Sep-11,29-Sep-11,29-Sep-11,HRDT,HIV test,"Standard Diagnostics, Inc.","HIV 1/2, Bioline 3.0 Kit, Lancets, Capillary pipets, Alcohol swabs included, 25 Tests","HIV 1/2, Bioline 3.0 Kit, Lancets, Capillary pipets, Alcohol swabs included",Bioline,,Test kit,25,"10,000",200000.00,20,0.8,"Standard Diagnostics, Korea",TRUE,3334,"$23,030.38 ",330
"26,192",108-VN-T30,FPQ-15040,SCMS-263630,ASN-31648,Vietnam,PMO - US,Direct Drop,EXW,Air,10/30/2014,12-08-14,01-Jun-15,01-Jun-15,01-Jun-15,ARV,Adult,MYLAN LABORATORIES LTD (FORMERLY MATRIX LABORATORIES),"Efavirenz/Lamivudine/Tenofovir Disoproxil Fumarate 600/300/300mg, tablets, 30 Tabs",Efavirenz/Lamivudine/Tenofovir Disoproxil Fumarate,Generic,600/300/300mg,Tablet - FDC,30,"18,616",188952.40,10.15,0.34,Mylan (formerly Matrix) Nashik,TRUE,2101,"$4,384.01 ",194.24
"83,410",151-NG-T30,FPQ-4537,SO-35030,DN-1734,Nigeria,PMO - US,From RDC,N/A - From RDC,Air Charter,11-06-09,N/A - From RDC,19-Apr-10,31-Mar-10,31-Mar-10,ARV,Adult,SCMS from RDC,"Lamivudine 150mg, tablets, 60 Tabs",Lamivudine,Generic,150mg,Tablet,60,"8,820",21520.80,2.44,0.04,"Aurobindo Unit III, India",TRUE,420,Freight Included in Commodity Cost,46.4
"26,250",102-KE-T30,FPQ-3976,SCMS-52791,ASN-4981,Kenya,PMO - US,Direct Drop,EXW,Air,7/20/2009,09-03-09,13-Oct-09,13-Oct-09,13-Oct-09,HRDT,HIV test,"Trinity Biotech, Plc","HIV 1/2, Uni-Gold HIV Kit, 20 Tests","HIV 1/2, Uni-Gold HIV Kit",Uni-Gold,,Test kit,20,"2,000",64000.00,32,1.6,"Trinity Biotech, Plc",TRUE,682,"$7,258.89 ",125.44
"83,437",151-NG-T30,FPQ-5023,SO-36431,DN-1882,Nigeria,PMO - US,From RDC,N/A - From RDC,Air,02-10-10,N/A - From RDC,15-Jul-10,28-Jun-10,28-Jun-10,ARV,Adult,SCMS from RDC,"Lamivudine/Nevirapine/Zidovudine 150/200/300mg, tablets, 60 Tabs",Lamivudine/Nevirapine/Zidovudine,Generic,150/300/200mg,Tablet - FDC,60,"10,000",112200.00,11.22,0.19,"Aurobindo Unit III, India",TRUE,1173,Freight Included in Commodity Cost,241.9
"26,265",103-ZW-T30,FPQ-15220,SCMS-261590,ASN-31188,Zimbabwe,PMO - US,Direct Drop,FCA,Air,10/27/2014,10/30/2014,07-May-15,07-May-15,07-May-15,ARV,Pediatric,ABBVIE LOGISTICS (FORMERLY ABBOTT LOGISTICS BV),"Lopinavir/Ritonavir 80/20mg/ml [Kaletra], oral solution, cool, Bottle 5 x 60 ml",Lopinavir/Ritonavir,Kaletra,80/20mg/ml,Oral solution,300,"2,626",80933.32,30.82,0.1,ABBVIE (Abbott) Logis. UK,TRUE,2584,"$20,480.64 ",95.26
"83,439",151-NG-T30,FPQ-5023,SO-36465,DN-1896,Nigeria,PMO - US,From RDC,N/A - From RDC,Air,02-10-10,N/A - From RDC,15-Jul-10,28-Jun-10,28-Jun-10,ARV,Adult,SCMS from RDC,"Nevirapine 200mg, tablets, 60 Tabs",Nevirapine,Generic,200mg,Tablet,60,"3,000",8190.00,2.73,0.05,"Strides, Bangalore, India.",TRUE,206,Freight Included in Commodity Cost,17.66
"83,440",151-NG-T30,FPQ-5023,SO-36520,DN-1921,Nigeria,PMO - US,From RDC,N/A - From RDC,Air,02-10-10,N/A - From RDC,15-Jul-10,28-Jun-10,28-Jun-10,ARV,Pediatric,SCMS from RDC,"Efavirenz 200mg, capsule, 90 Caps",Efavirenz,Generic,200mg,Capsule,90,"1,000",9710.00,9.71,0.11,"Aurobindo Unit III, India",TRUE,120,Freight Included in Commodity Cost,20.93
"26,345",900-SS-T30,FPQ-11623,SCMS-178030,ASN-19143,South Sudan,PMO - US,Direct Drop,EXW,Air,02-08-13,2/27/2013,16-Aug-13,16-Aug-13,16-Aug-13,HRDT,HIV test - Ancillary,"Orgenics, Ltd","Capillary Tubes, for Determine, EDTA, 50uL,100 Pcs","HIV, Capillary Tubes, for Determine, EDTA, 50uL,100 Pcs",Determine,,Test kit - Ancillary,100,214,1712.00,8,0.08,"Alere Medical Co., Ltd.",TRUE,97,"$2,590.24 ",2.12
"26,397",127-KE-T30,FPQ-7907,SCMS-115320,ASN-12097,Kenya,PMO - US,Direct Drop,EXW,Air,6/23/2011,7/20/2011,30-Sep-11,30-Sep-11,30-Sep-11,HRDT,HIV test,"Orgenics, Ltd","HIV 1/2, Determine Complete HIV Kit, 100 Tests","HIV 1/2, Determine Complete HIV Kit",Determine,,Test kit,100,"7,318",651302.00,89,0.89,Inverness Japan,TRUE,2556,"$29,339.63 ","1,074.65"
"26,410",119-NA-T30,FPQ-4186,SCMS-53270,ASN-5204,Namibia,PMO - US,Direct Drop,EXW,Air,09-03-09,09-11-09,27-Oct-09,27-Oct-09,27-Oct-09,HRDT,HIV test,"Trinity Biotech, Plc","HIV 1/2, Uni-Gold HIV Kit, 20 Tests","HIV 1/2, Uni-Gold HIV Kit",Uni-Gold,,Test kit,20,"1,000",32000.00,32,1.6,"Trinity Biotech, Plc",TRUE,345,"$8,858.67 ",62.72
"83,441",151-NG-T30,FPQ-4537,SO-36671,DN-1925,Nigeria,PMO - US,From RDC,N/A - From RDC,Air,11-06-09,N/A - From RDC,21-Jul-10,28-Jun-10,28-Jun-10,ARV,Adult,SCMS from RDC,"Lamivudine/Zidovudine 150/300mg, tablets, 60 Tabs",Lamivudine/Zidovudine,Generic,150/300mg,Tablet - FDC,60,100,876.00,8.76,0.15,"Aurobindo Unit III, India",TRUE,4582,Freight Included in Commodity Cost,1.89
"26,440",110-ZM-T30,FPQ-6263,SCMS-87290,ASN-8998,Zambia,PMO - US,Direct Drop,EXW,Air,09-08-10,10-07-10,17-Dec-10,17-Dec-10,17-Dec-10,HRDT,HIV test,"Orgenics, Ltd","HIV 1/2, Determine Complete HIV Kit, 100 Tests","HIV 1/2, Determine Complete HIV Kit",Determine,,Test kit,100,"2,730",218400.00,80,0.8,Inverness Japan,TRUE,1318,"$21,737.72 ",470.87
"26,466",123-NG-T30,FPQ-9201,SCMS-144320,ASN-14987,Nigeria,PMO - US,Direct Drop,EXW,Air,3/19/2012,05-01-12,05-Jun-12,05-Jun-12,05-Jun-12,ANTM,Malaria,IDA FOUNDATION,"Sulfadoxine/Pyrimethamine 500/25mg, tablets, Blister 10 x 3 Tabs",Sulfadoxine/Pyrimethamine,Generic,500/25mg,Tablet - FDC + blister,30,"1,200",1836.00,1.53,0.05,"Micro Labs Ltd. (Brown & Burk), India",TRUE,52,$428.66 ,2.57
"26,505",102-ML-T30,FPQ-13391,SCMS-221920,ASN-24156,Mali,PMO - US,Direct Drop,EXW,Air,12/16/2013,1/22/2014,12-Feb-14,12-Feb-14,20-Feb-14,HRDT,HIV test,Orasure Technologies Inc.,"HIV 1/2, OraQuick Advance HIV Rapid Antibody Kit, 100 Tests","HIV 1/2, OraQuick Advance HIV Rapid Antibody Kit",OraQuick,,Test kit,100,4,1400.00,350,3.5,"Pacific Biotech, Thailand",TRUE,11,"$1,195.24 ",1.44
"26,558",123-NG-T30,FPQ-7742,SCMS-111230,ASN-11793,Nigeria,PMO - US,Direct Drop,EXW,Air,5/31/2011,6/21/2011,13-Sep-11,13-Sep-11,13-Sep-11,ANTM-6eg,Malaria,IDA FOUNDATION,"Sulfadoxine/Pyrimethamine 500/25mg, tablets, Blister 10 x 3 Tabs",Sulfadoxine/Pyrimethamine,Generic,500/25mg,Tablet - FDC + blister,30,300,330.00,1.1,0.04,"Remedica, Limassol, Cyprus",TRUE,13,$365.48 ,0.54
"83,442",151-NG-T30,FPQ-5023,SO-36545,DN-1941,Nigeria,PMO - US,From RDC,N/A - From RDC,Air,02-10-10,N/A - From RDC,15-Jul-10,28-Jun-10,28-Jun-10,ARV,Adult,SCMS from RDC,"Lamivudine/Zidovudine 150/300mg, tablets, 60 Tabs",Lamivudine/Zidovudine,Generic,150/300mg,Tablet - FDC,60,155,1357.80,8.76,0.15,Mylan (formerly Matrix) Nashik,TRUE,13,Freight Included in Commodity Cost,2.93
"83,552",109-TZ-T30,FPQ-8297,SO-40601,DN-2483,Tanzania,PMO - US,From RDC,N/A - From RDC,Truck,8/22/2011,N/A - From RDC,29-Feb-12,05-Feb-12,05-Feb-12,ARV,Adult,SCMS from RDC,"Efavirenz 600mg, tablets, 30 Tabs",Efavirenz,Generic,600mg,Tablet,30,"65,000",274300.00,4.22,0.14,"Aurobindo Unit III, India",FALSE,Weight Captured Separately,Freight Included in Commodity Cost,452.6
"26,591",161-ZA-T30,FPQ-5303,SCMS-68860,ASN-6932,South Africa,PMO - US,Direct Drop,DDP,Air,3/18/2010,3/19/2010,01-Jun-10,04-Jun-10,04-Jun-10,ARV,Adult,Aurobindo Pharma Limited,"Efavirenz 600mg, tablets, 30 Tabs",Efavirenz,Generic,600mg,Tablet,30,"53,954",251965.18,4.67,0.16,"Aurobindo Unit III, India",TRUE,4564,"$6,105.79 ",543.24
"26,612",108-VN-T30,FPQ-13524,SCMS-226260,ASN-26927,Vietnam,PMO - US,Direct Drop,EXW,Air,02-06-14,03-10-14,13-Aug-14,13-Aug-14,25-Aug-14,ARV,Adult,HETERO LABS LIMITED,"Lamivudine 150mg, tablets, 60 Tabs",Lamivudine,Generic,150mg,Tablet,60,"18,600",34410.00,1.85,0.03,Hetero Unit III Hyderabad IN,TRUE,2175,"$4,354.80 ",35.37
"26,617",114-UG-T30,FPQ-9365,SCMS-142240,ASN-14834,Uganda,PMO - US,Direct Drop,CIP,Air,3/15/2012,04-04-12,21-May-12,21-May-12,21-May-12,ARV,Adult,MERCK SHARP & DOHME IDEA GMBH (FORMALLY MERCK SHARP & DOHME B.V.),"Raltegravir 400mg [Isentress], tablets, 60 Tabs",Raltegravir,Isentress,400mg,Tablet,60,189,10489.50,55.5,0.92,"MSD, Haarlem, NL",TRUE,19,$710 ,14.71
"83,629",102-ZW-T30,FPQ-9927,SO-42302,DN-2881,Zimbabwe,PMO - US,From RDC,N/A - From RDC,Truck,5/15/2012,N/A - From RDC,31-Oct-12,18-Oct-12,18-Oct-12,ARV,Adult,SCMS from RDC,"Lamivudine/Zidovudine 150/300mg, tablets, 60 Tabs",Lamivudine/Zidovudine,Generic,150/300mg,Tablet - FDC,60,"69,990",540322.80,7.72,0.13,"Cipla, Goa, India",TRUE,6408,Freight Included in Commodity Cost,757.53
"83,702",151-NG-T30,FPQ-11864,SO-44922,DN-3242,Nigeria,PMO - US,From RDC,N/A - From RDC,Air Charter,3/14/2013,N/A - From RDC,04-Sep-13,23-Jul-13,23-Jul-13,ARV,Adult,SCMS from RDC,"Lamivudine/Zidovudine 150/300mg, tablets, 60 Tabs",Lamivudine/Zidovudine,Generic,150/300mg,Tablet - FDC,60,"4,026",29269.02,7.27,0.12,"Aurobindo Unit III, India",TRUE,410,Freight Included in Commodity Cost,36.21
"26,686",102-BW-T30,FPQ-10435,SCMS-155770,ASN-15983,Botswana,PMO - US,Direct Drop,EXW,Air,7/27/2012,08-02-12,27-Aug-12,27-Aug-12,27-Aug-12,HRDT,HIV test,"Trinity Biotech, Plc","HIV 1/2, Uni-Gold HIV Kit, 20 Tests","HIV 1/2, Uni-Gold HIV Kit",Uni-Gold,,Test kit,20,"4,000",128000.00,32,1.6,"Trinity Biotech, Plc",TRUE,1315,"$13,179.80 ",179.46
"83,777",114-UG-T30,FPQ-13108,SO-46882,DN-3602,Uganda,PMO - US,From RDC,N/A - From RDC,Truck,10/16/2013,N/A - From RDC,30-Apr-14,18-Apr-14,07-May-14,ARV,Adult,SCMS from RDC,"Nevirapine 200mg, tablets, 60 Tabs",Nevirapine,Generic,200mg,Tablet,60,"12,965",29300.90,2.26,0.04,"Aurobindo Unit III, India",TRUE,1243,Freight Included in Commodity Cost,30.12
"26,741",103-SS-T30,FPQ-11382,SCMS-173330,ASN-18684,South Sudan,PMO - US,Direct Drop,EXW,Air,01-04-13,1/22/2013,09-May-13,09-May-13,09-May-13,HRDT,HIV test,"Orgenics, Ltd","HIV 1/2, Determine Complete HIV Kit, 100 Tests","HIV 1/2, Determine Complete HIV Kit",Determine,,Test kit,100,544,48416.00,89,0.89,"Alere Medical Co., Ltd.",TRUE,226,"$5,613.63 ",59.89
"83,925",110-ZM-T30,FPQ-14784,SO-49610,DN-4328,Zambia,PMO - US,From RDC,N/A - From RDC,Truck,08-12-14,N/A - From RDC,17-Aug-15,25-Aug-15,03-Sep-15,ARV,Adult,SCMS from RDC,"Abacavir 300mg, tablets, 60 Tabs",Abacavir,Generic,300mg,Tablet,60,"19,099",211807.91,11.09,0.18,"Aurobindo Unit III, India",TRUE,9459,Freight Included in Commodity Cost,217.74
"83,926",110-ZM-T30,FPQ-14575,SO-49283,DN-4331,Zambia,PMO - US,From RDC,N/A - From RDC,Truck,07-11-14,N/A - From RDC,14-Aug-15,25-Aug-15,03-Sep-15,ARV,Adult,SCMS from RDC,"Nevirapine 200mg, tablets, 60 Tabs",Nevirapine,Generic,200mg,Tablet,60,"61,154",133315.72,2.18,0.04,"Cipla, Goa, India",TRUE,7957,Freight Included in Commodity Cost,137.05
"83,929",103-ZW-T30,FPQ-16162,SO-51300,DN-4335,Zimbabwe,PMO - US,From RDC,N/A - From RDC,Truck,04-07-15,N/A - From RDC,31-Dec-15,04-Aug-15,11-Aug-15,ARV,Pediatric,SCMS from RDC,"Efavirenz 200mg, scored tablets, 90 Tabs",Efavirenz,Generic,200mg,Tablet,90,"1,482",13782.60,9.3,0.1,"Strides, Bangalore, India.",TRUE,90,Freight Included in Commodity Cost,16.22
"26,821",109-TZ-T30,FPQ-4157,SCMS-52774,ASN-5621,Tanzania,PMO - US,Direct Drop,EXW,Air,8/27/2009,09-03-09,11-Dec-09,11-Dec-09,11-Dec-09,HRDT,HIV test,"Orgenics, Ltd","HIV 1/2, Determine HIV Kit, without Lancets, 100 Tests","HIV 1/2, Determine HIV Kit, without Lancets",Determine,,Test kit,100,950,66500.00,70,0.7,Inverness Japan,TRUE,216,"$3,744.18 ",130.34
"26,829",161-ZA-T30,FPQ-5303,SCMS-68750,ASN-8702,South Africa,PMO - US,Direct Drop,DDP,Air,3/18/2010,3/19/2010,13-Oct-10,29-Nov-10,29-Nov-10,ARV,Adult,CIPLA LIMITED,"Tenofovir Disoproxil Fumarate 300mg, tablets, 30 Tabs",Tenofovir Disoproxil Fumarate,Generic,300mg,Tablet,30,"44,717",349686.94,7.82,0.26,"Cipla, Goa, India",TRUE,3071,"$3,646.13 ",753.93
"83,987",151-NG-T30,FPQ-4537,SO-35050,DN-1715,Nigeria,PMO - US,From RDC,N/A - From RDC,Air Charter,11-06-09,N/A - From RDC,19-Apr-10,31-Mar-10,31-Mar-10,ARV,Adult,SCMS from RDC,"Lamivudine/Zidovudine 150/300mg, tablets, 60 Tabs",Lamivudine/Zidovudine,Generic,150/300mg,Tablet - FDC,60,"5,000",43800.00,8.76,0.15,"Aurobindo Unit III, India",TRUE,452,Freight Included in Commodity Cost,94.43
"26,843",102-SD-T30,FPQ-8261,SCMS-120463,ASN-12332,Sudan,PMO - US,Direct Drop,EXW,Air,8/29/2011,09-07-11,11-Jan-12,11-Jan-12,11-Jan-12,HRDT,HIV test,"Trinity Biotech, Plc","HIV 1/2, Uni-Gold HIV Kit, 20 Tests","HIV 1/2, Uni-Gold HIV Kit",Uni-Gold,,Test kit,20,11,352.00,32,1.6,"Trinity Biotech, Plc",TRUE,5,$578.73 ,0.58
"83,988",151-NG-T30,FPQ-4537,SO-35060,DN-1720,Nigeria,PMO - US,From RDC,N/A - From RDC,Air Charter,11-06-09,N/A - From RDC,19-Apr-10,31-Mar-10,31-Mar-10,ARV,Adult,SCMS from RDC,"Lamivudine/Nevirapine/Zidovudine 150/200/300mg, tablets, 60 Tabs",Lamivudine/Nevirapine/Zidovudine,Generic,150/300/200mg,Tablet - FDC,60,"100,000",1122000.00,11.22,0.19,"Aurobindo Unit III, India",TRUE,11725,Freight Included in Commodity Cost,"2,419.03"
"26,879",161-ZA-T30,FPQ-6262,SCMS-83790,ASN-9477,South Africa,PMO - US,Direct Drop,DDP,Ocean,8/31/2010,9/24/2010,06-Jan-11,10-Mar-11,10-Mar-11,ARV,Pediatric,Aurobindo Pharma Limited,"Nevirapine 10mg/ml, oral suspension w/syringe, Bottle, 240 ml",Nevirapine,Generic,10mg/ml,Oral suspension,240,"10,233",21693.96,2.12,0.01,"Aurobindo Unit III, India",TRUE,3542,"$6,660.05 ",46.77
"83,989",151-NG-T30,FPQ-4537,SO-35061,DN-1723,Nigeria,PMO - US,From RDC,N/A - From RDC,Air Charter,11-06-09,N/A - From RDC,19-Apr-10,30-Mar-10,30-Mar-10,ARV,Adult,SCMS from RDC,"Lamivudine/Nevirapine/Zidovudine 150/200/300mg, tablets, 60 Tabs",Lamivudine/Nevirapine/Zidovudine,Generic,150/300/200mg,Tablet - FDC,60,"20,518",230211.96,11.22,0.19,"Aurobindo Unit III, India",TRUE,2407,Freight Included in Commodity Cost,496.34
"26,898",106-HT-T30,FPQ-11065,SCMS-169350,ASN-18782,Haiti,PMO - US,Direct Drop,EXW,Air,11/26/2012,12-12-12,25-Apr-13,25-Apr-13,25-Apr-13,HRDT,HIV test,"SHANGHAI KEHUA BIOENGINEERING CO.,LTD.  (KHB)","HIV 1/2, SKB Colloidal Gold, Diagnostic Kit, Antibody, 50 Tests","HIV 1/2, Colloidal Gold, Diagnostic Kit, Antibody",Colloidal Gold,,Test kit,1,250,6125.00,24.5,24.5,"KHB Test Kit Facility, Shanghai China",TRUE,164,"$2,179.49 ",7.58
"26,917",117-ET-T30,FPQ-6608,SCMS-92100,ASN-9295,Ethiopia,PMO - US,Direct Drop,EXW,Air,11-09-10,11/24/2010,13-Jan-11,13-Jan-11,13-Jan-11,HRDT,HIV test,"SHANGHAI KEHUA BIOENGINEERING CO.,LTD.  (KHB)","HIV 1/2, SKB Colloidal Gold, Diagnostic Kit, Antibody, 50 Tests","HIV 1/2, Colloidal Gold, Diagnostic Kit, Antibody",Colloidal Gold,,Test kit,1,990,22770.00,23,23,"KHB Test Kit Facility, Shanghai China",TRUE,718,"$6,161.42 ",37.57
"83,991",151-NG-T30,FPQ-4537,SO-35096,DN-1746,Nigeria,PMO - US,From RDC,N/A - From RDC,Air Charter,11-06-09,N/A - From RDC,19-Apr-10,31-Mar-10,31-Mar-10,ARV,Adult,SCMS from RDC,"Zidovudine 300mg, tablets, 60 Tabs",Zidovudine,Generic,300mg,Tablet,60,905,6787.50,7.5,0.12,Mylan (formerly Matrix) Nashik,TRUE,47,Freight Included in Commodity Cost,14.63
"26,961",106-HT-T30,FPQ-14083,SCMS-240110,ASN-27824,Haiti,PMO - US,Direct Drop,FCA,Air,05-11-14,5/28/2014,26-Sep-14,26-Sep-14,06-Oct-14,ARV,Adult,ABBVIE LOGISTICS (FORMERLY ABBOTT LOGISTICS BV),"Lopinavir/Ritonavir 200/50mg [Aluvia], tablets, 120 Tabs",Lopinavir/Ritonavir,Aluvia,200/50mg,Tablet,120,"1,008",18809.28,18.66,0.16,ABBVIE Ludwigshafen Germany,TRUE,406,"$2,562.60 ",19.34
"26,965",114-UG-T30,FPQ-14325,SCMS-244370,ASN-29012,Uganda,PMO - US,Direct Drop,FCA,Air,5/26/2014,6/23/2014,08-Nov-14,08-Nov-14,12-Nov-14,ARV,Adult,ABBVIE LOGISTICS (FORMERLY ABBOTT LOGISTICS BV),"Ritonavir 100mg [Norvir], film coated tablets, 60 Tabs",Ritonavir,Norvir,100mg,Tablet,60,579,3966.15,6.85,0.11,ABBVIE Ludwigshafen Germany,TRUE,83,$800 ,4.08
"84,014",151-NG-T30,FPQ-5023,SO-36462,DN-1895,Nigeria,PMO - US,From RDC,N/A - From RDC,Air,02-10-10,N/A - From RDC,15-Jul-10,28-Jun-10,28-Jun-10,ARV,Adult,SCMS from RDC,"Nevirapine 200mg, tablets, 60 Tabs",Nevirapine,Generic,200mg,Tablet,60,"46,678",127430.94,2.73,0.05,"Aurobindo Unit III, India",TRUE,4490,Freight Included in Commodity Cost,274.74
"84,015",151-NG-T30,FPQ-5023,SO-36441,DN-1899,Nigeria,PMO - US,From RDC,N/A - From RDC,Air,02-10-10,N/A - From RDC,15-Jul-10,28-Jun-10,28-Jun-10,ARV,Adult,SCMS from RDC,"Efavirenz 600mg, tablets, 30 Tabs",Efavirenz,Generic,600mg,Tablet,30,"28,500",131100.00,4.6,0.15,"Aurobindo Unit III, India",TRUE,2442,Freight Included in Commodity Cost,282.65
"27,015",104-CI-T30,FPQ-10636,SCMS-162550,ASN-18558,Côte d'Ivoire,PMO - US,Direct Drop,EXW,Air,9/19/2012,10-12-12,21-Mar-13,21-Mar-13,21-Mar-13,ARV,Adult,MYLAN LABORATORIES LTD (FORMERLY MATRIX LABORATORIES),"Atazanavir/Ritonavir 300/100mg, tablets, 30 Tabs",Atazanavir/Ritonavir,Generic,300/100mg,Tablet,30,"1,400",31500.00,22.5,0.75,Mylan (formerly Matrix) Nashik,TRUE,364,"$4,171.65 ",44.16
"27,026",161-ZA-T30,FPQ-5303,SCMS-68720,ASN-7537,South Africa,PMO - US,Direct Drop,DDP,Air,3/18/2010,3/19/2010,19-Jul-10,29-Jul-10,29-Jul-10,ARV,Adult,CIPLA LIMITED,"Tenofovir Disoproxil Fumarate 300mg, tablets, 30 Tabs",Tenofovir Disoproxil Fumarate,Generic,300mg,Tablet,30,"2,016",15765.12,7.82,0.26,"Cipla, Goa, India",TRUE,136,"$1,881.24 ",33.99
"27,049",105-GH-T30,FPQ-13809,SCMS-234100,ASN-27344,Ghana,PMO - US,Direct Drop,EXW,Air,03-07-14,4/14/2014,08-Sep-14,08-Sep-14,10-Sep-14,ARV,Adult,HETERO LABS LIMITED,"Lamivudine/Tenofovir Disoproxil Fumarate 300/300mg, tablets, 30 Tabs",Lamivudine/Tenofovir Disoproxil Fumarate,Generic,300/300mg,Tablet - FDC,30,"17,447",80605.14,4.62,0.15,Hetero Unit III Hyderabad IN,TRUE,1825,"$10,790.63 ",82.86
"27,067",133-NG-T30,FPQ-12458,SCMS-196570,ASN-21226,Nigeria,PMO - US,Direct Drop,EXW,Air,06-10-13,07-10-13,27-Aug-13,27-Aug-13,27-Aug-13,HRDT,HIV test,"CHEMBIO DIAGNOSTIC SYSTEMS, INC.","HIV 1/2, Stat-Pak HIV, Kit, 20 Tests","HIV 1/2, Stat-Pak HIV, Kit",Stat-Pak,,Test kit,20,202,6464.00,32,1.6,Chembio Diagnostics Sys. Inc.,TRUE,60,$624.92 ,8
"27,092",114-UG-T30,FPQ-11141,SCMS-173430,ASN-20630,Uganda,PMO - US,Direct Drop,FCA,Air,12/13/2012,02-04-13,26-Jul-13,26-Jul-13,26-Jul-13,ARV,Pediatric,ABBVIE LOGISTICS (FORMERLY ABBOTT LOGISTICS BV),"Lopinavir/Ritonavir 100/25mg [Aluvia], tablets, 60 Tabs",Lopinavir/Ritonavir,Generic,100/25mg,Tablet,60,"2,565",15236.10,5.94,0.1,ABBVIE Ludwigshafen Germany,TRUE,304,"$2,808.12 ",18.85
"27,118",133-NG-T30,FPQ-12812,SCMS-210351,ASN-23950,Nigeria,PMO - US,Direct Drop,EXW,Air,8/13/2013,11-01-13,18-Feb-14,14-Feb-14,19-Mar-14,HRDT,HIV test,"Orgenics, Ltd","HIV 1/2, Determine Complete HIV Kit, 100 Tests","HIV 1/2, Determine Complete HIV Kit",Determine,,Test kit,100,"9,241",822449.00,89,0.89,"Alere Medical Co., Ltd.",TRUE,3744,"$57,484.06 ","1,017.37"
"27,177",106-HT-T30,FPQ-8801,SCMS-130210,ASN-13748,Haiti,PMO - US,Direct Drop,EXW,Air,12-07-11,01-09-12,05-Mar-12,05-Mar-12,05-Mar-12,HRDT,HIV test,"SHANGHAI KEHUA BIOENGINEERING CO.,LTD.  (KHB)","HIV 1/2, SKB Colloidal Gold, Diagnostic Kit, Antibody, 50 Tests","HIV 1/2, Colloidal Gold, Diagnostic Kit, Antibody",Colloidal Gold,,Test kit,1,505,12372.50,24.5,24.5,"KHB Test Kit Facility, Shanghai China",TRUE,367,"$3,638.86 ",17.35
"27,185",116-ZA-T30,FPQ-7176,SCMS-104360,ASN-11044,South Africa,PMO - US,Direct Drop,DDP,Ocean,03-10-11,04-01-11,02-Sep-11,02-Sep-11,02-Sep-11,ARV,Pediatric,Aurobindo Pharma Limited,"Efavirenz 200mg, capsule, 90 Caps",Efavirenz,Generic,200mg,Capsule,90,300,2451.00,8.17,0.09,"Aurobindo Unit III, India",TRUE,40,$422.84 ,4.04
"84,016",151-NG-T30,FPQ-5023,SO-36445,DN-1903,Nigeria,PMO - US,From RDC,N/A - From RDC,Air,02-10-10,N/A - From RDC,15-Jul-10,28-Jun-10,28-Jun-10,ARV,Adult,SCMS from RDC,"Efavirenz 600mg, tablets, 30 Tabs",Efavirenz,Generic,600mg,Tablet,30,804,3698.40,4.6,0.15,"Aurobindo Unit III, India",TRUE,68,Freight Included in Commodity Cost,7.97
"27,200",161-ZA-T30,FPQ-7175,SCMS-103720,ASN-11563,South Africa,PMO - US,Direct Drop,DDP,Air,03-10-11,3/23/2011,02-Sep-11,02-Sep-11,02-Sep-11,ARV,Adult,HETERO LABS LIMITED,"Efavirenz 600mg, tablets, 30 Tabs",Efavirenz,Generic,600mg,Tablet,30,"92,500",435675.00,4.71,0.16,Hetero Unit III Hyderabad IN,TRUE,8025,"$9,706.85 ",718.86
"27,234",107-RW-T30,FPQ-14813,SCMS-261770,ASN-29892,Rwanda,PMO - US,Direct Drop,EXW,Air,10-09-14,12/15/2014,15-Jan-15,15-Jan-15,24-Feb-15,ARV,Pediatric,Aurobindo Pharma Limited,"Lopinavir/Ritonavir 100/25mg, tablets, 60 Tabs",Lopinavir/Ritonavir,Generic,100/25mg,Tablet,60,607,4880.28,8.04,0.13,"Aurobindo Unit III, India",TRUE,66,"$1,026.40 ",5.02
"84,017",151-NG-T30,FPQ-5023,SO-36503,DN-1916,Nigeria,PMO - US,From RDC,N/A - From RDC,Air,02-10-10,N/A - From RDC,15-Jul-10,28-Jun-10,28-Jun-10,ARV,Adult,SCMS from RDC,"Zidovudine 300mg, tablets, 60 Tabs",Zidovudine,Generic,300mg,Tablet,60,200,1500.00,7.5,0.12,"Aurobindo Unit III, India",TRUE,11,Freight Included in Commodity Cost,3.23
"27,238",102-SD-T30,FPQ-8261,SCMS-120470,ASN-13278,Sudan,PMO - US,Direct Drop,EXW,Air,8/29/2011,09-07-11,07-Feb-12,07-Feb-12,07-Feb-12,HRDT,HIV test,"Trinity Biotech, Plc","HIV 1/2, Uni-Gold HIV Kit, 20 Tests","HIV 1/2, Uni-Gold HIV Kit",Uni-Gold,,Test kit,20,53,1696.00,32,1.6,"Trinity Biotech, Plc",TRUE,18,$569.11 ,2.8
"84,018",151-NG-T30,FPQ-5023,SO-36522,DN-1923,Nigeria,PMO - US,From RDC,N/A - From RDC,Air,02-10-10,N/A - From RDC,15-Jul-10,28-Jun-10,28-Jun-10,ARV,Pediatric,SCMS from RDC,"Efavirenz 200mg, capsule, 90 Caps",Efavirenz,Generic,200mg,Capsule,90,500,4855.00,9.71,0.11,"Aurobindo Unit III, India",TRUE,60,Freight Included in Commodity Cost,10.47
"27,269",107-RW-T30,FPQ-13852,SCMS-236481,ASN-27963,Rwanda,PMO - US,Direct Drop,FCA,Air,3/19/2014,08-06-14,16-Sep-14,16-Sep-14,25-Sep-14,ARV,Adult,ABBVIE LOGISTICS (FORMERLY ABBOTT LOGISTICS BV),"Ritonavir 100mg [Norvir], film coated tablets, 60 Tabs",Ritonavir,Norvir,100mg,Tablet,60,"1,514",10370.90,6.85,0.11,ABBVIE Ludwigshafen Germany,TRUE,204,"$1,949.64 ",10.66
"84,020",151-NG-T30,FPQ-5023,SO-36541,DN-1938,Nigeria,PMO - US,From RDC,N/A - From RDC,Air,02-10-10,N/A - From RDC,15-Jul-10,28-Jun-10,28-Jun-10,ARV,Adult,SCMS from RDC,"Lamivudine/Zidovudine 150/300mg, tablets, 60 Tabs",Lamivudine/Zidovudine,Generic,150/300mg,Tablet - FDC,60,"23,856",208978.56,8.76,0.15,Mylan (formerly Matrix) Nashik,TRUE,1918,Freight Included in Commodity Cost,450.56
"27,300",107-RW-T30,FPQ-6341,SCMS-84991,ASN-10790,Rwanda,PMO - US,Direct Drop,EXW,Air,09-03-10,9/28/2010,17-Jun-11,17-Jun-11,17-Jun-11,ARV,Adult,HETERO LABS LIMITED,"Efavirenz 600mg, tablets, 30 Tabs",Efavirenz,Generic,600mg,Tablet,30,"43,657",180303.41,4.13,0.14,Hetero Unit III Hyderabad IN,TRUE,3720,"$35,499.58 ",388.73
"27,327",133-NG-T30,FPQ-12456,SCMS-196560,ASN-21222,Nigeria,PMO - US,Direct Drop,EXW,Air,06-10-13,07-10-13,18-Sep-13,24-Sep-13,24-Sep-13,HRDT,HIV test,"Orgenics, Ltd","HIV 1/2, Determine Complete HIV Kit, 100 Tests","HIV 1/2, Determine Complete HIV Kit",Determine,,Test kit,100,"3,023",269047.00,89,0.89,"Alere Medical Co., Ltd.",TRUE,1221,"$12,793.70 ",332.81
"27,400",110-ZM-T30,FPQ-12634,SCMS-201910,ASN-21478,Zambia,PMO - US,Direct Drop,EXW,Air,7/17/2013,08-06-13,18-Sep-13,18-Sep-13,18-Sep-13,HRDT,HIV test,"Trinity Biotech, Plc","HIV 1/2, Uni-Gold HIV Kit, 20 Tests","HIV 1/2, Uni-Gold HIV Kit",Uni-Gold,,Test kit,20,"3,000",96000.00,32,1.6,"Trinity Biotech, Plc",TRUE,880,"$7,616.19 ",118.75
"27,421",109-TZ-T30,FPQ-10809,SCMS-162860,ASN-17469,Tanzania,PMO - US,Direct Drop,EXW,Air,10-11-12,10/18/2012,31-Dec-12,31-Dec-12,31-Dec-12,HRDT,HIV test,"Orgenics, Ltd","HIV 1/2, Determine Complete HIV Kit, 100 Tests","HIV 1/2, Determine Complete HIV Kit",Determine,,Test kit,100,762,60960.00,80,0.8,"Alere Medical Co., Ltd.",TRUE,362,"$7,060.97 ",75.41
"84,021",151-NG-T30,FPQ-5023,SO-36543,DN-1939,Nigeria,PMO - US,From RDC,N/A - From RDC,Air,02-10-10,N/A - From RDC,15-Jul-10,28-Jun-10,28-Jun-10,ARV,Adult,SCMS from RDC,"Lamivudine/Zidovudine 150/300mg, tablets, 60 Tabs",Lamivudine/Zidovudine,Generic,150/300mg,Tablet - FDC,60,"4,674",40944.24,8.76,0.15,Mylan (formerly Matrix) Nashik,TRUE,376,Freight Included in Commodity Cost,88.28
"84,124",109-TZ-T30,FPQ-7675,SO-39750,DN-2445,Tanzania,PMO - US,From RDC,N/A - From RDC,Air,5/18/2011,N/A - From RDC,30-Jan-12,22-Dec-11,22-Dec-11,ARV,Adult,SCMS from RDC,"Efavirenz/Emtricitabine/Tenofovir Disoproxil Fumarate 600/200/300mg, tablets, 30 Tabs",Efavirenz/Emtricitabine/Tenofovir Disoproxil Fumarate,Generic,600/200/300mg,Tablet - FDC,30,"80,000",1593600.00,19.92,0.66,Mylan (formerly Matrix) Nashik,FALSE,Weight Captured Separately,Freight Included in Commodity Cost,"2,629.44"
"84,125",109-TZ-T30,FPQ-8301,SO-40550,DN-2446,Tanzania,PMO - US,From RDC,N/A - From RDC,Truck,09-02-11,N/A - From RDC,10-Jan-12,22-Dec-11,22-Dec-11,ARV,Adult,SCMS from RDC,"Efavirenz/Lamivudine/Tenofovir Disoproxil Fumarate 600/300/300mg, tablets, 30 Tabs",Efavirenz/Lamivudine/Tenofovir Disoproxil Fumarate,Generic,600/300/300mg,Tablet - FDC,30,"20,000",341600.00,17.08,0.57,Mylan (formerly Matrix) Nashik,TRUE,2302,Freight Included in Commodity Cost,563.64
"27,462",105-GY-T30,FPQ-12057,SCMS-188860,ASN-21852,Guyana,PMO - US,Direct Drop,FCA,Air,4/15/2013,5/23/2013,29-Oct-13,29-Oct-13,29-Oct-13,ARV,Pediatric,ABBVIE LOGISTICS (FORMERLY ABBOTT LOGISTICS BV),"Lopinavir/Ritonavir 80/20mg/ml [Kaletra], oral solution, cool, Bottle 5 x 60 ml",Lopinavir/Ritonavir,Kaletra,80/20mg/ml,Oral solution,300,12,729.84,60.82,0.2,ABBVIE (Abbott) Logis. UK,TRUE,48,$749.36 ,0.9
"27,474",102-SD-T30,FPQ-5292,SCMS-69260,ASN-6585,Sudan,PMO - US,Direct Drop,EXW,Air,3/15/2010,3/24/2010,07-May-10,07-May-10,07-May-10,HRDT,HIV test,"Trinity Biotech, Plc","HIV 1/2, Uni-Gold HIV Kit, 20 Tests","HIV 1/2, Uni-Gold HIV Kit",Uni-Gold,,Test kit,20,160,5120.00,32,1.6,"Trinity Biotech, Plc",TRUE,53,"$1,310.92 ",11.04
"84,265",111-MZ-T30,FPQ-11033,SO-43770,DN-3182,Mozambique,PMO - US,From RDC,N/A - From RDC,Truck,11-12-12,N/A - From RDC,26-Jul-13,26-Jul-13,26-Jul-13,ARV,Adult,SCMS from RDC,"Lamivudine/Tenofovir Disoproxil Fumarate 300/300mg, tablets, 30 Tabs",Lamivudine/Tenofovir Disoproxil Fumarate,Generic,300/300mg,Tablet - FDC,30,"8,531",40095.70,4.7,0.16,"Aurobindo Unit VII, IN",FALSE,Weight Captured Separately,Freight Included in Commodity Cost,49.6
"27,563",161-ZA-T30,FPQ-6262,SCMS-83730,ASN-9193,South Africa,PMO - US,Direct Drop,DDP,Ocean,8/31/2010,9/24/2010,29-Dec-10,29-Dec-10,29-Dec-10,ARV,Adult,Aurobindo Pharma Limited,"Tenofovir Disoproxil Fumarate 300mg, tablets, 30 Tabs",Tenofovir Disoproxil Fumarate,Generic,300mg,Tablet,30,"28,330",188394.50,6.65,0.22,"Aurobindo Unit III, India",TRUE,2645,"$5,112.92 ",406.18
"84,276",151-NG-T30,FPQ-11022,SO-45204,DN-3240,Nigeria,PMO - US,From RDC,N/A - From RDC,Air Charter,11/15/2012,N/A - From RDC,22-Jul-13,23-Jul-13,23-Jul-13,ARV,Pediatric,SCMS from RDC,"Lamivudine/Stavudine 60/12mg, dispersible tablets, 60 Tabs",Lamivudine/Stavudine,Generic,60/12mg,Chewable/dispersible tablet - FDC,60,"1,945",6418.50,3.3,0.06,"Cipla, Goa, India",TRUE,165,Freight Included in Commodity Cost,7.94
"27,586",105-SS-T30,FPQ-9807,SCMS-147641,ASN-16730,South Sudan,PMO - US,Direct Drop,EXW,Air,5/18/2012,6/20/2012,30-Nov-12,30-Nov-12,30-Nov-12,HRDT,HIV test - Ancillary,"Orgenics, Ltd","Capillary Tubes, for Determine, EDTA, 50uL,100 Pcs","HIV, Capillary Tubes, for Determine, EDTA, 50uL,100 Pcs",Determine,,Test kit - Ancillary,100,173,1384.00,8,0.08,"Alere Medical Co., Ltd.",TRUE,201,"$5,124.22 ",1.94
"27,604",107-RW-T30,FPQ-15065,SCMS-263320,ASN-30383,Rwanda,PMO - US,Direct Drop,EXW,Air,10/15/2014,12/16/2014,25-Feb-15,25-Feb-15,25-Feb-15,HRDT,HIV test,"Orgenics, Ltd","HIV 1/2, Determine Complete HIV Kit, 100 Tests","HIV 1/2, Determine Complete HIV Kit",Determine,,Test kit,100,"1,144",91520.00,80,0.8,"Alere Medical Co., Ltd.",TRUE,468,"$8,806.76 ",94.08
"84,339",111-MZ-T30,FPQ-12421,SO-45900,DN-3564,Mozambique,PMO - US,From RDC,N/A - From RDC,Truck,6/28/2013,N/A - From RDC,28-Mar-14,28-Mar-14,04-Apr-14,ARV,Adult,SCMS from RDC,"Efavirenz/Lamivudine/Tenofovir Disoproxil Fumarate 600/300/300mg, tablets, 30 Tabs",Efavirenz/Lamivudine/Tenofovir Disoproxil Fumarate,Generic,600/300/300mg,Tablet - FDC,30,"180,194",1958708.78,10.87,0.36,"Aurobindo Unit VII, IN",TRUE,13739,Freight Included in Commodity Cost,"2,422.92"
"27,634",107-RW-T30,FPQ-13851,SCMS-239020,ASN-27336,Rwanda,PMO - US,Direct Drop,EXW,Air,03-10-14,5/16/2014,22-Aug-14,22-Aug-14,26-Aug-14,ARV,Adult,MYLAN LABORATORIES LTD (FORMERLY MATRIX LABORATORIES),"Atazanavir/Ritonavir 300/100mg, tablets, 30 Tabs",Atazanavir/Ritonavir,Generic,300/100mg,Tablet,30,"3,000",60000.00,20,0.67,Mylan (formerly Matrix) Nashik,TRUE,405,"$3,484.48 ",61.68
"27,664",901-GH-T30,FPQ-14101,SCMS-245430,ASN-28552,Ghana,PMO - US,Direct Drop,EXW,Air,4/30/2014,07-08-14,03-Nov-14,03-Nov-14,12-Nov-14,ARV,Adult,HETERO LABS LIMITED,"Lamivudine/Tenofovir Disoproxil Fumarate 300/300mg, tablets, 30 Tabs",Lamivudine/Tenofovir Disoproxil Fumarate,Generic,300/300mg,Tablet - FDC,30,"45,632",210819.84,4.62,0.15,Hetero Unit III Hyderabad IN,TRUE,4539,"$22,271.36 ",216.72
"27,670",114-UG-T30,FPQ-12273,SCMS-198550,ASN-21516,Uganda,PMO - US,Direct Drop,EXW,Air,07-08-13,08-12-13,30-Sep-13,30-Sep-13,30-Sep-13,HRDT,HIV test,BIO-RAD LABORATORIES (FRANCE),"HIV 1/2, Genie III Kit, 50 Tests","HIV 1/2, Genie III Kit",Genie,,Test kit,50,15,1363.65,90.91,1.82,Bio-Rad Laboratories,TRUE,8,$855.41 ,1.69
"27,675",102-SD-T30,FPQ-7321,SCMS-107770,ASN-10900,Sudan,PMO - US,Direct Drop,EXW,Air,3/29/2011,05-02-11,24-Jun-11,24-Jun-11,24-Jun-11,HRDT,HIV test - Ancillary,"Standard Diagnostics, Inc.","HIV 1/2, Bioline 3.0 Diluent, 25 Tests, Bottle x 5 ml","HIV 1/2, Bioline 3.0 Diluent, 25 Tests",Bioline,,Test kit - Ancillary,1,13,11.70,0.9,0.9,"Standard Diagnostics, Korea",TRUE,2,"$1,193.15 ",0.02
"27,697",106-HT-T30,FPQ-14895,SCMS-261011,ASN-32761,Haiti,PMO - US,Direct Drop,EXW,Air,9/24/2014,11/14/2014,23-Jul-15,23-Jul-15,28-Jul-15,ARV,Adult,EMCURE PHARMACEUTICALS LTD,"Atazanavir/Ritonavir 300/100mg, tablets, 30 Tabs",Atazanavir/Ritonavir,Generic,300/100mg,Tablet,30,"1,052",18936.00,18,0.6,"Emcure Plot No.P-2, I.T-B.T. Park, Phase II, MIDC, Hinjwadi, Pune, India",TRUE,138,"$1,719.78 ",19.47
"27,708",104-CI-T30,FPQ-9554,SCMS-142490,ASN-14433,Côte d'Ivoire,PMO - US,Direct Drop,EXW,Air,3/19/2012,3/27/2012,25-Apr-12,25-Apr-12,25-Apr-12,HRDT,HIV test,"Orgenics, Ltd","HIV 1/2, Determine Complete HIV Kit, 100 Tests","HIV 1/2, Determine Complete HIV Kit",Determine,,Test kit,100,596,47680.00,80,0.8,"Alere Medical Co., Ltd.",TRUE,287,"$7,024.86 ",66.85
"27,765",114-UG-T30,FPQ-14407,SCMS-244520,ASN-26987,Uganda,PMO - US,Direct Drop,EXW,Air,06-11-14,6/19/2014,01-Aug-14,01-Aug-14,04-Aug-14,ARV,Adult,STRIDES ARCOLAB LIMITED,"Efavirenz 600mg, tablets, 30 Tabs",Efavirenz,Generic,600mg,Tablet,30,"61,150",195068.50,3.19,0.11,"Strides, Bangalore, India.",TRUE,3858,"$20,553.85 ",200.53
"27,777",117-ET-T30,FPQ-9098,SCMS-133600,ASN-15705,Ethiopia,PMO - US,Direct Drop,EXW,Air,01-10-12,1/23/2012,31-Jul-12,31-Jul-12,31-Jul-12,HRDT,HIV test,"SHANGHAI KEHUA BIOENGINEERING CO.,LTD.  (KHB)","HIV 1/2, SKB Colloidal Gold, Diagnostic Kit, Antibody, 50 Tests","HIV 1/2, Colloidal Gold, Diagnostic Kit, Antibody",Colloidal Gold,,Test kit,1,"1,362",33369.00,24.5,24.5,"KHB Test Kit Facility, Shanghai China",TRUE,950,"$8,859.91 ",46.78
"84,477",107-RW-T30,FPQ-15622,SO-50700,DN-4299,Rwanda,PMO - US,From RDC,N/A - From RDC,Truck,12/22/2014,N/A - From RDC,30-Jun-15,17-Jun-15,29-Jun-15,ARV,Adult,SCMS from RDC,"Lamivudine/Zidovudine 150/300mg, tablets, 60 Tabs",Lamivudine/Zidovudine,Generic,150/300mg,Tablet - FDC,60,"34,858",227274.16,6.52,0.11,Hetero Unit III Hyderabad IN,TRUE,3094,Freight Included in Commodity Cost,267.5
"27,798",117-ET-T30,FPQ-4731,SCMS-59590,ASN-6042,Ethiopia,PMO - US,Direct Drop,EXW,Air,12-10-09,12/18/2009,15-Feb-10,15-Feb-10,15-Feb-10,ARV,Adult,MYLAN LABORATORIES LTD (FORMERLY MATRIX LABORATORIES),"Efavirenz 600mg, tablets, 30 Tabs",Efavirenz,Generic,600mg,Tablet,30,"7,197",32314.53,4.49,0.15,Mylan (formerly Matrix) Nashik,TRUE,530,"$1,860.69 ",69.67
"84,480",110-ZM-T30,FPQ-14784,SO-49600,DN-4316,Zambia,PMO - US,From RDC,N/A - From RDC,Truck,08-12-14,N/A - From RDC,31-Aug-15,25-Aug-15,03-Sep-15,ARV,Adult,SCMS from RDC,"Efavirenz/Lamivudine/Tenofovir Disoproxil Fumarate 600/300/300mg, tablets, 30 Tabs",Efavirenz/Lamivudine/Tenofovir Disoproxil Fumarate,Generic,600/300/300mg,Tablet - FDC,30,"51,335",512836.65,9.99,0.33,"Aurobindo Unit VII, IN",TRUE,85128,Freight Included in Commodity Cost,527.2
"27,820",114-UG-T30,FPQ-7617,SCMS-109060,ASN-11530,Uganda,PMO - US,Direct Drop,DDP,Air,4/29/2011,05-12-11,22-Jul-11,22-Jul-11,22-Jul-11,ARV,Adult,ASPEN PHARMACARE,"Etravirine 100mg [Intelence], tablets, 120 Tabs",Etravirine,Intelence,100mg,Tablet,120,93,7839.90,84.3,0.7,"Janssen-Cilag, Latina, IT",TRUE,22,$140 ,12.94
"27,829",105-SS-T30,FPQ-14470,SCMS-245250,ASN-27328,South Sudan,PMO - US,Direct Drop,EXW,Air,6/17/2014,6/30/2014,03-Oct-14,03-Oct-14,12-Nov-14,HRDT,HIV test - Ancillary,"Orgenics, Ltd","Capillary Tubes, for Determine, EDTA, 50uL,100 Pcs","HIV, Capillary Tubes, for Determine, EDTA, 50uL,100 Pcs",Determine,,Test kit - Ancillary,100,115,920.00,8,0.08,"Alere Medical Co., Ltd.",TRUE,173,"$4,594.07 ",0.95
"27,833",108-VN-T30,FPQ-11560,SCMS-177630,ASN-20042,Vietnam,PMO - US,Direct Drop,EXW,Air,02-07-13,2/13/2013,13-Jul-13,13-Jul-13,13-Jul-13,ARV,Adult,MYLAN LABORATORIES LTD (FORMERLY MATRIX LABORATORIES),"Efavirenz/Lamivudine/Tenofovir Disoproxil Fumarate 600/300/300mg, tablets, 30 Tabs",Efavirenz/Lamivudine/Tenofovir Disoproxil Fumarate,Generic,600/300/300mg,Tablet - FDC,30,"42,699",490611.51,11.49,0.38,Mylan (formerly Matrix) Nashik,TRUE,4806,"$18,700.09 ",606.89
"27,842",114-UG-T30,FPQ-13816,SCMS-231310,ASN-25464,Uganda,PMO - US,Direct Drop,EXW,Air,2/27/2014,3/20/2014,13-May-14,13-May-14,13-May-14,HRDT,HIV test,"Trinity Biotech, Plc","HIV 1/2, Uni-Gold HIV Kit, 20 Tests","HIV 1/2, Uni-Gold HIV Kit",Uni-Gold,,Test kit,20,"2,481",79392.00,32,1.6,"Trinity Biotech, Plc",TRUE,780,"$5,024.15 ",81.61
"84,481",110-ZM-T30,FPQ-14784,SO-49610,DN-4328,Zambia,PMO - US,From RDC,N/A - From RDC,Truck,08-12-14,N/A - From RDC,17-Aug-15,25-Aug-15,03-Sep-15,ARV,Adult,SCMS from RDC,"Abacavir 300mg, tablets, 60 Tabs",Abacavir,Generic,300mg,Tablet,60,"80,901",897192.09,11.09,0.18,Mylan (formerly Matrix) Nashik,FALSE,Weight Captured Separately,Freight Included in Commodity Cost,922.31
"27,881",109-TZ-T30,FPQ-6795,SCMS-103291,ASN-11005,Tanzania,PMO - US,Direct Drop,FCA,Air,1/27/2011,4/14/2011,14-Jul-11,14-Jul-11,14-Jul-11,ARV,Adult,LAWRENCE LABORATORIES (SUBSIDIARY OF BRISTOL MYERS SQUIBB),"Didanosine EC 250mg [Videx EC], delayed-release capsules, Blister 3 x 10 Caps",Didanosine EC,Videx EC,250mg,Delayed-release capsules - blister,30,"6,357",116587.38,18.34,0.61,Bristol-Myers Squibb Anagni IT,TRUE,1272,"$10,816.49 ",192.37
"84,537",151-NG-T30,FPQ-4537,SO-35072,DN-1688,Nigeria,PMO - US,From RDC,N/A - From RDC,Air Charter,11-06-09,N/A - From RDC,19-Apr-10,31-Mar-10,31-Mar-10,ARV,Adult,SCMS from RDC,"Emtricitabine/Tenofovir Disoproxil Fumarate 200/300mg, tablets, 30 Tabs",Emtricitabine/Tenofovir Disoproxil Fumarate,Generic,200/300mg,Tablet - FDC,30,578,6791.50,11.75,0.39,Mylan (formerly Matrix) Nashik,TRUE,47,Freight Included in Commodity Cost,14.64
"27,938",110-ZM-T30,FPQ-8315,SCMS-120581,ASN-12827,Zambia,PMO - US,Direct Drop,EXW,Air,8/31/2011,9/19/2011,30-Nov-11,30-Nov-11,30-Nov-11,HRDT,HIV test,"Trinity Biotech, Plc","HIV 1/2, Uni-Gold HIV Kit, 20 Tests","HIV 1/2, Uni-Gold HIV Kit",Uni-Gold,,Test kit,20,"5,920",189440.00,32,1.6,"Trinity Biotech, Plc",TRUE,1896,"$25,136.39 ",312.58
"27,942",103-AO-T30,FPQ-11074,SCMS-171780,ASN-17959,Angola,PMO - US,Direct Drop,FCA,Air,12-07-12,01-03-13,25-Apr-13,25-Apr-13,25-Apr-13,ARV,Pediatric,ABBVIE LOGISTICS (FORMERLY ABBOTT LOGISTICS BV),"Lopinavir/Ritonavir 80/20mg/ml [Kaletra], oral solution, cool, Bottle 5 x 60 ml",Lopinavir/Ritonavir,Kaletra,80/20mg/ml,Oral solution,300,480,14793.60,30.82,0.1,ABBVIE (Abbott) Logis. UK,TRUE,492,"$4,281.43 ",18.3
"84,538",151-NG-T30,FPQ-4537,SO-35040,DN-1700,Nigeria,PMO - US,From RDC,N/A - From RDC,Air Charter,11-06-09,N/A - From RDC,19-Apr-10,31-Mar-10,31-Mar-10,ARV,Adult,SCMS from RDC,"Lamivudine/Nevirapine/Stavudine 150/200/30mg, tablets, 60 Tabs",Lamivudine/Nevirapine/Stavudine,Generic,150/200/30mg,Tablet - FDC,60,"1,500",9165.00,6.11,0.1,"Strides, Bangalore, India.",TRUE,113,Freight Included in Commodity Cost,19.76
"84,539",151-NG-T30,FPQ-4537,SO-35041,DN-1701,Nigeria,PMO - US,From RDC,N/A - From RDC,Air Charter,11-06-09,N/A - From RDC,19-Apr-10,31-Mar-10,31-Mar-10,ARV,Adult,SCMS from RDC,"Lamivudine/Nevirapine/Stavudine 150/200/30mg, tablets, 60 Tabs",Lamivudine/Nevirapine/Stavudine,Generic,150/200/30mg,Tablet - FDC,60,20,122.20,6.11,0.1,"Strides, Bangalore, India.",TRUE,2,Freight Included in Commodity Cost,0.26
"84,542",151-NG-T30,FPQ-4537,SO-35094,DN-1748,Nigeria,PMO - US,From RDC,N/A - From RDC,Air Charter,11-06-09,N/A - From RDC,19-Apr-10,30-Mar-10,30-Mar-10,ARV,Adult,SCMS from RDC,"Zidovudine 300mg, tablets, 60 Tabs",Zidovudine,Generic,300mg,Tablet,60,270,2025.00,7.5,0.12,Mylan (formerly Matrix) Nashik,TRUE,15,Freight Included in Commodity Cost,4.37
"28,031",108-VN-T30,FPQ-5066,SCMS-65040,ASN-6209,Vietnam,PMO - US,Direct Drop,EXW,Air,02-10-10,02-10-10,30-Mar-10,30-Mar-10,30-Mar-10,ARV,Adult,Aurobindo Pharma Limited,"Didanosine 250mg, delayed-release capsules, 30 Caps",Didanosine,Generic,250mg,Delayed-release capsules,30,84,1092.00,13,0.43,"Aurobindo Unit III, India",TRUE,6,$363.96 ,2.35
"28,039",105-GY-T30,FPQ-10268,SCMS-154460,ASN-16986,Guyana,PMO - US,Direct Drop,FCA,Air,7/16/2012,7/30/2012,18-Jan-13,18-Jan-13,18-Jan-13,ARV,Pediatric,ABBVIE LOGISTICS (FORMERLY ABBOTT LOGISTICS BV),"Lopinavir/Ritonavir 80/20mg/ml [Kaletra], oral solution, cool, Bottle 5 x 60 ml",Lopinavir/Ritonavir,Kaletra,80/20mg/ml,Oral solution,300,21,1277.22,60.82,0.2,ABBVIE (Abbott) Logis. UK,TRUE,52,"$1,097.08 ",1.79
"84,549",109-TZ-T30,FPQ-5237,SO-36210,DN-1767,Tanzania,PMO - US,From RDC,N/A - From RDC,Air,03-01-10,N/A - From RDC,21-Jul-10,31-Mar-10,31-Mar-10,ARV,Adult,SCMS from RDC,"Nevirapine 200mg, tablets, 60 Tabs",Nevirapine,Generic,200mg,Tablet,60,"4,800",13104.00,2.73,0.05,"Aurobindo Unit III, India",TRUE,460,Freight Included in Commodity Cost,28.25
"84,573",151-NG-T30,FPQ-5023,SO-36435,DN-1886,Nigeria,PMO - US,From RDC,N/A - From RDC,Air,02-10-10,N/A - From RDC,15-Jul-10,28-Jun-10,28-Jun-10,ARV,Adult,SCMS from RDC,"Lamivudine/Nevirapine/Zidovudine 150/200/300mg, tablets, 60 Tabs",Lamivudine/Nevirapine/Zidovudine,Generic,150/300/200mg,Tablet - FDC,60,"1,000",11220.00,11.22,0.19,"Aurobindo Unit III, India",TRUE,117,Freight Included in Commodity Cost,24.19
"84,574",151-NG-T30,FPQ-5023,SO-36446,DN-1904,Nigeria,PMO - US,From RDC,N/A - From RDC,Air,02-10-10,N/A - From RDC,15-Jul-10,28-Jun-10,28-Jun-10,ARV,Adult,SCMS from RDC,"Efavirenz 600mg, tablets, 30 Tabs",Efavirenz,Generic,600mg,Tablet,30,200,920.00,4.6,0.15,"Aurobindo Unit III, India",TRUE,17,Freight Included in Commodity Cost,1.98
"84,575",151-NG-T30,FPQ-5023,SO-36447,DN-1905,Nigeria,PMO - US,From RDC,N/A - From RDC,Air,02-10-10,N/A - From RDC,15-Jul-10,28-Jun-10,28-Jun-10,ARV,Adult,SCMS from RDC,"Efavirenz 600mg, tablets, 30 Tabs",Efavirenz,Generic,600mg,Tablet,30,188,864.80,4.6,0.15,"Aurobindo Unit III, India",TRUE,16,Freight Included in Commodity Cost,1.86
"28,181",161-ZA-T30,FPQ-7175,SCMS-103880,ASN-11458,South Africa,PMO - US,Direct Drop,DDP,Ocean,03-10-11,3/28/2011,03-Nov-11,03-Nov-11,03-Nov-11,ARV,Adult,STRIDES ARCOLAB LIMITED,"Lamivudine 150mg, tablets, 60 Tabs",Lamivudine,Generic,150mg,Tablet,60,"356,876",867208.68,2.43,0.04,"Strides, Bangalore, India.",TRUE,16391,"$20,258.29 ","1,430.89"
"28,190",161-ZA-T30,FPQ-7175,SCMS-103350,ASN-11471,South Africa,PMO - US,Direct Drop,DDP,Ocean,03-10-11,3/24/2011,05-Sep-11,05-Sep-11,05-Sep-11,ARV,Adult,Aurobindo Pharma Limited,"Zidovudine 300mg, tablets, 60 Tabs",Zidovudine,Generic,300mg,Tablet,60,"100,000",730000.00,7.3,0.12,"Aurobindo Unit III, India",TRUE,5177,"$10,405.58 ","1,204.50"
"84,576",151-NG-T30,FPQ-5023,SO-36530,DN-1924,Nigeria,PMO - US,From RDC,N/A - From RDC,Air,02-10-10,N/A - From RDC,15-Jul-10,28-Jun-10,28-Jun-10,ARV,Adult,SCMS from RDC,"Lamivudine/Zidovudine+Efavirenz 150/300mg+600mg, tablets, co-blister 60+30 Tabs",Lamivudine/Zidovudine+Efavirenz,Generic,150/300mg+600mg,Tablet - FDC + co-blister,90,87,1827.00,21,0.23,"Aurobindo Unit III, India",TRUE,42,Freight Included in Commodity Cost,3.94
"28,204",161-ZA-T30,FPQ-5648,SCMS-75980,ASN-8698,South Africa,PMO - US,Direct Drop,DDP,Ocean,06-02-10,6/17/2010,20-Dec-10,20-Dec-10,20-Dec-10,ARV,Adult,Aurobindo Pharma Limited,"Tenofovir Disoproxil Fumarate 300mg, tablets, 30 Tabs",Tenofovir Disoproxil Fumarate,Generic,300mg,Tablet,30,"88,289",610076.99,6.91,0.23,"Aurobindo Unit III, India",TRUE,7540,"$5,460.48 ","1,315.33"
"28,210",900-TZ-T30,FPQ-10394,SCMS-156500,ASN-16217,Tanzania,PMO - US,Direct Drop,EXW,Air,7/26/2012,08-09-12,09-Oct-12,09-Oct-12,09-Oct-12,ARV,Adult,Aurobindo Pharma Limited,"Efavirenz 600mg, tablets, 30 Tabs",Efavirenz,Generic,600mg,Tablet,30,"64,980",214434.00,3.3,0.11,"Aurobindo Unit III, India",TRUE,5578,"$18,826.62 ",300.64
"28,230",111-MZ-T30,FPQ-4738,SCMS-62180,ASN-6178,Mozambique,PMO - US,Direct Drop,EXW,Air,12-10-09,01-05-10,17-Mar-10,17-Mar-10,17-Mar-10,HRDT,HIV test,"Orgenics, Ltd","HIV 1/2, Determine HIV Kit, without Lancets, 100 Tests","HIV 1/2, Determine HIV Kit, without Lancets",Determine,,Test kit,100,"5,200",364000.00,70,0.7,Inverness Japan,TRUE,1179,"$14,110.84 ",784.78
"84,577",151-NG-T30,FPQ-4537,SO-36671,DN-1925,Nigeria,PMO - US,From RDC,N/A - From RDC,Air,11-06-09,N/A - From RDC,21-Jul-10,28-Jun-10,28-Jun-10,ARV,Adult,SCMS from RDC,"Lamivudine/Zidovudine 150/300mg, tablets, 60 Tabs",Lamivudine/Zidovudine,Generic,150/300mg,Tablet - FDC,60,"53,086",465033.36,8.76,0.15,Hetero Unit III Hyderabad IN,FALSE,Weight Captured Separately,Freight Included in Commodity Cost,"1,002.61"
"28,240",200-ZW-T30,FPQ-6488,SCMS-90630,ASN-9386,Zimbabwe,PMO - US,Direct Drop,FCA,Air,10/26/2010,11-10-10,17-Mar-11,17-Mar-11,17-Mar-11,ARV,Pediatric,ABBVIE LOGISTICS (FORMERLY ABBOTT LOGISTICS BV),"Lopinavir/Ritonavir 80/20mg/ml [Kaletra], oral solution, cool, Bottle 5 x 60 ml",Lopinavir/Ritonavir,Kaletra,80/20mg/ml,Oral solution,300,"2,166",78322.56,36.16,0.12,ABBVIE (Abbott) Logis. UK,TRUE,2480,"$18,756.25 ",168.86
"28,241",108-VN-T30,FPQ-12051,SCMS-188581,ASN-21551,Vietnam,PMO - US,Direct Drop,FCA,Air,05-03-13,8/27/2013,07-Oct-13,07-Oct-13,07-Oct-13,ARV,Adult,ABBVIE LOGISTICS (FORMERLY ABBOTT LOGISTICS BV),"Lopinavir/Ritonavir 200/50mg [Aluvia], tablets, 120 Tabs",Lopinavir/Ritonavir,Aluvia,200/50mg,Tablet,120,"8,566",520984.12,60.82,0.51,ABBVIE Ludwigshafen Germany,TRUE,2042,"$6,969.82 ",644.46
"28,262",161-ZA-T30,FPQ-7175,SCMS-103840,ASN-10874,South Africa,PMO - US,Direct Drop,DDP,Ocean,03-10-11,3/28/2011,14-Jul-11,14-Jul-11,14-Jul-11,ARV,Adult,CIPLA LIMITED,"Tenofovir Disoproxil Fumarate 300mg, tablets, 30 Tabs",Tenofovir Disoproxil Fumarate,Generic,300mg,Tablet,30,"48,000",310560.00,6.47,0.22,"Cipla, Goa, India",TRUE,3247,"$7,180.16 ",512.42
"28,265",102-BI-T30,FPQ-11512,SCMS-176910,ASN-19033,Burundi,PMO - US,Direct Drop,EXW,Air,1/29/2013,2/14/2013,03-May-13,03-May-13,03-May-13,HRDT,HIV test,"Orgenics, Ltd","HIV 1/2, Determine Complete HIV Kit, 100 Tests","HIV 1/2, Determine Complete HIV Kit",Determine,,Test kit,100,"1,560",124800.00,80,0.8,"Alere Medical Co., Ltd.",TRUE,676,"$14,189.02 ",154.38
"84,578",151-NG-T30,FPQ-5023,SO-36420,DN-1930,Nigeria,PMO - US,From RDC,N/A - From RDC,Air,02-10-10,N/A - From RDC,15-Jul-10,28-Jun-10,28-Jun-10,ARV,Adult,SCMS from RDC,"Efavirenz/Emtricitabine/Tenofovir Disoproxil Fumarate 600/200/300mg, tablets, 30 Tabs",Efavirenz/Emtricitabine/Tenofovir Disoproxil Fumarate,Generic,600/200/300mg,Tablet - FDC,30,"58,500",1165320.00,19.92,0.66,Mylan (formerly Matrix) Nashik,TRUE,6433,Freight Included in Commodity Cost,"2,512.43"
"28,282",103-CM-T30,FPQ-16210,SCMS-289290,ASN-33318,Cameroon,PMO - US,Direct Drop,FCA,Air,4/28/2015,5/29/2015,22-Jul-15,22-Jul-15,22-Jul-15,ARV,Pediatric,ABBVIE LOGISTICS (FORMERLY ABBOTT LOGISTICS BV),"Lopinavir/Ritonavir 100/25mg [Aluvia], tablets, 60 Tabs",Lopinavir/Ritonavir,Generic,100/25mg,Tablet,60,"8,800",52272.00,5.94,0.1,ABBVIE Ludwigshafen Germany,TRUE,1485,"$10,334.23 ",61.52
"84,822",111-MZ-T30,FPQ-11033,SO-43770,DN-3182,Mozambique,PMO - US,From RDC,N/A - From RDC,Truck,11-12-12,N/A - From RDC,26-Jul-13,26-Jul-13,26-Jul-13,ARV,Adult,SCMS from RDC,"Efavirenz/Lamivudine/Tenofovir Disoproxil Fumarate 600/300/300mg, tablets, 30 Tabs",Efavirenz/Lamivudine/Tenofovir Disoproxil Fumarate,Generic,600/300/300mg,Tablet - FDC,30,"7,044",74102.88,10.52,0.35,Mylan (formerly Matrix) Nashik,FALSE,Weight Captured Separately,Freight Included in Commodity Cost,91.67
"28,306",105-SS-T30,FPQ-11754,SCMS-181401,ASN-20649,South Sudan,PMO - US,Direct Drop,EXW,Air,2/22/2013,04-01-13,13-Sep-13,13-Sep-13,13-Sep-13,HRDT,HIV test,"Orgenics, Ltd","HIV 1/2, Determine Complete HIV Kit, 100 Tests","HIV 1/2, Determine Complete HIV Kit",Determine,,Test kit,100,90,8010.00,89,0.89,"Alere Medical Co., Ltd.",TRUE,39,"$1,405.56 ",9.91
"84,835",151-NG-T30,FPQ-11771,SO-44757,DN-3251,Nigeria,PMO - US,From RDC,N/A - From RDC,Air Charter,2/28/2013,N/A - From RDC,21-Aug-13,30-Jul-13,30-Jul-13,ARV,Adult,SCMS from RDC,"Lopinavir/Ritonavir 200/50mg, tablets, 120 Tabs",Lopinavir/Ritonavir,Generic,200/50mg,Tablet,120,"63,353",1330413.00,21,0.18,Mylan (formerly Matrix) Nashik,TRUE,32671,Freight Included in Commodity Cost,"1,645.72"
"28,318",105-DO-T30,FPQ-11295,SCMS-172500,ASN-18884,Dominican Republic,PMO - US,Direct Drop,EXW,Air,12/17/2012,1/15/2013,01-Apr-13,01-Apr-13,01-Apr-13,HRDT,HIV test,"Orgenics, Ltd","HIV 1/2, Determine Complete HIV Kit, 100 Tests","HIV 1/2, Determine Complete HIV Kit",Determine,,Test kit,100,"1,775",163300.00,92,0.92,"Alere Medical Co., Ltd.",TRUE,791,"$12,643.47 ",202
"28,322",109-TZ-T30,FPQ-12540,SCMS-198770,ASN-21559,Tanzania,PMO - US,Direct Drop,EXW,Air,07-03-13,7/16/2013,04-Oct-13,04-Oct-13,04-Oct-13,ARV,Adult,CIPLA LIMITED,"Lamivudine/Nevirapine/Zidovudine 150/200/300mg, tablets, 60 Tabs",Lamivudine/Nevirapine/Zidovudine,Generic,150/300/200mg,Tablet - FDC,60,"150,000",1215000.00,8.1,0.13,"Cipla, Goa, India",TRUE,21674,"$90,677.04 ","1,502.96"
"28,331",102-KE-T30,FPQ-9100,SCMS-133470,ASN-13946,Kenya,PMO - US,Direct Drop,EXW,Air,01-09-12,02-01-12,22-Mar-12,22-Mar-12,22-Mar-12,HRDT,HIV test,"Orgenics, Ltd","HIV 1/2, Determine Complete HIV Kit, 100 Tests","HIV 1/2, Determine Complete HIV Kit",Determine,,Test kit,100,"7,018",624602.00,89,0.89,"Alere Medical Co., Ltd.",TRUE,2305,"$24,428.55 ",875.69
"84,836",151-NG-T30,FPQ-11771,SO-44757,DN-3251,Nigeria,PMO - US,From RDC,N/A - From RDC,Air Charter,2/28/2013,N/A - From RDC,21-Aug-13,30-Jul-13,30-Jul-13,ARV,Adult,SCMS from RDC,"Lopinavir/Ritonavir 200/50mg, tablets, 120 Tabs",Lopinavir/Ritonavir,Generic,200/50mg,Tablet,120,"6,000",126000.00,21,0.18,Hetero Unit III Hyderabad IN,FALSE,Weight Captured Separately,Freight Included in Commodity Cost,155.86
"28,335",102-KE-T30,FPQ-4250,SCMS-55902,ASN-5660,Kenya,PMO - US,Direct Drop,EXW,Air,9/16/2009,10/23/2009,18-Jan-10,18-Jan-10,18-Jan-10,HRDT,HIV test,"Orgenics, Ltd","HIV 1/2, Determine Complete HIV Kit, 100 Tests","HIV 1/2, Determine Complete HIV Kit",Determine,,Test kit,100,"3,750",300000.00,80,0.8,Inverness Japan,TRUE,1065,"$10,075.76 ",588
"28,418",900-TZ-T30,FPQ-10394,SCMS-156500,ASN-16219,Tanzania,PMO - US,Direct Drop,EXW,Air,7/26/2012,08-09-12,09-Oct-12,12-Oct-12,12-Oct-12,ARV,Adult,Aurobindo Pharma Limited,"Efavirenz 600mg, tablets, 30 Tabs",Efavirenz,Generic,600mg,Tablet,30,"25,741",84945.30,3.3,0.11,"Aurobindo Unit III, India",TRUE,2210,"$9,452.02 ",119.09
"84,837",151-NG-T30,FPQ-11771,SO-44757,DN-3251,Nigeria,PMO - US,From RDC,N/A - From RDC,Air Charter,2/28/2013,N/A - From RDC,21-Aug-13,30-Jul-13,30-Jul-13,ARV,Adult,SCMS from RDC,"Lopinavir/Ritonavir 200/50mg, tablets, 120 Tabs",Lopinavir/Ritonavir,Generic,200/50mg,Tablet,120,"43,169",906549.00,21,0.18,"Aurobindo Unit III, India",FALSE,Weight Captured Separately,Freight Included in Commodity Cost,"1,121.40"
"28,471",133-NG-T30,FPQ-10349,SCMS-155320,ASN-16928,Nigeria,PMO - US,Direct Drop,EXW,Air,7/17/2012,8/13/2012,06-Nov-12,09-Nov-12,09-Nov-12,HRDT,HIV test,"Orgenics, Ltd","HIV 1/2, Determine Complete HIV Kit, 100 Tests","HIV 1/2, Determine Complete HIV Kit",Determine,,Test kit,100,"2,835",252315.00,89,0.89,"Alere Medical Co., Ltd.",TRUE,1352,"$31,284.02 ",353.75
"28,493",151-NG-T30,FPQ-4949,SCMS-65000,ASN-6271,Nigeria,PMO - US,Direct Drop,FCA,Air,1/25/2010,02-10-10,15-Mar-10,15-Mar-10,15-Mar-10,ARV,Adult,ABBVIE LOGISTICS (FORMERLY ABBOTT LOGISTICS BV),"Ritonavir 100mg [Norvir], capsules, cool, 4 x 84 Caps",Ritonavir,Norvir,100mg,Capsule,336,194,7441.84,38.36,0.11,ABBVIE (Abbott) Logis. UK,TRUE,390,"$2,818.79 ",16.04
"84,863",100-ZM-T30,FPQ-12497,SO-45930,DN-3357,Zambia,PMO - US,From RDC,N/A - From RDC,Truck,6/20/2013,N/A - From RDC,24-Nov-13,29-Nov-13,12-Dec-13,ARV,Adult,SCMS from RDC,"Efavirenz/Emtricitabine/Tenofovir Disoproxil Fumarate 600/200/300mg, tablets, 30 Tabs",Efavirenz/Emtricitabine/Tenofovir Disoproxil Fumarate,Generic,600/200/300mg,Tablet - FDC,30,"66,205",814321.50,12.3,0.41,Mylan (formerly Matrix) Nashik,TRUE,12121,Freight Included in Commodity Cost,"1,007.32"
"28,515",161-ZA-T30,FPQ-6262,SCMS-83790,ASN-9179,South Africa,PMO - US,Direct Drop,DDP,Ocean,8/31/2010,9/24/2010,06-Jan-11,31-Jan-11,31-Jan-11,ARV,Pediatric,Aurobindo Pharma Limited,"Nevirapine 10mg/ml, oral suspension w/syringe, Bottle, 240 ml",Nevirapine,Generic,10mg/ml,Oral suspension,240,"14,065",29817.80,2.12,0.01,"Aurobindo Unit III, India",TRUE,6196,"$1,220.84 ",64.29
"28,532",111-MZ-T30,FPQ-7270,SCMS-103140,ASN-11114,Mozambique,PMO - US,Direct Drop,EXW,Air,03-04-11,3/30/2011,12-Jul-11,12-Jul-11,12-Jul-11,HRDT,HIV test,"Orgenics, Ltd","HIV 1/2, Determine HIV Kit, without Lancets, 100 Tests","HIV 1/2, Determine HIV Kit, without Lancets",Determine,,Test kit,100,"2,769",215151.30,77.7,0.78,Inverness Japan,TRUE,628,"$7,580.09 ",355
"85,026",114-UG-T30,FPQ-14396,SO-48995,DN-4214,Uganda,PMO - US,From RDC,N/A - From RDC,Truck,06-04-14,N/A - From RDC,30-Apr-15,22-Apr-15,24-Apr-15,ARV,Adult,SCMS from RDC,"Lamivudine/Tenofovir Disoproxil Fumarate 300/300mg, tablets, 30 Tabs",Lamivudine/Tenofovir Disoproxil Fumarate,Generic,300/300mg,Tablet - FDC,30,"13,549",62189.91,4.59,0.15,"Cipla, Kurkumbh, India",TRUE,1354,Freight Included in Commodity Cost,63.93
"28,542",161-ZA-T30,FPQ-6262,SCMS-83770,ASN-9945,South Africa,PMO - US,Direct Drop,DDP,Ocean,8/31/2010,9/24/2010,07-Apr-11,26-Apr-11,26-Apr-11,ARV,Adult,Aurobindo Pharma Limited,"Zidovudine 300mg, tablets, 60 Tabs",Zidovudine,Generic,300mg,Tablet,60,"17,470",128055.10,7.33,0.12,"Aurobindo Unit III, India",TRUE,7765,"$4,835.17 ",276.09
"28,544",108-VN-T30,FPQ-15040,SCMS-263650,ASN-30556,Vietnam,PMO - US,Direct Drop,EXW,Air,10/30/2014,12-08-14,26-Mar-15,26-Mar-15,26-Mar-15,ARV,Adult,MYLAN LABORATORIES LTD (FORMERLY MATRIX LABORATORIES),"Lamivudine/Zidovudine 150/300mg, tablets, 60 Tabs",Lamivudine/Zidovudine,Generic,150/300mg,Tablet - FDC,60,"5,700",36993.00,6.49,0.11,Mylan (formerly Matrix) Nashik,TRUE,498,"$1,477.34 ",38.03
"28,545",144-BW-T30,FPQ-4207,SCMS-41860,ASN-5606,Botswana,PMO - US,Direct Drop,EXW,Air,03-10-09,3/25/2009,05-Feb-10,05-Feb-10,05-Feb-10,HRDT,HIV test,Orasure Technologies Inc.,"HIV 1/2, OraQuick Advance HIV Rapid Antibody Kit, 100 Tests","HIV 1/2, OraQuick Advance HIV Rapid Antibody Kit",OraQuick,,Test kit,100,20,7000.00,350,3.5,"Pacific Biotech, Thailand",TRUE,48,"$1,716.47 ",13.72
"28,553",161-ZA-T30,FPQ-7175,SCMS-103880,ASN-11459,South Africa,PMO - US,Direct Drop,DDP,Ocean,03-10-11,3/28/2011,03-Nov-11,03-Nov-11,03-Nov-11,ARV,Adult,STRIDES ARCOLAB LIMITED,"Lamivudine 150mg, tablets, 60 Tabs",Lamivudine,Generic,150mg,Tablet,60,"158,124",384241.32,2.43,0.04,"Strides, Bangalore, India.",TRUE,7467,"$20,258.28 ",634
"28,566",100-ZM-T30,FPQ-12180,SCMS-190740,ASN-20353,Zambia,PMO - US,Direct Drop,EXW,Air,5/14/2013,5/22/2013,23-Aug-13,23-Aug-13,23-Aug-13,HRDT,HIV test,"Orgenics, Ltd","HIV 1/2, Determine Complete HIV Kit, 100 Tests","HIV 1/2, Determine Complete HIV Kit",Determine,,Test kit,100,"2,730",218400.00,80,0.8,"Alere Medical Co., Ltd.",TRUE,1184,"$17,657.02 ",270.16
"29,155",106-HT-T30,FPQ-15038,SCMS-263100,ASN-31590,Haiti,PMO - US,Direct Drop,EXW,Air,10/22/2014,1/28/2015,13-May-15,13-May-15,15-May-15,ARV,Adult,JANSSEN SCIENCES IRELAND UC (FORMERLY JANSSEN R&D IRELAND),"Darunavir 600mg [Prezista], tablets, 60 Tabs",Darunavir,Prezista,600mg,Tablet,60,600,32400.00,54,0.9,"Janssen-Cilag, Latina, IT",TRUE,120,"$1,140.71 ",33.31
"28,577",109-TZ-T30,FPQ-6203,SCMS-82760,ASN-8626,Tanzania,PMO - US,Direct Drop,EXW,Air,8/18/2010,8/25/2010,06-Dec-10,06-Dec-10,06-Dec-10,ARV,Adult,MYLAN LABORATORIES LTD (FORMERLY MATRIX LABORATORIES),"Efavirenz/Emtricitabine/Tenofovir Disoproxil Fumarate 600/200/300mg, tablets, 30 Tabs",Efavirenz/Emtricitabine/Tenofovir Disoproxil Fumarate,Generic,600/200/300mg,Tablet - FDC,30,"53,149",1057665.10,19.9,0.66,Mylan (formerly Matrix) Nashik,TRUE,5808,"$28,514.49 ","2,280.33"
"85,044",110-ZM-T30,FPQ-14784,SO-49620,DN-4315,Zambia,PMO - US,From RDC,N/A - From RDC,Truck,08-12-14,N/A - From RDC,15-Aug-15,25-Aug-15,03-Sep-15,ARV,Adult,SCMS from RDC,"Nevirapine 200mg, tablets, 60 Tabs",Nevirapine,Generic,200mg,Tablet,60,"221,000",481780.00,2.18,0.04,Hetero Unit III Hyderabad IN,FALSE,Weight Captured Separately,Freight Included in Commodity Cost,495.27
"28,601",106-HT-T30,FPQ-13494,SCMS-225424,ASN-30187,Haiti,PMO - US,Direct Drop,EXW,Air,1/21/2014,2/19/2014,20-Feb-15,20-Feb-15,23-Feb-15,HRDT,HIV test,"SHANGHAI KEHUA BIOENGINEERING CO.,LTD.  (KHB)","HIV 1/2, SKB Colloidal Gold, Diagnostic Kit, Antibody, 50 Tests","HIV 1/2, Colloidal Gold, Diagnostic Kit, Antibody",Colloidal Gold,,Test kit,1,400,9800.00,24.5,24.5,"KHB Test Kit Facility, Shanghai China",TRUE,253,"$3,087.68 ",10.07
"28,617",104-CI-T30,FPQ-8209,SCMS-124120,ASN-12957,Côte d'Ivoire,PMO - US,Direct Drop,EXW,Air,08-11-11,10-05-11,14-Dec-11,14-Dec-11,14-Dec-11,HRDT,HIV test,"Orgenics, Ltd","HIV 1/2, Determine Complete HIV Kit, 100 Tests","HIV 1/2, Determine Complete HIV Kit",Determine,,Test kit,100,"1,384",110720.00,80,0.8,"Alere Medical Co., Ltd.",TRUE,661,"$13,740.74 ",182.69
"28,656",105-GY-T30,FPQ-5600,SCMS-72750,ASN-6942,Guyana,PMO - US,Direct Drop,EXW,Air,4/28/2010,05-05-10,31-May-10,31-May-10,31-May-10,ARV,Adult,CIPLA LIMITED,"Lopinavir/Ritonavir 200/50mg, tablets, 120 Tabs",Lopinavir/Ritonavir,Generic,200/50mg,Tablet,120,691,25567.00,37,0.31,Cipla Ltd A-42 MIDC Mahar. IN,TRUE,191,"$1,703.62 ",55.12
"28,664",111-MZ-T30,FPQ-7054,SCMS-98420,ASN-10816,Mozambique,PMO - US,Direct Drop,FCA,Air,1/21/2011,02-08-11,24-May-11,24-May-11,24-May-11,ARV,Adult,Hoffmann-La Roche ltd Basel,"Saquinavir 200mg [Invirase], capsules, 270 Caps",Saquinavir,Invirase,200mg,Capsule,270,420,43478.98,103.52,0.38,Roche Basel,TRUE,446,"$5,017.18 ",71.74
"28,673",161-ZA-T30,FPQ-7175,SCMS-123590,ASN-13166,South Africa,PMO - US,Direct Drop,DDP,Ocean,03-10-11,9/30/2011,16-Jan-12,23-Jan-12,23-Jan-12,ARV,Adult,Aurobindo Pharma Limited,"Efavirenz 600mg, tablets, 30 Tabs",Efavirenz,Generic,600mg,Tablet,30,"119,251",508009.26,4.26,0.14,"Aurobindo Unit III, India",TRUE,9461,"$7,292.27 ",838.22
"28,676",105-GY-T30,FPQ-12235,SCMS-190760,ASN-20054,Guyana,PMO - US,Direct Drop,EXW,Air,05-06-13,5/22/2013,01-Jul-13,01-Jul-13,01-Jul-13,HRDT,HIV test,"Trinity Biotech, Plc","HIV 1/2, Uni-Gold HIV Kit, 20 Tests","HIV 1/2, Uni-Gold HIV Kit",Uni-Gold,,Test kit,20,"3,140",100480.00,32,1.6,"Trinity Biotech, Plc",TRUE,1024,"$10,304.62 ",124.29
"85,045",110-ZM-T30,FPQ-14784,SO-49620,DN-4315,Zambia,PMO - US,From RDC,N/A - From RDC,Truck,08-12-14,N/A - From RDC,15-Aug-15,25-Aug-15,03-Sep-15,ARV,Adult,SCMS from RDC,"Nevirapine 200mg, tablets, 60 Tabs",Nevirapine,Generic,200mg,Tablet,60,"89,575",195273.50,2.18,0.04,"Strides, Bangalore, India.",FALSE,Weight Captured Separately,Freight Included in Commodity Cost,200.74
"85,048",110-ZM-T30,FPQ-14575,SO-49283,DN-4331,Zambia,PMO - US,From RDC,N/A - From RDC,Truck,07-11-14,N/A - From RDC,14-Aug-15,25-Aug-15,03-Sep-15,ARV,Adult,SCMS from RDC,"Lamivudine/Zidovudine 150/300mg, tablets, 60 Tabs",Lamivudine/Zidovudine,Generic,150/300mg,Tablet - FDC,60,"6,258",40802.16,6.52,0.11,Mylan (formerly Matrix) Nashik,FALSE,Weight Captured Separately,Freight Included in Commodity Cost,41.94
"28,703",111-MZ-T30,FPQ-6132,SCMS-82710,ASN-8226,Mozambique,PMO - US,Direct Drop,EXW,Air,08-12-10,8/23/2010,30-Nov-10,30-Nov-10,30-Nov-10,HRDT,HIV test,"Trinity Biotech, Plc","HIV 1/2, Uni-Gold HIV Kit, 20 Tests","HIV 1/2, Uni-Gold HIV Kit",Uni-Gold,,Test kit,20,"4,445",142240.00,32,1.6,"Trinity Biotech, Plc",TRUE,1112,"$18,669.96 ",306.67
"85,051",111-MZ-T30,FPQ-16268,SO-51410,DN-4317,Mozambique,PMO - US,From RDC,N/A - From RDC,Truck,4/23/2015,N/A - From RDC,22-Oct-15,20-Aug-15,03-Sep-15,ARV,Adult,SCMS from RDC,"Efavirenz/Lamivudine/Tenofovir Disoproxil Fumarate 600/300/300mg, tablets, 30 Tabs",Efavirenz/Lamivudine/Tenofovir Disoproxil Fumarate,Generic,600/300/300mg,Tablet - FDC,30,"134,500",1343655.00,9.99,0.33,Cipla Ltd A-42 MIDC Mahar. IN,TRUE,18177,Freight Included in Commodity Cost,"1,581.48"
"28,773",106-HT-T30,FPQ-7040,SCMS-98580,ASN-10062,Haiti,PMO - US,Direct Drop,FCA,Air,1/14/2011,02-02-11,06-Apr-11,06-Apr-11,06-Apr-11,HRDT,HIV test,"Orgenics, Ltd","HIV 1/2, Determine HIV Kit, without Lancets, 100 Tests","HIV 1/2, Determine HIV Kit, without Lancets",Determine,,Test kit,100,"2,000",195360.00,97.68,0.98,Inverness Japan,TRUE,453,"$7,030.94 ",322.34
"28,777",106-HT-T30,FPQ-13494,SCMS-225423,ASN-28600,Haiti,PMO - US,Direct Drop,EXW,Air,1/21/2014,2/19/2014,03-Nov-14,03-Nov-14,19-Nov-14,HRDT,HIV test,"SHANGHAI KEHUA BIOENGINEERING CO.,LTD.  (KHB)","HIV 1/2, SKB Colloidal Gold, Diagnostic Kit, Antibody, 50 Tests","HIV 1/2, Colloidal Gold, Diagnostic Kit, Antibody",Colloidal Gold,,Test kit,1,400,9800.00,24.5,24.5,"KHB Test Kit Facility, Shanghai China",TRUE,253,"$3,145.85 ",10.07
"28,778",110-ZM-T30,FPQ-11570,SCMS-181170,ASN-19516,Zambia,PMO - US,Direct Drop,EXW,Air,2/13/2013,3/14/2013,11-Jul-13,11-Jul-13,11-Jul-13,ARV,Pediatric,CIPLA LIMITED,"Abacavir/Lamivudine 60/30mg, dispersible tablets, 60 Tabs",Abacavir/Lamivudine,Generic,60/30mg,Chewable/dispersible tablet - FDC,60,"40,000",240000.00,6,0.1,"Cipla, Patalganga, India",TRUE,3533,"$20,188.13 ",296.88
"28,802",117-ET-T30,FPQ-4716,SCMS-59510,ASN-5721,Ethiopia,PMO - US,Direct Drop,EXW,Air,12-09-09,12-10-09,24-Dec-09,24-Dec-09,24-Dec-09,ARV,Adult,Aurobindo Pharma Limited,"Lamivudine 150mg, tablets, 60 Tabs",Lamivudine,Generic,150mg,Tablet,60,"15,000",35700.00,2.38,0.04,"Aurobindo Unit III, India",TRUE,780,"$2,949.10 ",76.97
"28,825",107-RW-T30,FPQ-3859,SCMS-48851,ASN-4860,Rwanda,PMO - US,Direct Drop,CIP,Air,6/30/2009,7/16/2009,08-Sep-09,08-Sep-09,08-Sep-09,ARV,Adult,HETERO LABS LIMITED,"Nevirapine 200mg, tablets, 60 Tabs",Nevirapine,Generic,200mg,Tablet,60,"12,000",37080.00,3.09,0.05,Hetero Unit III Hyderabad IN,TRUE,708,"$3,891.20 ",72.68
"28,838",161-ZA-T30,FPQ-5648,SCMS-75560,ASN-8147,South Africa,PMO - US,Direct Drop,DDP,Ocean,06-02-10,6/17/2010,04-Nov-10,04-Nov-10,04-Nov-10,ARV,Adult,STRIDES ARCOLAB LIMITED,"Lamivudine 150mg, tablets, 60 Tabs",Lamivudine,Generic,150mg,Tablet,60,"150,000",373500.00,2.49,0.04,"Strides, Bangalore, India.",TRUE,7670,"$8,256.97 ",805.27
"85,075",123-NG-T30,FPQ-4071,SO-33280,DN-1533,Nigeria,PMO - US,From RDC,N/A - From RDC,Air Charter,08-12-09,N/A - From RDC,24-Nov-09,20-Nov-09,20-Nov-09,ARV,Adult,SCMS from RDC,"Lamivudine 150mg, tablets, 60 Tabs",Lamivudine,Generic,150mg,Tablet,60,"50,000",122000.00,2.44,0.04,"Aurobindo Unit III, India",TRUE,2390,Freight Included in Commodity Cost,239.12
"85,095",151-NG-T30,FPQ-4537,SO-35067,DN-1685,Nigeria,PMO - US,From RDC,N/A - From RDC,Air Charter,11-06-09,N/A - From RDC,19-Apr-10,31-Mar-10,31-Mar-10,ARV,Adult,SCMS from RDC,"Lamivudine/Nevirapine/Zidovudine 150/200/300mg, tablets, 60 Tabs",Lamivudine/Nevirapine/Zidovudine,Generic,150/300/200mg,Tablet - FDC,60,"10,000",112200.00,11.22,0.19,"Aurobindo Unit III, India",TRUE,1169,Freight Included in Commodity Cost,241.9
"28,888",102-ML-T30,FPQ-13391,SCMS-221931,ASN-24573,Mali,PMO - US,Direct Drop,EXW,Air,12/16/2013,1/22/2014,25-Mar-14,25-Mar-14,28-Mar-14,HRDT,HIV test,"Orgenics, Ltd","HIV 1/2, ImmunoComb II BiSpot EIA Kit, 36 Tests","HIV 1/2, ImmunoComb II BiSpot EIA Kit",ImmunoComb,,Test kit,36,58,4930.00,85,2.36,"Alere Medical Co., Ltd.",TRUE,23,"$1,148.65 ",5.07
"28,908",161-ZA-T30,FPQ-5303,SCMS-68981,ASN-8441,South Africa,PMO - US,Direct Drop,DDP,Air,3/18/2010,3/19/2010,08-Dec-10,08-Dec-10,08-Dec-10,ARV,Adult,Aurobindo Pharma Limited,"Nevirapine 200mg, tablets, 60 Tabs",Nevirapine,Generic,200mg,Tablet,60,"26,369",76997.48,2.92,0.05,"Aurobindo Unit III, India",TRUE,3110,"$5,159.33 ",166.01
"28,913",114-UG-T30,FPQ-13122,SCMS-212360,ASN-23076,Uganda,PMO - US,Direct Drop,EXW,Air,10/16/2013,10/30/2013,15-Jan-14,15-Jan-14,15-Jan-14,ARV,Adult,MYLAN LABORATORIES LTD (FORMERLY MATRIX LABORATORIES),"Atazanavir/Ritonavir 300/100mg, tablets, 30 Tabs",Atazanavir/Ritonavir,Generic,300/100mg,Tablet,30,"6,000",120000.00,20,0.67,Mylan (formerly Matrix) Nashik,TRUE,811,"$4,139.95 ",123.36
"28,918",111-MZ-T30,FPQ-8116,SCMS-118350,ASN-14302,Mozambique,PMO - US,Direct Drop,EXW,Air,08-04-11,3/19/2012,25-May-12,25-May-12,25-May-12,HRDT,HIV test,"Trinity Biotech, Plc","HIV 1/2, Uni-Gold HIV Kit, 20 Tests","HIV 1/2, Uni-Gold HIV Kit",Uni-Gold,,Test kit,20,"7,500",240000.00,32,1.6,"Trinity Biotech, Plc",TRUE,2451,"$35,569.75 ",396
"28,923",114-UG-T30,FPQ-11141,SCMS-173470,ASN-19519,Uganda,PMO - US,Direct Drop,EXW,Air,12/13/2012,02-04-13,24-May-13,24-May-13,24-May-13,ARV,Adult,EMCURE PHARMACEUTICALS LTD,"Atazanavir 300mg, capsules, 30 Caps",Atazanavir,Generic,300mg,Capsule,30,132,2640.00,20,0.67,"Emcure Plot No.P-2, I.T-B.T. Park, Phase II, MIDC, Hinjwadi, Pune, India",TRUE,12,"$1,025.37 ",3.27
"28,928",161-ZA-T30,FPQ-5648,SCMS-75510,ASN-8300,South Africa,PMO - US,Direct Drop,DDP,Air,06-02-10,6/17/2010,25-Nov-10,25-Nov-10,25-Nov-10,ARV,Adult,Aurobindo Pharma Limited,"Tenofovir Disoproxil Fumarate 300mg, tablets, 30 Tabs",Tenofovir Disoproxil Fumarate,Generic,300mg,Tablet,30,"40,319",278604.29,6.91,0.23,"Aurobindo Unit III, India",TRUE,3545,"$5,953.38 ",600.67
"85,096",151-NG-T30,FPQ-4537,SO-35076,DN-1691,Nigeria,PMO - US,From RDC,N/A - From RDC,Air Charter,11-06-09,N/A - From RDC,19-Apr-10,31-Mar-10,31-Mar-10,ARV,Adult,SCMS from RDC,"Emtricitabine/Tenofovir Disoproxil Fumarate 200/300mg, tablets, 30 Tabs",Emtricitabine/Tenofovir Disoproxil Fumarate,Generic,200/300mg,Tablet - FDC,30,350,4112.50,11.75,0.39,Mylan (formerly Matrix) Nashik,TRUE,29,Freight Included in Commodity Cost,8.87
"28,992",107-RW-T30,FPQ-10752,SCMS-162520,ASN-17004,Rwanda,PMO - US,Direct Drop,EXW,Air,10-03-12,10/16/2012,29-Nov-12,29-Nov-12,29-Nov-12,ARV,Adult,Aurobindo Pharma Limited,"Didanosine 400mg, delayed-release capsules, 30 Caps",Didanosine,Generic,400mg,Delayed-release capsules,30,"1,680",33600.00,20,0.67,"Aurobindo Unit III, India",TRUE,131,"$2,004.44 ",47.11
"28,996",101-AF-T30,FPQ-15746,SCMS-276460,ASN-31199,Afghanistan,PMO - US,Direct Drop,EXW,Air,1/20/2015,02-12-15,18-Aug-15,18-Aug-15,18-Aug-15,ANTM-6eg,Malaria,AMSTELFARMA B.V.,"Sulfadoxine/Pyrimethamine 500/25mg, tablets, 1000 Tabs",Sulfadoxine/Pyrimethamine,Generic,500/25mg,Tablet - FDC,"1,000",26,936.00,36,0.04,"Micro Labs, Hosur, India",TRUE,21,$525.56 ,1.1
"28,998",108-VN-T30,FPQ-11418,SCMS-176140,ASN-19490,Vietnam,PMO - US,Direct Drop,FCA,Air,1/29/2013,02-11-13,03-Jun-13,03-Jun-13,03-Jun-13,ARV,Adult,ABBVIE LOGISTICS (FORMERLY ABBOTT LOGISTICS BV),"Lopinavir/Ritonavir 200/50mg [Aluvia], tablets, 120 Tabs",Lopinavir/Ritonavir,Aluvia,200/50mg,Tablet,120,"3,885",236285.70,60.82,0.51,ABBVIE Ludwigshafen Germany,TRUE,930,"$8,303.48 ",292.29
"29,020",200-DO-T30,FPQ-6615,SCMS-93370,ASN-9923,Dominican Republic,PMO - US,Direct Drop,EXW,Air,11-10-10,12-01-10,08-Mar-11,08-Mar-11,08-Mar-11,ARV,Adult,Aurobindo Pharma Limited,"Didanosine 250mg, delayed-release capsules, 30 Caps",Didanosine,Generic,250mg,Delayed-release capsules,30,"5,100",66300.00,13,0.43,"Aurobindo Unit III, India",TRUE,319,"$3,026.24 ",109.4
"29,036",114-UG-T30,FPQ-5772,SCMS-79750,ASN-7957,Uganda,PMO - US,Direct Drop,CIP,Air,6/25/2010,7/20/2010,07-Sep-10,07-Sep-10,07-Sep-10,ARV,Adult,MERCK SHARP & DOHME IDEA GMBH (FORMALLY MERCK SHARP & DOHME B.V.),"Raltegravir 400mg [Isentress], tablets, 60 Tabs",Raltegravir,Isentress,400mg,Tablet,60,63,5764.50,91.5,1.52,"MSD, Haarlem, NL",TRUE,7,$360 ,12.43
"29,043",106-HT-T30,FPQ-14083,SCMS-240202,ASN-28245,Haiti,PMO - US,Direct Drop,EXW,Ocean,05-11-14,7/31/2014,17-Nov-14,17-Nov-14,17-Nov-14,ARV,Pediatric,MYLAN LABORATORIES LTD (FORMERLY MATRIX LABORATORIES),"Lamivudine/Zidovudine 30/60mg, dispersible tablets, 60 Tabs",Lamivudine/Zidovudine,Generic,30/60mg,Chewable/dispersible tablet - FDC,60,"2,550",5074.50,1.99,0.03,"Mylan,  H-12 & H-13, India",TRUE,199,"$5,215.49 ",5.22
"29,061",102-SD-T30,FPQ-8261,SCMS-120452,ASN-13273,Sudan,PMO - US,Direct Drop,EXW,Air,8/29/2011,9/14/2011,03-Feb-12,03-Feb-12,03-Feb-12,HRDT,HIV test,"Orgenics, Ltd","HIV 1/2, Determine Complete HIV Kit, 100 Tests","HIV 1/2, Determine Complete HIV Kit",Determine,,Test kit,100,70,6230.00,89,0.89,"Alere Medical Co., Ltd.",TRUE,33,"$1,255.77 ",10.28
"29,071",108-VN-T30,FPQ-9577,SCMS-149040,ASN-16178,Vietnam,PMO - US,Direct Drop,EXW,Air,04-11-12,06-08-12,12-Oct-12,12-Oct-12,12-Oct-12,ARV,Adult,HETERO LABS LIMITED,"Lamivudine/Zidovudine 150/300mg, tablets, 60 Tabs",Lamivudine/Zidovudine,Generic,150/300mg,Tablet - FDC,60,"17,240",131886.00,7.65,0.13,Hetero Unit III Hyderabad IN,TRUE,1496,"$2,480.22 ",184.9
"85,098",151-NG-T30,FPQ-4537,SO-34897,DN-1707,Nigeria,PMO - US,From RDC,N/A - From RDC,Air Charter,11-06-09,N/A - From RDC,19-Apr-10,31-Mar-10,31-Mar-10,ARV,Adult,SCMS from RDC,"Nevirapine 200mg, tablets, 60 Tabs",Nevirapine,Generic,200mg,Tablet,60,"6,000",16380.00,2.73,0.05,"Aurobindo Unit III, India",TRUE,577,Freight Included in Commodity Cost,35.32
"29,125",107-RW-T30,FPQ-6185,SCMS-84410,ASN-9123,Rwanda,PMO - US,Direct Drop,CIP,Air,09-03-10,9/27/2010,23-Dec-10,23-Dec-10,23-Dec-10,ARV,Adult,CIPLA LIMITED,"Lopinavir/Ritonavir 200/50mg, tablets, 120 Tabs",Lopinavir/Ritonavir,Generic,200/50mg,Tablet,120,"7,634",261846.20,34.3,0.29,Cipla Ltd A-42 MIDC Mahar. IN,TRUE,2386,"$1,398 ",564.54
"29,133",114-UG-T30,FPQ-12477,SCMS-198730,ASN-21532,Uganda,PMO - US,Direct Drop,EXW,Air,07-08-13,7/24/2013,14-Sep-13,14-Sep-13,14-Sep-13,ARV,Adult,HETERO LABS LIMITED,"Lamivudine 150mg, tablets, 60 Tabs",Lamivudine,Generic,150mg,Tablet,60,"45,359",83914.15,1.85,0.03,Hetero Unit III Hyderabad IN,TRUE,2773,"$8,723.46 ",103.8
"29,157",161-ZA-T30,FPQ-6262,SCMS-84210,ASN-9949,South Africa,PMO - US,Direct Drop,DDP,Ocean,8/31/2010,9/21/2010,05-Apr-11,05-Apr-11,05-Apr-11,ARV,Adult,CIPLA LIMITED,"Nevirapine 200mg, tablets, 60 Tabs",Nevirapine,Generic,200mg,Tablet,60,"69,125",192858.75,2.79,0.05,"Cipla, Goa, India",TRUE,7346,"$19,261.02 ",415.8
"85,099",151-NG-T30,FPQ-4537,SO-35073,DN-1731,Nigeria,PMO - US,From RDC,N/A - From RDC,Air Charter,11-06-09,N/A - From RDC,19-Apr-10,31-Mar-10,31-Mar-10,ARV,Adult,SCMS from RDC,"Emtricitabine/Tenofovir Disoproxil Fumarate 200/300mg, tablets, 30 Tabs",Emtricitabine/Tenofovir Disoproxil Fumarate,Generic,200/300mg,Tablet - FDC,30,"35,000",411250.00,11.75,0.39,Mylan (formerly Matrix) Nashik,TRUE,2825,Freight Included in Commodity Cost,886.66
"85,100",151-NG-T30,FPQ-4537,SO-35056,DN-1738,Nigeria,PMO - US,From RDC,N/A - From RDC,Air Charter,11-06-09,N/A - From RDC,19-Apr-10,31-Mar-10,31-Mar-10,ARV,Adult,SCMS from RDC,"Lamivudine/Zidovudine 150/300mg, tablets, 60 Tabs",Lamivudine/Zidovudine,Generic,150/300mg,Tablet - FDC,60,"3,200",28032.00,8.76,0.15,Mylan (formerly Matrix) Nashik,TRUE,255,Freight Included in Commodity Cost,60.44
"29,259",110-ZM-T30,FPQ-12252,SCMS-189240,ASN-20475,Zambia,PMO - US,Direct Drop,EXW,Air,05-02-13,5/22/2013,05-Aug-13,05-Aug-13,05-Aug-13,HRDT,HIV test,"Orgenics, Ltd","HIV 1/2, Determine Complete HIV Kit, 100 Tests","HIV 1/2, Determine Complete HIV Kit",Determine,,Test kit,100,"2,906",232480.00,80,0.8,"Alere Medical Co., Ltd.",TRUE,1204,"$19,587.34 ",287.58
"29,274",102-KE-T30,FPQ-3976,SCMS-52790,ASN-5002,Kenya,PMO - US,Direct Drop,EXW,Air,7/20/2009,09-03-09,23-Oct-09,23-Oct-09,23-Oct-09,HRDT,HIV test,"Standard Diagnostics, Inc.","HIV 1/2, Bioline 3.0 Kit, (no accessories), 30 Tests","HIV 1/2, Bioline 3.0 Kit (no accessories)",Bioline,,Test kit,30,"12,000",288000.00,24,0.8,"Standard Diagnostics, Korea",TRUE,3733,"$29,039.18 ",564.48
"29,281",127-KE-T30,FPQ-8155,SCMS-119190,ASN-12470,Kenya,PMO - US,Direct Drop,EXW,Air,08-05-11,8/28/2011,04-Nov-11,04-Nov-11,04-Nov-11,HRDT,HIV test,"Orgenics, Ltd","HIV 1/2, Determine Complete HIV Kit, 100 Tests","HIV 1/2, Determine Complete HIV Kit",Determine,,Test kit,100,"8,657",770473.00,89,0.89,"Alere Medical Co., Ltd.",TRUE,4203,"$44,128.81 ","1,271.28"
"85,124",151-NG-T30,FPQ-5023,SO-36460,DN-1893,Nigeria,PMO - US,From RDC,N/A - From RDC,Air,02-10-10,N/A - From RDC,15-Jul-10,28-Jun-10,28-Jun-10,ARV,Adult,SCMS from RDC,"Nevirapine 200mg, tablets, 60 Tabs",Nevirapine,Generic,200mg,Tablet,60,"35,199",96093.27,2.73,0.05,"Strides, Bangalore, India.",TRUE,2411,Freight Included in Commodity Cost,207.18
"29,298",108-VN-T30,FPQ-4720,SCMS-62470,ASN-6341,Vietnam,PMO - US,Direct Drop,EXW,Air,01-04-09,01-12-10,01-Apr-10,01-Apr-10,01-Apr-10,ARV,Adult,MYLAN LABORATORIES LTD (FORMERLY MATRIX LABORATORIES),"Abacavir 300mg, tablets, 60 Tabs",Abacavir,Generic,300mg,Tablet,60,800,14000.00,17.5,0.29,Mylan (formerly Matrix) Nashik,TRUE,3002,"$6,808.99 ",30.18
"29,317",108-VN-T30,FPQ-12051,SCMS-188671,ASN-24431,Vietnam,PMO - US,Direct Drop,EXW,Air,05-03-13,12/19/2013,20-Mar-14,20-Mar-14,20-Mar-14,ARV,Adult,Aurobindo Pharma Limited,"Nevirapine 200mg, tablets, 60 Tabs",Nevirapine,Generic,200mg,Tablet,60,"6,000",13500.00,2.25,0.04,"Aurobindo Unit III, India",TRUE,594,"$1,113.01 ",16.7
"29,347",102-SZ-T30,FPQ-7281,SCMS-109450,ASN-11528,Swaziland,PMO - US,Direct Drop,EXW,Air,3/28/2011,6/17/2011,08-Aug-11,08-Aug-11,08-Aug-11,HRDT,HIV test - Ancillary,"Orgenics, Ltd","HIV, Lancet, Safety, for HIV Test kits, 100 Pcs","HIV, Lancet, Safety, for HIV Test kits, 100 Pcs",Generic,,Test kit - Ancillary,100,156,780.00,5,0.05,INVERNESS ANY,TRUE,56,"$1,670.06 ",1.29
"85,125",151-NG-T30,FPQ-5023,SO-36461,DN-1894,Nigeria,PMO - US,From RDC,N/A - From RDC,Air,02-10-10,N/A - From RDC,15-Jul-10,28-Jun-10,28-Jun-10,ARV,Adult,SCMS from RDC,"Nevirapine 200mg, tablets, 60 Tabs",Nevirapine,Generic,200mg,Tablet,60,"20,000",54600.00,2.73,0.05,"Strides, Bangalore, India.",TRUE,1370,Freight Included in Commodity Cost,117.72
"85,126",151-NG-T30,FPQ-5023,SO-36444,DN-1902,Nigeria,PMO - US,From RDC,N/A - From RDC,Air,02-10-10,N/A - From RDC,15-Jul-10,28-Jun-10,28-Jun-10,ARV,Adult,SCMS from RDC,"Efavirenz 600mg, tablets, 30 Tabs",Efavirenz,Generic,600mg,Tablet,30,"5,000",23000.00,4.6,0.15,"Aurobindo Unit III, India",TRUE,428,Freight Included in Commodity Cost,49.59
"29,427",108-VN-T30,FPQ-6384,SCMS-87760,ASN-9568,Vietnam,PMO - US,Direct Drop,EXW,Air,9/30/2010,10/14/2010,28-Feb-11,28-Feb-11,28-Feb-11,ARV,Adult,MYLAN LABORATORIES LTD (FORMERLY MATRIX LABORATORIES),"Tenofovir Disoproxil Fumarate 300mg, tablets, 30 Tabs",Tenofovir Disoproxil Fumarate,Generic,300mg,Tablet,30,"3,696",24948.00,6.75,0.22,Mylan (formerly Matrix) Nashik,TRUE,314,"$4,885.33 ",53.79
"29,479",108-VN-T30,FPQ-14516,SCMS-249041,ASN-29769,Vietnam,PMO - US,Direct Drop,EXW,Air,07-09-14,11/24/2014,05-Feb-15,05-Feb-15,24-Feb-15,ARV,Adult,MYLAN LABORATORIES LTD (FORMERLY MATRIX LABORATORIES),"Abacavir 300mg, tablets, 60 Tabs",Abacavir,Generic,300mg,Tablet,60,900,9981.00,11.09,0.18,Mylan (formerly Matrix) Nashik,TRUE,100,"$2,504.65 ",10.26
"29,538",106-HT-T30,FPQ-14895,SCMS-261120,ASN-30810,Haiti,PMO - US,Direct Drop,EXW,Air,9/24/2014,11/14/2014,27-Mar-15,26-Mar-15,30-Mar-15,ARV,Adult,MYLAN LABORATORIES LTD (FORMERLY MATRIX LABORATORIES),"Lamivudine/Nevirapine/Zidovudine 150/200/300mg, tablets, 60 Tabs",Lamivudine/Nevirapine/Zidovudine,Generic,150/300/200mg,Tablet - FDC,60,"26,608",215524.80,8.1,0.13,Mylan (formerly Matrix) Nashik,TRUE,3699,"$21,146.04 ",221.56
"29,596",107-RW-T30,FPQ-10223,SCMS-152930,ASN-16792,Rwanda,PMO - US,Direct Drop,EXW,Ocean,07-05-12,7/18/2012,10-Dec-12,10-Dec-12,10-Dec-12,ARV,Adult,MICRO LABS LIMITED,"Nevirapine 200mg, tablets, 60 Tabs",Nevirapine,Generic,200mg,Tablet,60,"171,925",388550.50,2.26,0.04,"Micro labs, Verna, Goa, India",TRUE,15683,"$36,173.15 ",544.75
"85,127",151-NG-T30,FPQ-5689,SO-37030,DN-1926,Nigeria,PMO - US,From RDC,N/A - From RDC,Air,5/27/2010,N/A - From RDC,15-Jul-10,28-Jun-10,28-Jun-10,ARV,Adult,SCMS from RDC,"Lamivudine/Nevirapine/Zidovudine 150/200/300mg, tablets, 60 Tabs",Lamivudine/Nevirapine/Zidovudine,Generic,150/300/200mg,Tablet - FDC,60,"34,379",385732.38,11.22,0.19,"Aurobindo Unit III, India",TRUE,4013,Freight Included in Commodity Cost,831.64
"85,128",151-NG-T30,FPQ-5023,SO-36470,DN-1934,Nigeria,PMO - US,From RDC,N/A - From RDC,Air,02-10-10,N/A - From RDC,15-Jul-10,28-Jun-10,28-Jun-10,ARV,Adult,SCMS from RDC,"Lamivudine/Tenofovir Disoproxil Fumarate 300/300mg, tablets, 30 Tabs",Lamivudine/Tenofovir Disoproxil Fumarate,Generic,300/300mg,Tablet - FDC,30,"45,000",450000.00,10,0.33,Mylan (formerly Matrix) Nashik,TRUE,4050,Freight Included in Commodity Cost,970.2
"29,677",108-VN-T30,FPQ-9577,SCMS-145510,ASN-16021,Vietnam,PMO - US,Direct Drop,FCA,Air,04-11-12,6/15/2012,29-Nov-12,29-Nov-12,29-Nov-12,ARV,Pediatric,ABBVIE LOGISTICS (FORMERLY ABBOTT LOGISTICS BV),"Lopinavir/Ritonavir 80/20mg/ml [Kaletra], oral solution, cool, Bottle 5 x 60 ml",Lopinavir/Ritonavir,Kaletra,80/20mg/ml,Oral solution,300,300,18246.00,60.82,0.2,ABBVIE (Abbott) Logis. UK,TRUE,275,"$1,015.98 ",25.58
"85,129",151-NG-T30,FPQ-5023,SO-36471,DN-1935,Nigeria,PMO - US,From RDC,N/A - From RDC,Air,02-10-10,N/A - From RDC,15-Jul-10,28-Jun-10,28-Jun-10,ARV,Adult,SCMS from RDC,"Lamivudine/Tenofovir Disoproxil Fumarate 300/300mg, tablets, 30 Tabs",Lamivudine/Tenofovir Disoproxil Fumarate,Generic,300/300mg,Tablet - FDC,30,"20,000",200000.00,10,0.33,Mylan (formerly Matrix) Nashik,TRUE,1801,Freight Included in Commodity Cost,431.2
"29,725",106-HT-T30,FPQ-15038,SCMS-262911,ASN-31028,Haiti,PMO - US,Direct Drop,EXW,Ocean,10/22/2014,12/31/2014,09-May-15,09-May-15,11-May-15,ARV,Adult,Aurobindo Pharma Limited,"Efavirenz/Lamivudine/Tenofovir Disoproxil Fumarate 600/300/300mg, tablets, 30 Tabs",Efavirenz/Lamivudine/Tenofovir Disoproxil Fumarate,Generic,600/300/300mg,Tablet - FDC,30,"26,010",273105.00,10.5,0.35,"Aurobindo Unit VII, IN",TRUE,3619,"$10,101.17 ",280.75
"85,131",151-NG-T30,FPQ-5023,SO-36542,DN-1945,Nigeria,PMO - US,From RDC,N/A - From RDC,Air Charter,02-10-10,N/A - From RDC,15-Jul-10,28-Jun-10,28-Jun-10,ARV,Adult,SCMS from RDC,"Lamivudine/Zidovudine 150/300mg, tablets, 60 Tabs",Lamivudine/Zidovudine,Generic,150/300mg,Tablet - FDC,60,"15,000",131400.00,8.76,0.15,"Aurobindo Unit III, India",TRUE,1040,Freight Included in Commodity Cost,283.3
"29,734",106-HT-T30,FPQ-9636,SCMS-148360,ASN-16560,Haiti,PMO - US,Direct Drop,EXW,Ocean,5/14/2012,07-03-12,20-Dec-12,20-Dec-12,20-Dec-12,ARV,Pediatric,Aurobindo Pharma Limited,"Zidovudine 100mg, capsules, 100 Caps",Zidovudine,Generic,100mg,Capsule,100,"1,200",5520.00,4.6,0.05,"Aurobindo Unit III, India",TRUE,6433,"$7,727.85 ",7.74
"29,752",108-VN-T30,FPQ-9577,SCMS-145531,ASN-16964,Vietnam,PMO - US,Direct Drop,EXW,Air,04-11-12,06-12-12,26-Nov-12,26-Nov-12,26-Nov-12,ARV,Adult,MYLAN LABORATORIES LTD (FORMERLY MATRIX LABORATORIES),"Efavirenz/Lamivudine/Tenofovir Disoproxil Fumarate 600/300/300mg, tablets, 30 Tabs",Efavirenz/Lamivudine/Tenofovir Disoproxil Fumarate,Generic,600/300/300mg,Tablet - FDC,30,"40,000",520000.00,13,0.43,Mylan (formerly Matrix) Nashik,TRUE,4233,"$6,878.63 ",729.04
"29,833",106-HT-T30,FPQ-13797,SCMS-233970,ASN-27793,Haiti,PMO - US,Direct Drop,EXW,Air,3/20/2014,4/30/2014,14-Oct-14,14-Oct-14,20-Oct-14,ARV,Pediatric,CIPLA LIMITED,"Lamivudine/Nevirapine/Zidovudine 30/50/60mg, dispersible tablets, 60 Tabs",Lamivudine/Nevirapine/Zidovudine,Generic,30/50/60mg,Chewable/dispersible tablet - FDC,60,"1,926",6933.60,3.6,0.06,"Cipla, Goa, India",TRUE,192,"$2,971.30 ",7.13
"85,368",111-MZ-T30,FPQ-11033,SO-43770,DN-3182,Mozambique,PMO - US,From RDC,N/A - From RDC,Truck,11-12-12,N/A - From RDC,26-Jul-13,26-Jul-13,26-Jul-13,ARV,Adult,SCMS from RDC,"Lamivudine/Nevirapine/Zidovudine 150/200/300mg, tablets, 60 Tabs",Lamivudine/Nevirapine/Zidovudine,Generic,150/300/200mg,Tablet - FDC,60,"50,000",429000.00,8.58,0.14,Hetero Unit III Hyderabad IN,FALSE,Weight Captured Separately,Freight Included in Commodity Cost,530.67
"29,880",108-VN-T30,FPQ-15692,SCMS-274370,ASN-32258,Vietnam,PMO - US,Direct Drop,EXW,Air,1/28/2015,2/17/2015,13-Jul-15,13-Jul-15,14-Jul-15,ARV,Adult,HETERO LABS LIMITED,"Lamivudine 150mg, tablets, 60 Tabs",Lamivudine,Generic,150mg,Tablet,60,"15,400",27720.00,1.8,0.03,Hetero Unit III Hyderabad IN,TRUE,2486,"$3,775.50 ",32.63
"29,913",101-CD-T30,FPQ-11043,SCMS-168010,ASN-18081,"Congo, DRC",PMO - US,Direct Drop,EXW,Air,11/16/2012,12-06-12,29-Jul-13,29-Jul-13,29-Jul-13,HRDT,HIV test,"Trinity Biotech, Plc","HIV 1/2, Uni-Gold HIV Kit, 20 Tests","HIV 1/2, Uni-Gold HIV Kit",Uni-Gold,,Test kit,20,362,11584.00,32,1.6,"Trinity Biotech, Plc",TRUE,134,"$1,941.34 ",14.33
"29,925",114-UG-T30,FPQ-12154,SCMS-188330,ASN-20238,Uganda,PMO - US,Direct Drop,EXW,Air,4/23/2013,05-09-13,11-Jul-13,11-Jul-13,11-Jul-13,HRDT,HIV test,"Orgenics, Ltd","HIV 1/2, Determine Complete HIV Kit, 100 Tests","HIV 1/2, Determine Complete HIV Kit",Determine,,Test kit,100,"2,788",223040.00,80,0.8,"Alere Medical Co., Ltd.",TRUE,1215,"$16,337.03 ",275.9
"29,932",161-ZA-T30,FPQ-6262,SCMS-83790,ASN-9181,South Africa,PMO - US,Direct Drop,DDP,Ocean,8/31/2010,9/24/2010,31-Jan-11,31-Jan-11,31-Jan-11,ARV,Adult,Aurobindo Pharma Limited,"Lamivudine 150mg, tablets, 60 Tabs",Lamivudine,Generic,150mg,Tablet,60,"238,627",565545.99,2.37,0.04,"Aurobindo Unit III, India",TRUE,12045,"$17,266.59 ","1,219.32"
"29,938",105-GH-T30,FPQ-13872,SCMS-235800,ASN-26464,Ghana,PMO - US,Direct Drop,EXW,Air,3/24/2014,4/23/2014,17-Jul-14,24-Jul-14,31-Jul-14,ARV,Adult,STRIDES ARCOLAB LIMITED,"Efavirenz 600mg, tablets, 30 Tabs",Efavirenz,Generic,600mg,Tablet,30,"60,000",191400.00,3.19,0.11,"Strides, Bangalore, India.",TRUE,3862,"$31,401.36 ",196.76
"29,951",114-UG-T30,FPQ-12154,SCMS-188330,ASN-20242,Uganda,PMO - US,Direct Drop,EXW,Air,4/23/2013,05-09-13,15-Jul-13,15-Jul-13,15-Jul-13,HRDT,HIV test - Ancillary,"Orgenics, Ltd","Capillary Tubes, for Determine, EDTA, 50uL,100 Pcs","HIV, Capillary Tubes, for Determine, EDTA, 50uL,100 Pcs",Determine,,Test kit - Ancillary,100,"1,727",13816.00,8,0.08,"Alere Medical Co., Ltd.",TRUE,130,$534.86 ,17.09
"85,408",100-ZM-T30,FPQ-12497,SO-45930,DN-3357,Zambia,PMO - US,From RDC,N/A - From RDC,Truck,6/20/2013,N/A - From RDC,24-Nov-13,29-Nov-13,12-Dec-13,ARV,Adult,SCMS from RDC,"Nevirapine 200mg, tablets, 60 Tabs",Nevirapine,Generic,200mg,Tablet,60,"35,496",80220.96,2.26,0.04,"Cipla, Goa, India",FALSE,Weight Captured Separately,Freight Included in Commodity Cost,99.23
"85,586",114-UG-T30,FPQ-15294,SO-50080,DN-4216,Uganda,PMO - US,From RDC,N/A - From RDC,Truck,11-03-14,N/A - From RDC,30-Apr-15,22-Apr-15,24-Apr-15,ARV,Adult,SCMS from RDC,"Efavirenz/Lamivudine/Tenofovir Disoproxil Fumarate 600/300/300mg, tablets, 30 Tabs",Efavirenz/Lamivudine/Tenofovir Disoproxil Fumarate,Generic,600/300/300mg,Tablet - FDC,30,"101,900",978240.00,9.6,0.32,Mylan (formerly Matrix) Nashik,FALSE,Weight Captured Separately,Freight Included in Commodity Cost,"1,151.39"
"29,968",107-RW-T30,FPQ-6417,SCMS-86430,ASN-8406,Rwanda,PMO - US,Direct Drop,EXW,Air,9/20/2010,9/21/2010,20-Oct-10,20-Oct-10,20-Oct-10,HRDT,HIV test,"Standard Diagnostics, Inc.","HIV 1/2, Bioline 3.0 Kit, (no accessories), 30 Tests","HIV 1/2, Bioline 3.0 Kit (no accessories)",Bioline,,Test kit,30,"1,700",40800.00,24,0.8,"Standard Diagnostics, Korea",TRUE,604,"$8,823.41 ",87.96
"29,979",108-VN-T30,FPQ-6384,SCMS-87750,ASN-9090,Vietnam,PMO - US,Direct Drop,EXW,Air,9/30/2010,10/14/2010,21-Dec-10,21-Dec-10,21-Dec-10,ARV,Adult,MYLAN LABORATORIES LTD (FORMERLY MATRIX LABORATORIES),"Abacavir 300mg, tablets, 60 Tabs",Abacavir,Generic,300mg,Tablet,60,270,4050.00,15,0.25,Mylan (formerly Matrix) Nashik,TRUE,358,"$5,294.24 ",8.73
"85,599",107-RW-T30,FPQ-15622,SO-50720,DN-4286,Rwanda,PMO - US,From RDC,N/A - From RDC,Truck,12/22/2014,N/A - From RDC,30-Jun-15,17-Jun-15,29-Jun-15,ARV,Adult,SCMS from RDC,"Efavirenz/Lamivudine/Tenofovir Disoproxil Fumarate 600/300/300mg, tablets, 30 Tabs",Efavirenz/Lamivudine/Tenofovir Disoproxil Fumarate,Generic,600/300/300mg,Tablet - FDC,30,"294,399",2826230.40,9.6,0.32,Mylan (formerly Matrix) Nashik,TRUE,33500,Freight Included in Commodity Cost,"3,326.47"
"30,022",114-UG-T30,FPQ-11141,SCMS-173460,ASN-18714,Uganda,PMO - US,Direct Drop,EXW,Air,12/13/2012,02-05-13,28-Mar-13,28-Mar-13,28-Mar-13,ARV,Adult,Aurobindo Pharma Limited,"Didanosine 250mg, delayed-release capsules, 30 Caps",Didanosine,Generic,250mg,Delayed-release capsules,30,677,8801.00,13,0.43,"Aurobindo Unit III, India",TRUE,46,"$1,458.88 ",10.89
"85,661",151-NG-T30,FPQ-4537,SO-35074,DN-1689,Nigeria,PMO - US,From RDC,N/A - From RDC,Air Charter,11-06-09,N/A - From RDC,19-Apr-10,31-Mar-10,31-Mar-10,ARV,Adult,SCMS from RDC,"Emtricitabine/Tenofovir Disoproxil Fumarate 200/300mg, tablets, 30 Tabs",Emtricitabine/Tenofovir Disoproxil Fumarate,Generic,200/300mg,Tablet - FDC,30,"5,000",58750.00,11.75,0.39,Mylan (formerly Matrix) Nashik,TRUE,404,Freight Included in Commodity Cost,126.66
"30,065",133-NG-T30,FPQ-6606,SCMS-91790,ASN-8940,Nigeria,PMO - US,Direct Drop,EXW,Air,10/29/2010,11-09-10,17-Dec-10,17-Dec-10,17-Dec-10,HRDT,HIV test,"Trinity Biotech, Plc","HIV 1/2, Uni-Gold HIV Kit, 20 Tests","HIV 1/2, Uni-Gold HIV Kit",Uni-Gold,,Test kit,20,"3,750",120000.00,32,1.6,"Trinity Biotech, Plc",TRUE,1072,"$16,036.98 ",198
"30,075",901-CM-T30,FPQ-12528,SCMS-196490,ASN-20983,Cameroon,PMO - US,Direct Drop,EXW,Air,6/21/2013,6/28/2013,28-Aug-13,28-Aug-13,28-Aug-13,ARV,Adult,CIPLA LIMITED,"Lamivudine/Nevirapine/Zidovudine 150/200/300mg, tablets, 60 Tabs",Lamivudine/Nevirapine/Zidovudine,Generic,150/300/200mg,Tablet - FDC,60,"42,452",343861.20,8.1,0.13,"Cipla, Goa, India",TRUE,5753,"$49,502.92 ",425.36
"85,662",151-NG-T30,FPQ-4537,SO-34895,DN-1705,Nigeria,PMO - US,From RDC,N/A - From RDC,Air Charter,11-06-09,N/A - From RDC,19-Apr-10,31-Mar-10,31-Mar-10,ARV,Adult,SCMS from RDC,"Nevirapine 200mg, tablets, 60 Tabs",Nevirapine,Generic,200mg,Tablet,60,820,2238.60,2.73,0.05,"Aurobindo Unit III, India",TRUE,79,Freight Included in Commodity Cost,4.83
"85,663",151-NG-T30,FPQ-4537,SO-34912,DN-1713,Nigeria,PMO - US,From RDC,N/A - From RDC,Air Charter,11-06-09,N/A - From RDC,19-Apr-10,31-Mar-10,31-Mar-10,ARV,Adult,SCMS from RDC,"Efavirenz 600mg, tablets, 30 Tabs",Efavirenz,Generic,600mg,Tablet,30,"4,882",25044.66,5.13,0.17,"Aurobindo Unit III, India",TRUE,420,Freight Included in Commodity Cost,54
"30,112",200-ZW-T30,FPQ-6488,SCMS-90670,ASN-11751,Zimbabwe,PMO - US,Direct Drop,FCA,Air,10/26/2010,11-10-10,15-Sep-11,15-Sep-11,15-Sep-11,ARV,Pediatric,ABBVIE LOGISTICS (FORMERLY ABBOTT LOGISTICS BV),"Lopinavir/Ritonavir 80/20mg/ml [Kaletra], oral solution, cool, Bottle 5 x 60 ml",Lopinavir/Ritonavir,Kaletra,80/20mg/ml,Oral solution,300,"2,502",90472.32,36.16,0.12,ABBVIE (Abbott) Logis. UK,TRUE,2364,"$16,956.86 ",195.06
"30,119",114-UG-T30,FPQ-11153,SCMS-171910,ASN-18485,Uganda,PMO - US,Direct Drop,FCA,Air,12/13/2012,01-11-13,12-Mar-13,12-Mar-13,12-Mar-13,ARV,Adult,ABBVIE LOGISTICS (FORMERLY ABBOTT LOGISTICS BV),"Ritonavir 100mg [Norvir], film coated tablets, 60 Tabs",Ritonavir,Norvir,100mg,Tablet,60,295,2020.75,6.85,0.11,ABBVIE Ludwigshafen Germany,TRUE,36,$876.99 ,2.5
"85,664",151-NG-T30,FPQ-4537,SO-34919,DN-1712,Nigeria,PMO - US,From RDC,N/A - From RDC,Air Charter,11-06-09,N/A - From RDC,19-Apr-10,31-Mar-10,31-Mar-10,ARV,Adult,SCMS from RDC,"Efavirenz 600mg, tablets, 30 Tabs",Efavirenz,Generic,600mg,Tablet,30,751,3852.63,5.13,0.17,"Aurobindo Unit III, India",TRUE,65,Freight Included in Commodity Cost,8.31
"30,159",114-UG-T30,FPQ-12154,SCMS-188330,ASN-20239,Uganda,PMO - US,Direct Drop,EXW,Air,4/23/2013,05-09-13,11-Jul-13,11-Jul-13,11-Jul-13,HRDT,HIV test,"Orgenics, Ltd","HIV 1/2, Determine Complete HIV Kit, 100 Tests","HIV 1/2, Determine Complete HIV Kit",Determine,,Test kit,100,"2,845",227600.00,80,0.8,"Alere Medical Co., Ltd.",TRUE,1239,"$16,337.03 ",281.54
"85,665",151-NG-T30,FPQ-4537,SO-35062,DN-1721,Nigeria,PMO - US,From RDC,N/A - From RDC,Air Charter,11-06-09,N/A - From RDC,19-Apr-10,31-Mar-10,31-Mar-10,ARV,Adult,SCMS from RDC,"Lamivudine/Nevirapine/Zidovudine 150/200/300mg, tablets, 60 Tabs",Lamivudine/Nevirapine/Zidovudine,Generic,150/300/200mg,Tablet - FDC,60,"24,615",276180.30,11.22,0.19,"Aurobindo Unit III, India",TRUE,2888,Freight Included in Commodity Cost,595.44
"30,186",108-VN-T30,FPQ-5899,SCMS-77270,ASN-7730,Vietnam,PMO - US,Direct Drop,EXW,Air,6/23/2010,6/30/2010,03-Nov-10,03-Nov-10,03-Nov-10,ARV,Adult,MYLAN LABORATORIES LTD (FORMERLY MATRIX LABORATORIES),"Abacavir 300mg, tablets, 60 Tabs",Abacavir,Generic,300mg,Tablet,60,200,3148.00,15.74,0.26,Mylan (formerly Matrix) Nashik,TRUE,22,"$3,587.81 ",6.79
"30,211",107-RW-T30,FPQ-9217,SCMS-152020,ASN-15941,Rwanda,PMO - US,Direct Drop,EXW,Air,2/13/2012,07-04-12,22-Aug-12,22-Aug-12,22-Aug-12,ARV,Adult,Aurobindo Pharma Limited,"Didanosine 400mg, delayed-release capsules, 30 Caps",Didanosine,Generic,400mg,Delayed-release capsules,30,"1,008",20160.00,20,0.67,"Aurobindo Unit III, India",TRUE,213,"$3,024.36 ",28.26
"30,213",107-RW-T30,FPQ-6341,SCMS-84910,ASN-10140,Rwanda,PMO - US,Direct Drop,EXW,Air,09-03-10,9/27/2010,08-Apr-11,08-Apr-11,08-Apr-11,ARV,Pediatric,Aurobindo Pharma Limited,"Zidovudine 10mg/ml, oral solution, Bottle, 240 ml",Zidovudine,Generic,10mg/ml,Oral solution,240,"1,992",4183.20,2.1,0.01,"Aurobindo Unit III, India",TRUE,777,"$6,400.44 ",9.02
"30,220",106-HT-T30,FPQ-14895,SCMS-261710,ASN-30231,Haiti,PMO - US,Direct Drop,EXW,Air,9/24/2014,11/14/2014,06-Feb-15,06-Feb-15,06-Feb-15,ARV,Adult,HETERO LABS LIMITED,"Lamivudine 150mg, tablets, 60 Tabs",Lamivudine,Generic,150mg,Tablet,60,"1,440",2592.00,1.8,0.03,Hetero Unit III Hyderabad IN,TRUE,99,"$1,497.53 ",2.66
"30,223",107-RW-T30,FPQ-10223,SCMS-152910,ASN-15895,Rwanda,PMO - US,Direct Drop,EXW,Air,07-05-12,7/16/2012,09-Sep-12,09-Sep-12,09-Sep-12,ARV,Adult,Aurobindo Pharma Limited,"Nevirapine 200mg, tablets, 60 Tabs",Nevirapine,Generic,200mg,Tablet,60,"26,441",59492.25,2.25,0.04,"Aurobindo Unit III, India",TRUE,2520,"$25,593.87 ",83.41
"30,226",111-MZ-T30,FPQ-9955,SCMS-148180,ASN-16096,Mozambique,PMO - US,Direct Drop,EXW,Air,5/28/2012,6/13/2012,04-Sep-12,04-Sep-12,04-Sep-12,HRDT,HIV test,"Orgenics, Ltd","HIV 1/2, Determine Complete HIV Kit, 100 Tests","HIV 1/2, Determine Complete HIV Kit",Determine,,Test kit,100,"5,500",440000.00,80,0.8,"Alere Medical Co., Ltd.",TRUE,14938,"$43,304.68 ",616.88
"85,666",151-NG-T30,FPQ-4537,SO-35066,DN-1726,Nigeria,PMO - US,From RDC,N/A - From RDC,Air Charter,11-06-09,N/A - From RDC,19-Apr-10,31-Mar-10,31-Mar-10,ARV,Adult,SCMS from RDC,"Lamivudine/Nevirapine/Zidovudine 150/200/300mg, tablets, 60 Tabs",Lamivudine/Nevirapine/Zidovudine,Generic,150/300/200mg,Tablet - FDC,60,"140,000",1570800.00,11.22,0.19,"Aurobindo Unit III, India",TRUE,16424,Freight Included in Commodity Cost,"3,386.64"
"85,667",151-NG-T30,FPQ-4537,SO-35071,DN-1730,Nigeria,PMO - US,From RDC,N/A - From RDC,Air Charter,11-06-09,N/A - From RDC,19-Apr-10,31-Mar-10,31-Mar-10,ARV,Adult,SCMS from RDC,"Emtricitabine/Tenofovir Disoproxil Fumarate 200/300mg, tablets, 30 Tabs",Emtricitabine/Tenofovir Disoproxil Fumarate,Generic,200/300mg,Tablet - FDC,30,"31,000",364250.00,11.75,0.39,Mylan (formerly Matrix) Nashik,TRUE,2501,Freight Included in Commodity Cost,785.32
"30,256",108-VN-T30,FPQ-5317,SCMS-69520,ASN-7485,Vietnam,PMO - US,Direct Drop,EXW,Air,3/22/2010,3/29/2010,03-Aug-10,03-Aug-10,03-Aug-10,ARV,Adult,STRIDES ARCOLAB LIMITED,"Nevirapine 200mg, tablets, 60 Tabs",Nevirapine,Generic,200mg,Tablet,60,"4,065",10569.00,2.6,0.04,"Strides, Bangalore, India.",TRUE,497,"$6,269.65 ",22.79
"30,257",102-ML-T30,FPQ-10104,SCMS-153780,ASN-16454,Mali,PMO - US,Direct Drop,EXW,Air,07-05-12,7/31/2012,19-Oct-12,19-Oct-12,19-Oct-12,HRDT,HIV test,"Orgenics, Ltd","HIV 1/2, Determine Complete HIV Kit, 100 Tests","HIV 1/2, Determine Complete HIV Kit",Determine,,Test kit,100,184,14720.00,80,0.8,"Alere Medical Co., Ltd.",TRUE,84,"$3,252.26 ",20.64
"30,274",106-HT-T30,FPQ-12041,SCMS-189140,ASN-20329,Haiti,PMO - US,Direct Drop,EXW,Air,4/26/2013,5/21/2013,17-Jul-13,17-Jul-13,17-Jul-13,HRDT,HIV test,"Orgenics, Ltd","HIV 1/2, Determine Complete HIV Kit, 100 Tests","HIV 1/2, Determine Complete HIV Kit",Determine,,Test kit,100,"4,000",400000.00,100,1,"Alere Medical Co., Ltd.",TRUE,1740,"$24,069.99 ",494.8
"30,320",105-SS-T30,FPQ-9807,SCMS-147640,ASN-15985,South Sudan,PMO - US,Direct Drop,EXW,Air,5/18/2012,6/20/2012,20-Sep-12,20-Sep-12,20-Sep-12,HRDT,HIV test,"Orgenics, Ltd","HIV 1/2, Determine Complete HIV Kit, 100 Tests","HIV 1/2, Determine Complete HIV Kit",Determine,,Test kit,100,695,61855.00,89,0.89,"Alere Medical Co., Ltd.",TRUE,351,"$6,445.68 ",86.72
"30,349",110-ZM-T30,FPQ-12845,SCMS-205510,ASN-21846,Zambia,PMO - US,Direct Drop,EXW,Air,8/20/2013,09-11-13,20-Nov-13,20-Nov-13,21-Nov-13,HRDT,HIV test,"Trinity Biotech, Plc","HIV 1/2, Uni-Gold HIV Kit, 20 Tests","HIV 1/2, Uni-Gold HIV Kit",Uni-Gold,,Test kit,20,"4,500",144000.00,32,1.6,"Trinity Biotech, Plc",TRUE,1353,"$17,507.94 ",178.13
"85,668",151-NG-T30,FPQ-4537,SO-34893,DN-1703,Nigeria,PMO - US,From RDC,N/A - From RDC,Air Charter,11-06-09,N/A - From RDC,19-Apr-10,31-Mar-10,31-Mar-10,ARV,Adult,SCMS from RDC,"Nevirapine 200mg, tablets, 60 Tabs",Nevirapine,Generic,200mg,Tablet,60,"19,701",53783.73,2.73,0.05,Hetero Unit III Hyderabad IN,TRUE,1150,Freight Included in Commodity Cost,115.96
"30,388",106-HT-T30,FPQ-11442,SCMS-177110,ASN-19116,Haiti,PMO - US,Direct Drop,FCA,Air,1/30/2013,02-11-13,03-May-13,03-May-13,03-May-13,ARV,Adult,ABBVIE LOGISTICS (FORMERLY ABBOTT LOGISTICS BV),"Ritonavir 100mg [Norvir], film coated tablets, 60 Tabs",Ritonavir,Norvir,100mg,Tablet,60,240,1644.00,6.85,0.11,ABBVIE Ludwigshafen Germany,TRUE,30,$877.61 ,2.03
"30,412",102-KE-T30,FPQ-9127,SCMS-134420,ASN-13663,Kenya,PMO - US,Direct Drop,EXW,Air,1/13/2012,1/19/2012,13-Mar-12,13-Mar-12,13-Mar-12,HRDT,HIV test,Premier Medical Corporation Ltd.,"HIV 1/2/O, First Response HIV 1-2.0, v.3.0 Cards Kit, 30 Tests","HIV 1/2/O, First Response HIV 1-2.0, v.3.0 Cards Kit",First Response,,Test kit,30,50,1170.00,23.4,0.78,Premier Med. Corp Ltd. India,TRUE,18,"$2,644.79 ",1.64
"85,677",151-NG-T30,FPQ-4537,SO-36570,DN-1862,Nigeria,PMO - US,From RDC,N/A - From RDC,Air Charter,11-06-09,N/A - From RDC,30-Jun-10,28-Jun-10,28-Jun-10,ARV,Adult,SCMS from RDC,"Lamivudine/Nevirapine/Zidovudine 150/200/300mg, tablets, 60 Tabs",Lamivudine/Nevirapine/Zidovudine,Generic,150/300/200mg,Tablet - FDC,60,"34,826",390747.72,11.22,0.19,"Aurobindo Unit III, India",TRUE,4099,Freight Included in Commodity Cost,842.45
"30,475",102-BW-T30,FPQ-5352,SCMS-75630,ASN-7750,Botswana,PMO - US,Direct Drop,EXW,Air,3/30/2010,06-08-10,06-Sep-10,06-Sep-10,06-Sep-10,HRDT,HIV test,"Orgenics, Ltd","HIV 1/2, Determine Complete HIV Kit, 100 Tests","HIV 1/2, Determine Complete HIV Kit",Determine,,Test kit,100,10,800.00,80,0.8,Inverness Japan,TRUE,5,$760.22 ,1.72
"30,494",110-ZM-T30,FPQ-14827,SCMS-256510,ASN-29094,Zambia,PMO - US,Direct Drop,EXW,Air,8/19/2014,9/19/2014,11-Mar-15,26-Mar-15,01-Apr-15,HRDT,HIV test,"Orgenics, Ltd","HIV 1/2, Determine Complete HIV Kit, 100 Tests","HIV 1/2, Determine Complete HIV Kit",Determine,,Test kit,100,"6,314",505120.00,80,0.8,"Alere Medical Co., Ltd.",TRUE,2561,"$35,696.95 ",519.26
"30,508",107-RW-T30,FPQ-7520,SCMS-106800,ASN-10852,Rwanda,PMO - US,Direct Drop,EXW,Air,04-03-11,4/28/2011,28-Jun-11,28-Jun-11,28-Jun-11,HRDT,HIV test,"Trinity Biotech, Plc","HIV 1/2, Uni-Gold HIV Kit, 20 Tests","HIV 1/2, Uni-Gold HIV Kit",Uni-Gold,,Test kit,20,240,7680.00,32,1.6,"Trinity Biotech, Plc",TRUE,83,"$1,215.46 ",12.67
"85,681",151-NG-T30,FPQ-5023,SO-36466,DN-1897,Nigeria,PMO - US,From RDC,N/A - From RDC,Air,02-10-10,N/A - From RDC,15-Jul-10,28-Jun-10,28-Jun-10,ARV,Adult,SCMS from RDC,"Nevirapine 200mg, tablets, 60 Tabs",Nevirapine,Generic,200mg,Tablet,60,"1,000",2730.00,2.73,0.05,"Strides, Bangalore, India.",TRUE,69,Freight Included in Commodity Cost,5.89
"30,519",133-NG-T30,FPQ-10765,SCMS-162430,ASN-17824,Nigeria,PMO - US,Direct Drop,EXW,Air,10-05-12,10/16/2012,01-Feb-13,01-Feb-13,01-Feb-13,HRDT,HIV test,"Trinity Biotech, Plc","HIV 1/2, Uni-Gold HIV Kit, 20 Tests","HIV 1/2, Uni-Gold HIV Kit",Uni-Gold,,Test kit,20,"24,510",784320.00,32,1.6,"Trinity Biotech, Plc",TRUE,8273,"$94,267.77 ","1,099.62"
"30,561",133-NG-T30,FPQ-12812,SCMS-210350,ASN-22882,Nigeria,PMO - US,Direct Drop,EXW,Air,8/13/2013,11-01-13,23-Dec-13,16-Dec-13,16-Dec-13,HRDT,HIV test,"Orgenics, Ltd","HIV 1/2, Determine Complete HIV Kit, 100 Tests","HIV 1/2, Determine Complete HIV Kit",Determine,,Test kit,100,"9,347",831883.00,89,0.89,"Alere Medical Co., Ltd.",TRUE,3090,"$60,185.33 ","1,029.04"
"30,573",900-CM-T30,FPQ-10654,SCMS-161730,ASN-17092,Cameroon,PMO - US,Direct Drop,EXW,Air,9/20/2012,10-05-12,25-Dec-12,25-Dec-12,25-Dec-12,ARV,Adult,HETERO LABS LIMITED,"Lamivudine/Tenofovir Disoproxil Fumarate 300/300mg, tablets, 30 Tabs",Lamivudine/Tenofovir Disoproxil Fumarate,Generic,300/300mg,Tablet - FDC,30,"38,208",179959.68,4.71,0.16,Hetero Unit III Hyderabad IN,TRUE,4289,"$30,395.15 ",252.3
"85,682",151-NG-T30,FPQ-5023,SO-36440,DN-1898,Nigeria,PMO - US,From RDC,N/A - From RDC,Air,02-10-10,N/A - From RDC,15-Jul-10,28-Jun-10,28-Jun-10,ARV,Adult,SCMS from RDC,"Efavirenz 600mg, tablets, 30 Tabs",Efavirenz,Generic,600mg,Tablet,30,"44,295",203757.00,4.6,0.15,"Strides, Bangalore, India.",TRUE,3045,Freight Included in Commodity Cost,439.3
"30,601",110-ZM-T30,FPQ-4691,SCMS-60711,ASN-6614,Zambia,PMO - US,Direct Drop,EXW,Air,12/16/2009,12/22/2009,03-May-10,23-Apr-10,23-Apr-10,HRDT,HIV test,"Orgenics, Ltd","HIV 1/2, Determine Complete HIV Kit, 100 Tests","HIV 1/2, Determine Complete HIV Kit",Determine,,Test kit,100,"2,700",194400.00,72,0.72,Inverness Japan,TRUE,1304,"$19,502.09 ",419.13
"30,615",110-ZM-T30,FPQ-8315,SCMS-120570,ASN-13034,Zambia,PMO - US,Direct Drop,EXW,Air,8/31/2011,9/22/2011,20-Dec-11,20-Dec-11,20-Dec-11,HRDT,HIV test,"Orgenics, Ltd","HIV 1/2, Determine Complete HIV Kit, 100 Tests","HIV 1/2, Determine Complete HIV Kit",Determine,,Test kit,100,"2,604",208320.00,80,0.8,"Alere Medical Co., Ltd.",TRUE,1239,"$22,650.58 ",343.73
"30,618",108-VN-T30,FPQ-9001,SCMS-131700,ASN-14757,Vietnam,PMO - US,Direct Drop,EXW,Air,12/15/2011,1/16/2012,15-May-12,15-May-12,15-May-12,ARV,Adult,MYLAN LABORATORIES LTD (FORMERLY MATRIX LABORATORIES),"Abacavir 300mg, tablets, 60 Tabs",Abacavir,Generic,300mg,Tablet,60,632,8216.00,13,0.22,Mylan (formerly Matrix) Nashik,TRUE,4669,"$8,334.77 ",11.52
"30,629",133-NG-T30,FPQ-10349,SCMS-155320,ASN-16930,Nigeria,PMO - US,Direct Drop,EXW,Air,7/17/2012,8/13/2012,06-Nov-12,08-Nov-12,08-Nov-12,HRDT,HIV test,"Orgenics, Ltd","HIV 1/2, Determine Complete HIV Kit, 100 Tests","HIV 1/2, Determine Complete HIV Kit",Determine,,Test kit,100,614,54646.00,89,0.89,"Alere Medical Co., Ltd.",TRUE,295,"$7,444.13 ",76.61
"30,633",161-ZA-T30,FPQ-5303,SCMS-68940,ASN-8001,South Africa,PMO - US,Direct Drop,DDP,Air,3/18/2010,3/19/2010,07-Sep-10,15-Oct-10,15-Oct-10,ARV,Adult,Aurobindo Pharma Limited,"Efavirenz 600mg, tablets, 30 Tabs",Efavirenz,Generic,600mg,Tablet,30,"40,135",187430.45,4.67,0.16,"Aurobindo Unit III, India",TRUE,3764,"$4,263.07 ",404.1
"85,683",151-NG-T30,FPQ-4537,SO-35081,DN-1906,Nigeria,PMO - US,From RDC,N/A - From RDC,Air,11-06-09,N/A - From RDC,21-Jul-10,28-Jun-10,28-Jun-10,ARV,Adult,SCMS from RDC,"Lamivudine/Tenofovir Disoproxil Fumarate 300/300mg, tablets, 30 Tabs",Lamivudine/Tenofovir Disoproxil Fumarate,Generic,300/300mg,Tablet - FDC,30,"75,159",751590.00,10,0.33,Mylan (formerly Matrix) Nashik,TRUE,6773,Freight Included in Commodity Cost,"1,620.43"
"85,684",151-NG-T30,FPQ-5023,SO-36480,DN-1908,Nigeria,PMO - US,From RDC,N/A - From RDC,Air,02-10-10,N/A - From RDC,15-Jul-10,28-Jun-10,28-Jun-10,ARV,Adult,SCMS from RDC,"Stavudine 30mg, capsules, 60 Caps",Stavudine,Generic,30mg,Capsule,60,"2,250",3285.00,1.46,0.02,"Aurobindo Unit III, India",TRUE,763,Freight Included in Commodity Cost,7.08
"30,720",107-RW-T30,FPQ-8263,SCMS-119630,ASN-12660,Rwanda,PMO - US,Direct Drop,EXW,Air,8/19/2011,8/29/2011,13-Dec-11,13-Dec-11,13-Dec-11,HRDT,HIV test,"Trinity Biotech, Plc","HIV 1/2, Uni-Gold HIV Kit, 20 Tests","HIV 1/2, Uni-Gold HIV Kit",Uni-Gold,,Test kit,20,873,27936.00,32,1.6,"Trinity Biotech, Plc",TRUE,296,"$6,318.92 ",46.09
"85,685",151-NG-T30,FPQ-5023,SO-36491,DN-1910,Nigeria,PMO - US,From RDC,N/A - From RDC,Air,02-10-10,N/A - From RDC,15-Jul-10,28-Jun-10,28-Jun-10,ARV,Adult,SCMS from RDC,"Lamivudine 150mg, tablets, 60 Tabs",Lamivudine,Generic,150mg,Tablet,60,"6,000",14640.00,2.44,0.04,"Aurobindo Unit III, India",TRUE,285,Freight Included in Commodity Cost,31.56
"85,686",151-NG-T30,FPQ-5023,SO-36521,DN-1922,Nigeria,PMO - US,From RDC,N/A - From RDC,Air,02-10-10,N/A - From RDC,15-Jul-10,28-Jun-10,28-Jun-10,ARV,Pediatric,SCMS from RDC,"Efavirenz 200mg, capsule, 90 Caps",Efavirenz,Generic,200mg,Capsule,90,500,4855.00,9.71,0.11,"Aurobindo Unit III, India",TRUE,60,Freight Included in Commodity Cost,10.47
"30,784",200-DO-T30,FPQ-6615,SCMS-93360,ASN-9857,Dominican Republic,PMO - US,Direct Drop,EXW,Air,11-10-10,12-01-10,08-Mar-11,08-Mar-11,08-Mar-11,ARV,Adult,Aurobindo Pharma Limited,"Lopinavir/Ritonavir 200/50mg, tablets, 120 Tabs",Lopinavir/Ritonavir,Generic,200/50mg,Tablet,120,"9,242",323470.00,35,0.29,"Aurobindo Unit III, India",TRUE,2373,"$16,173.90 ",533.73
"30,788",103-ZW-T30,FPQ-12094,SCMS-186820,ASN-21834,Zimbabwe,PMO - US,Direct Drop,FCA,Air,4/19/2013,4/25/2013,24-Oct-13,24-Oct-13,24-Oct-13,ARV,Pediatric,LAWRENCE LABORATORIES (SUBSIDIARY OF BRISTOL MYERS SQUIBB),"Didanosine 25mg [Videx], chewable tablets, 60 Tabs",Didanosine,Videx,25mg,Chewable/dispersible tablet,60,747,5229.00,7,0.12,Bristol-Myers Squibb Anagni IT,TRUE,169,"$2,387.62 ",6.47
"30,819",109-TZ-T30,FPQ-6936,SCMS-100650,ASN-10469,Tanzania,PMO - US,Direct Drop,EXW,Air,12/27/2010,03-02-11,01-Jun-11,01-Jun-11,01-Jun-11,HRDT,HIV test,"Orgenics, Ltd","HIV 1/2, Determine Complete HIV Kit, 100 Tests","HIV 1/2, Determine Complete HIV Kit",Determine,,Test kit,100,"1,250",100000.00,80,0.8,Inverness Japan,TRUE,600,"$14,398.69 ",165
"30,842",103-ZW-T30,FPQ-15398,SCMS-264880,ASN-29747,Zimbabwe,PMO - US,Direct Drop,EXW,Air,11/14/2014,11/17/2014,03-Feb-15,03-Feb-15,24-Feb-15,ARV,Pediatric,MYLAN LABORATORIES LTD (FORMERLY MATRIX LABORATORIES),"Lamivudine/Nevirapine/Zidovudine 30/50/60mg, dispersible tablets, 60 Tabs",Lamivudine/Nevirapine/Zidovudine,Generic,30/50/60mg,Chewable/dispersible tablet - FDC,60,813,2845.50,3.5,0.06,Mylan (formerly Matrix) Nashik,TRUE,60,"$1,344.94 ",3.35
"30,850",102-SD-T30,FPQ-8261,SCMS-120450,ASN-13276,Sudan,PMO - US,Direct Drop,EXW,Air,8/29/2011,9/14/2011,03-Feb-12,03-Feb-12,03-Feb-12,HRDT,HIV test,"Orgenics, Ltd","HIV 1/2, Determine Complete HIV Kit, 100 Tests","HIV 1/2, Determine Complete HIV Kit",Determine,,Test kit,100,105,9345.00,89,0.89,"Alere Medical Co., Ltd.",TRUE,49,"$1,768.15 ",15.42
"30,904",108-VN-T30,FPQ-15040,SCMS-263650,ASN-30555,Vietnam,PMO - US,Direct Drop,EXW,Air,10/30/2014,12-08-14,23-Mar-15,26-Mar-15,26-Mar-15,ARV,Adult,MYLAN LABORATORIES LTD (FORMERLY MATRIX LABORATORIES),"Efavirenz/Lamivudine/Tenofovir Disoproxil Fumarate 600/300/300mg, tablets, 30 Tabs",Efavirenz/Lamivudine/Tenofovir Disoproxil Fumarate,Generic,600/300/300mg,Tablet - FDC,30,"22,232",225654.80,10.15,0.34,Mylan (formerly Matrix) Nashik,TRUE,2510,"$4,363.06 ",231.97
"85,687",151-NG-T30,FPQ-5023,SO-36530,DN-1924,Nigeria,PMO - US,From RDC,N/A - From RDC,Air,02-10-10,N/A - From RDC,15-Jul-10,28-Jun-10,28-Jun-10,ARV,Adult,SCMS from RDC,"Lamivudine/Zidovudine+Efavirenz 150/300mg+600mg, tablets, co-blister 60+30 Tabs",Lamivudine/Zidovudine+Efavirenz,Generic,150/300mg+600mg,Tablet - FDC + co-blister,90,213,4473.00,21,0.23,"Strides, Bangalore, India.",FALSE,Weight Captured Separately,Freight Included in Commodity Cost,9.64
"30,942",161-ZA-T30,FPQ-5648,SCMS-75480,ASN-8380,South Africa,PMO - US,Direct Drop,DDP,Air,06-02-10,6/17/2010,13-Dec-10,13-Dec-10,13-Dec-10,ARV,Pediatric,Aurobindo Pharma Limited,"Nevirapine 10mg/ml, oral suspension w/syringe, Bottle, 240 ml",Nevirapine,Generic,10mg/ml,Oral suspension,240,"9,630",30334.50,3.15,0.01,"Aurobindo Unit III, India",TRUE,3732,"$4,876.34 ",65.4
"30,974",108-VN-T30,FPQ-12051,SCMS-188580,ASN-21380,Vietnam,PMO - US,Direct Drop,FCA,Air,05-03-13,8/19/2013,16-Sep-13,16-Sep-13,16-Sep-13,ARV,Adult,ABBVIE LOGISTICS (FORMERLY ABBOTT LOGISTICS BV),"Ritonavir 100mg [Norvir], film coated tablets, 30 Tabs",Ritonavir,Norvir,100mg,Tablet,30,429,9978.54,23.26,0.78,ABBVIE Ludwigshafen Germany,TRUE,43,$421.24 ,12.34
"30,977",114-UG-T30,FPQ-14070,SCMS-237170,ASN-26329,Uganda,PMO - US,Direct Drop,EXW,Air,04-10-14,4/30/2014,26-Jun-14,26-Jun-14,26-Jun-14,HRDT,HIV test,BIO-RAD LABORATORIES (FRANCE),"HIV 1/2, Genie III Kit, 50 Tests","HIV 1/2, Genie III Kit",Genie,,Test kit,50,30,2982.00,99.4,1.99,Bio-Rad Laboratories,TRUE,19,$846.03 ,3.07
"40,274",114-UG-T30,FPQ-11098,SCMS-171660,ASN-17804,Uganda,PMO - US,Direct Drop,EXW,Air,12/13/2012,01-02-13,04-Feb-13,04-Feb-13,04-Feb-13,HRDT,HIV test,"Trinity Biotech, Plc","HIV 1/2, Uni-Gold HIV Kit, 20 Tests","HIV 1/2, Uni-Gold HIV Kit",Uni-Gold,,Test kit,20,875,28000.00,32,1.6,"Trinity Biotech, Plc",TRUE,292,"$4,462.61 ",34.64
"30,982",107-RW-T30,FPQ-8263,SCMS-119641,ASN-13528,Rwanda,PMO - US,Direct Drop,EXW,Air,8/19/2011,8/29/2011,13-Feb-12,13-Feb-12,13-Feb-12,HRDT,HIV test,"Orgenics, Ltd","HIV 1/2, Determine HIV Kit, without Lancets, 100 Tests","HIV 1/2, Determine HIV Kit, without Lancets",Determine,,Test kit,100,"6,000",466200.00,77.7,0.78,Inverness Japan,TRUE,1362,"$62,458.88 ",769.23
"30,998",102-BW-T30,FPQ-4903,SCMS-64790,ASN-6121,Botswana,PMO - US,Direct Drop,EXW,Air,1/13/2010,02-05-10,04-Jun-10,04-Jun-10,04-Jun-10,HRDT,HIV test,"Trinity Biotech, Plc","HIV 1/2, Uni-Gold HIV Kit, 20 Tests","HIV 1/2, Uni-Gold HIV Kit",Uni-Gold,,Test kit,20,25,800.00,32,1.6,"Trinity Biotech, Plc",TRUE,10,$559.89 ,1.72
"85,688",151-NG-T30,FPQ-5023,SO-36410,DN-1928,Nigeria,PMO - US,From RDC,N/A - From RDC,Air,02-10-10,N/A - From RDC,15-Jul-10,28-Jun-10,28-Jun-10,ARV,Adult,SCMS from RDC,"Emtricitabine/Tenofovir Disoproxil Fumarate 200/300mg, tablets, 30 Tabs",Emtricitabine/Tenofovir Disoproxil Fumarate,Generic,200/300mg,Tablet - FDC,30,"55,797",655614.75,11.75,0.39,Mylan (formerly Matrix) Nashik,TRUE,4665,Freight Included in Commodity Cost,"1,413.51"
"31,116",108-VN-T30,FPQ-6818,SCMS-97853,ASN-11408,Vietnam,PMO - US,Direct Drop,EXW,Air,1/17/2011,2/15/2011,27-Jul-11,27-Jul-11,27-Jul-11,ARV,Adult,MYLAN LABORATORIES LTD (FORMERLY MATRIX LABORATORIES),"Lamivudine/Nevirapine/Zidovudine 150/200/300mg, tablets, 60 Tabs",Lamivudine/Nevirapine/Zidovudine,Generic,150/300/200mg,Tablet - FDC,60,"18,406",202466.00,11,0.18,Mylan (formerly Matrix) Nashik,TRUE,2571,"$13,880.57 ",334.07
"31,146",108-VN-T30,FPQ-7898,SCMS-113610,ASN-13013,Vietnam,PMO - US,Direct Drop,EXW,Air,6/27/2011,07-08-11,20-Dec-11,20-Dec-11,20-Dec-11,ARV,Adult,STRIDES ARCOLAB LIMITED,"Lamivudine/Nevirapine/Zidovudine 150/200/300mg, tablets, 60 Tabs",Lamivudine/Nevirapine/Zidovudine,Generic,150/300/200mg,Tablet - FDC,60,"9,030",95718.00,10.6,0.18,"Strides, Bangalore, India.",TRUE,1054,"$5,726.24 ",157.93
"85,689",151-NG-T30,FPQ-5023,SO-36421,DN-1931,Nigeria,PMO - US,From RDC,N/A - From RDC,Air,02-10-10,N/A - From RDC,15-Jul-10,28-Jun-10,28-Jun-10,ARV,Adult,SCMS from RDC,"Efavirenz/Emtricitabine/Tenofovir Disoproxil Fumarate 600/200/300mg, tablets, 30 Tabs",Efavirenz/Emtricitabine/Tenofovir Disoproxil Fumarate,Generic,600/200/300mg,Tablet - FDC,30,"35,000",697200.00,19.92,0.66,Mylan (formerly Matrix) Nashik,TRUE,3869,Freight Included in Commodity Cost,"1,503.16"
"31,177",117-ET-T30,FPQ-9096,SCMS-133380,ASN-16134,Ethiopia,PMO - US,Direct Drop,EXW,Air,01-05-12,1/23/2012,05-Sep-12,05-Sep-12,05-Sep-12,HRDT,HIV test,"CHEMBIO DIAGNOSTIC SYSTEMS, INC.","HIV 1/2, Stat-Pak HIV, Kit, 20 Tests","HIV 1/2, Stat-Pak HIV, Kit",Stat-Pak,,Test kit,20,44,1276.00,29,1.45,Chembio Diagnostics Sys. Inc.,TRUE,15,$218.75 ,1.79
"85,690",151-NG-T30,FPQ-5023,SO-36423,DN-1933,Nigeria,PMO - US,From RDC,N/A - From RDC,Air,02-10-10,N/A - From RDC,15-Jul-10,28-Jun-10,28-Jun-10,ARV,Adult,SCMS from RDC,"Efavirenz/Emtricitabine/Tenofovir Disoproxil Fumarate 600/200/300mg, tablets, 30 Tabs",Efavirenz/Emtricitabine/Tenofovir Disoproxil Fumarate,Generic,600/200/300mg,Tablet - FDC,30,"1,000",19920.00,19.92,0.66,Mylan (formerly Matrix) Nashik,TRUE,91,Freight Included in Commodity Cost,42.95
"31,254",107-RW-T30,FPQ-13852,SCMS-236480,ASN-27662,Rwanda,PMO - US,Direct Drop,FCA,Air,3/19/2014,4/24/2014,22-Aug-14,22-Aug-14,26-Aug-14,ARV,Adult,ABBVIE LOGISTICS (FORMERLY ABBOTT LOGISTICS BV),"Ritonavir 100mg [Norvir], film coated tablets, 60 Tabs",Ritonavir,Norvir,100mg,Tablet,60,"3,500",23975.00,6.85,0.11,ABBVIE Ludwigshafen Germany,TRUE,442,"$6,776.80 ",24.65
"85,691",151-NG-T30,FPQ-5023,SO-36540,DN-1937,Nigeria,PMO - US,From RDC,N/A - From RDC,Air,02-10-10,N/A - From RDC,15-Jul-10,28-Jun-10,28-Jun-10,ARV,Adult,SCMS from RDC,"Lamivudine/Zidovudine 150/300mg, tablets, 60 Tabs",Lamivudine/Zidovudine,Generic,150/300mg,Tablet - FDC,60,"33,000",289080.00,8.76,0.15,Mylan (formerly Matrix) Nashik,TRUE,2654,Freight Included in Commodity Cost,623.26
"85,692",151-NG-T30,FPQ-5023,SO-36544,DN-1940,Nigeria,PMO - US,From RDC,N/A - From RDC,Air,02-10-10,N/A - From RDC,15-Jul-10,28-Jun-10,28-Jun-10,ARV,Adult,SCMS from RDC,"Lamivudine/Zidovudine 150/300mg, tablets, 60 Tabs",Lamivudine/Zidovudine,Generic,150/300mg,Tablet - FDC,60,"2,000",17520.00,8.76,0.15,Mylan (formerly Matrix) Nashik,TRUE,161,Freight Included in Commodity Cost,37.77
"85,795",109-TZ-T30,FPQ-7675,SO-39752,DN-2374,Tanzania,PMO - US,From RDC,N/A - From RDC,Air,5/18/2011,N/A - From RDC,30-Sep-11,23-Sep-11,23-Sep-11,ARV,Adult,SCMS from RDC,"Efavirenz/Emtricitabine/Tenofovir Disoproxil Fumarate 600/200/300mg, tablets, 30 Tabs",Efavirenz/Emtricitabine/Tenofovir Disoproxil Fumarate,Generic,600/200/300mg,Tablet - FDC,30,"6,840",136252.80,19.92,0.66,Mylan (formerly Matrix) Nashik,TRUE,778,Freight Included in Commodity Cost,224.82
"31,332",101-CD-T30,FPQ-14569,SCMS-250300,ASN-27786,"Congo, DRC",PMO - US,Direct Drop,EXW,Air,7/23/2014,08-04-14,05-Feb-15,05-Feb-15,11-Feb-15,ANTM-6eg,Malaria,IMRES B.V.,"Sulfadoxine/Pyrimethamine 500/25mg, tablets, 1000 Tabs",Sulfadoxine/Pyrimethamine,Generic,500/25mg,Tablet - FDC,"1,000","1,370",37401.00,27.3,0.03,"Guilin OSD site, No 17, China",TRUE,1125,"$9,693.68 ",38.45
"85,926",109-TZ-T30,FPQ-10545,SO-43100,DN-2983,Tanzania,PMO - US,From RDC,N/A - From RDC,Truck,8/24/2012,N/A - From RDC,11-Mar-13,18-Feb-13,18-Feb-13,ARV,Adult,SCMS from RDC,"Efavirenz/Emtricitabine/Tenofovir Disoproxil Fumarate 600/200/300mg, tablets, 30 Tabs",Efavirenz/Emtricitabine/Tenofovir Disoproxil Fumarate,Generic,600/200/300mg,Tablet - FDC,30,"65,379",895038.51,13.69,0.46,Mylan (formerly Matrix) Nashik,TRUE,7385,Freight Included in Commodity Cost,"1,254.84"
"31,368",901-NA-T30,FPQ-14728,SCMS-252630,ASN-29183,Namibia,PMO - US,Direct Drop,EXW,Air,7/30/2014,8/19/2014,25-Nov-14,25-Nov-14,26-Nov-14,ARV,Adult,MYLAN LABORATORIES LTD (FORMERLY MATRIX LABORATORIES),"Efavirenz/Emtricitabine/Tenofovir Disoproxil Fumarate 600/200/300mg, tablets, 30 Tabs",Efavirenz/Emtricitabine/Tenofovir Disoproxil Fumarate,Generic,600/200/300mg,Tablet - FDC,30,"13,000",136500.00,10.5,0.35,"Mylan,  H-12 & H-13, India",TRUE,3575,"$17,969.34 ",140.32
"85,974",110-ZM-T30,FPQ-10728,SO-44771,DN-3209,Zambia,PMO - US,From RDC,N/A - From RDC,Truck,10-05-12,N/A - From RDC,15-Jul-13,23-Jul-13,23-Jul-13,ARV,Adult,SCMS from RDC,"Efavirenz/Emtricitabine/Tenofovir Disoproxil Fumarate 600/200/300mg, tablets, 30 Tabs",Efavirenz/Emtricitabine/Tenofovir Disoproxil Fumarate,Generic,600/200/300mg,Tablet - FDC,30,"78,787",1021079.52,12.96,0.43,Mylan (formerly Matrix) Nashik,TRUE,9347,Freight Included in Commodity Cost,"1,431.55"
"85,982",151-NG-T30,FPQ-11771,SO-44756,DN-3244,Nigeria,PMO - US,From RDC,N/A - From RDC,Air Charter,2/28/2013,N/A - From RDC,21-Aug-13,30-Jul-13,30-Jul-13,ARV,Pediatric,SCMS from RDC,"Lamivudine/Nevirapine/Zidovudine 30/50/60mg, dispersible tablets, 60 Tabs",Lamivudine/Nevirapine/Zidovudine,Generic,30/50/60mg,Chewable/dispersible tablet - FDC,60,"19,000",78850.00,4.15,0.07,"Cipla, Goa, India",TRUE,2511,Freight Included in Commodity Cost,97.54
"31,861",108-VN-T30,FPQ-7898,SCMS-113640,ASN-12786,Vietnam,PMO - US,Direct Drop,EXW,Air,6/27/2011,07-07-11,23-Nov-11,23-Nov-11,23-Nov-11,ARV,Adult,MYLAN LABORATORIES LTD (FORMERLY MATRIX LABORATORIES),"Abacavir 300mg, tablets, 60 Tabs",Abacavir,Generic,300mg,Tablet,60,292,4231.08,14.49,0.24,Mylan (formerly Matrix) Nashik,TRUE,30,"$4,525.05 ",6.98
"85,985",151-NG-T30,FPQ-11771,SO-44755,DN-3239,Nigeria,PMO - US,From RDC,N/A - From RDC,Air Charter,2/28/2013,N/A - From RDC,21-Aug-13,23-Jul-13,23-Jul-13,ARV,Adult,SCMS from RDC,"Lamivudine/Nevirapine/Zidovudine 150/200/300mg, tablets, 60 Tabs",Lamivudine/Nevirapine/Zidovudine,Generic,150/300/200mg,Tablet - FDC,60,26,223.08,8.58,0.14,Hetero Unit III Hyderabad IN,TRUE,33051,Freight Included in Commodity Cost,0.28
"31,486",105-SS-T30,FPQ-11754,SCMS-181380,ASN-19391,South Sudan,PMO - US,Direct Drop,EXW,Air,2/22/2013,04-01-13,07-Jun-13,07-Jun-13,07-Jun-13,HRDT,HIV test,"Trinity Biotech, Plc","HIV 1/2, Uni-Gold HIV Kit, 20 Tests","HIV 1/2, Uni-Gold HIV Kit",Uni-Gold,,Test kit,20,450,14400.00,32,1.6,"Trinity Biotech, Plc",TRUE,146,"$2,478.87 ",17.81
"31,551",116-ZA-T30,FPQ-7176,SCMS-104420,ASN-11259,South Africa,PMO - US,Direct Drop,DDP,Ocean,03-10-11,04-01-11,06-Dec-11,06-Dec-11,06-Dec-11,ARV,Adult,CIPLA LIMITED,"Nevirapine 200mg, tablets, 60 Tabs",Nevirapine,Generic,200mg,Tablet,60,"6,000",16320.00,2.72,0.05,"Cipla, Goa, India",TRUE,638,$654.72 ,26.93
"86,188",114-UG-T30,FPQ-15639,SO-50670,DN-4215,Uganda,PMO - US,From RDC,N/A - From RDC,Truck,12/22/2014,N/A - From RDC,30-Apr-15,22-Apr-15,24-Apr-15,ARV,Adult,SCMS from RDC,"Lamivudine/Nevirapine/Zidovudine 150/200/300mg, tablets, 60 Tabs",Lamivudine/Nevirapine/Zidovudine,Generic,150/300/200mg,Tablet - FDC,60,"44,102",340467.44,7.72,0.13,"Hetero, Jadcherla, unit 5, IN",TRUE,8221,Freight Included in Commodity Cost,400.73
"86,209",110-ZM-T30,FPQ-14784,SO-49600,DN-4316,Zambia,PMO - US,From RDC,N/A - From RDC,Truck,08-12-14,N/A - From RDC,31-Aug-15,25-Aug-15,03-Sep-15,ARV,Adult,SCMS from RDC,"Lamivudine/Zidovudine 150/300mg, tablets, 60 Tabs",Lamivudine/Zidovudine,Generic,150/300mg,Tablet - FDC,60,"55,000",358600.00,6.52,0.11,Hetero Unit III Hyderabad IN,FALSE,Weight Captured Separately,Freight Included in Commodity Cost,368.64
"31,574",901-CM-T30,FPQ-12528,SCMS-196500,ASN-21851,Cameroon,PMO - US,Direct Drop,EXW,Air,6/21/2013,6/28/2013,09-Nov-13,09-Nov-13,19-Nov-13,ARV,Adult,CIPLA LIMITED,"Lamivudine/Tenofovir Disoproxil Fumarate 300/300mg, tablets, 30 Tabs",Lamivudine/Tenofovir Disoproxil Fumarate,Generic,300/300mg,Tablet - FDC,30,"39,892",183503.20,4.6,0.15,"Cipla, Kurkumbh, India",TRUE,4082,"$51,243.69 ",226.99
"31,648",107-RW-T30,FPQ-3859,SCMS-49100,ASN-6890,Rwanda,PMO - US,Direct Drop,CIP,Air,6/30/2009,7/15/2009,29-May-10,29-May-10,29-May-10,ARV,Adult,EMCURE PHARMACEUTICALS LTD,"Efavirenz 600mg, tablets, 30 Tabs",Efavirenz,Generic,600mg,Tablet,30,"59,609",357057.91,5.99,0.2,"Emcure Plot No.P-2, I.T-B.T. Park, Phase II, MIDC, Hinjwadi, Pune, India",TRUE,4227,"$33,008.05 ",699.83
"86,210",110-ZM-T30,FPQ-14784,SO-49600,DN-4316,Zambia,PMO - US,From RDC,N/A - From RDC,Truck,08-12-14,N/A - From RDC,31-Aug-15,25-Aug-15,03-Sep-15,ARV,Pediatric,SCMS from RDC,"Abacavir/Lamivudine 60/30mg, dispersible tablets, 60 Tabs",Abacavir/Lamivudine,Generic,60/30mg,Chewable/dispersible tablet - FDC,60,"44,022",224071.98,5.09,0.08,"Cipla, Patalganga, India",FALSE,Weight Captured Separately,Freight Included in Commodity Cost,230.35
"86,213",103-ZW-T30,FPQ-15197,SO-50022,DN-4336,Zimbabwe,PMO - US,From RDC,N/A - From RDC,Truck,10/16/2014,N/A - From RDC,31-Aug-15,04-Aug-15,11-Aug-15,ARV,Pediatric,SCMS from RDC,"Lamivudine/Zidovudine 30/60mg, dispersible tablets, 60 Tabs",Lamivudine/Zidovudine,Generic,30/60mg,Chewable/dispersible tablet - FDC,60,"17,660",35143.40,1.99,0.03,"Cipla, Goa, India",TRUE,3595,Freight Included in Commodity Cost,41.36
"31,694",107-RW-T30,FPQ-5228,SCMS-66060,ASN-8011,Rwanda,PMO - US,Direct Drop,CIP,Air,2/24/2010,3/30/2010,27-Sep-10,27-Sep-10,27-Sep-10,ARV,Adult,MYLAN LABORATORIES LTD (FORMERLY MATRIX LABORATORIES),"Lamivudine/Nevirapine/Zidovudine 150/200/300mg, tablets, 60 Tabs",Lamivudine/Nevirapine/Zidovudine,Generic,150/300/200mg,Tablet - FDC,60,"61,290",698706.00,11.4,0.19,Mylan (formerly Matrix) Nashik,TRUE,7965,"$65,851.29 ","1,506.41"
"31,709",104-CI-T30,FPQ-12150,SCMS-191940,ASN-20868,Côte d'Ivoire,PMO - US,Direct Drop,FCA,Air,4/29/2013,06-12-13,01-Aug-13,01-Aug-13,01-Aug-13,ARV,Adult,ABBVIE LOGISTICS (FORMERLY ABBOTT LOGISTICS BV),"Ritonavir 100mg [Norvir], film coated tablets, 60 Tabs",Ritonavir,Norvir,100mg,Tablet,60,760,5206.00,6.85,0.11,ABBVIE Ludwigshafen Germany,TRUE,97,"$1,575.13 ",6.44
"31,712",108-VN-T30,FPQ-10287,SCMS-156260,ASN-17696,Vietnam,PMO - US,Direct Drop,EXW,Air,7/25/2012,8/15/2012,30-Jan-13,30-Jan-13,30-Jan-13,ARV,Pediatric,MICRO LABS LIMITED,"Efavirenz 50mg, capsule, 30 Caps",Efavirenz,Generic,50mg,Capsule,30,"1,760",3555.20,2.02,0.07,"Micro labs, Verna, Goa, India",TRUE,126,$798.95 ,4.98
"86,279",151-NG-T30,FPQ-4537,SO-34896,DN-1706,Nigeria,PMO - US,From RDC,N/A - From RDC,Air Charter,11-06-09,N/A - From RDC,19-Apr-10,31-Mar-10,31-Mar-10,ARV,Adult,SCMS from RDC,"Nevirapine 200mg, tablets, 60 Tabs",Nevirapine,Generic,200mg,Tablet,60,"3,948",10778.04,2.73,0.05,"Aurobindo Unit III, India",TRUE,380,Freight Included in Commodity Cost,23.24
"31,750",114-UG-T30,FPQ-14325,SCMS-244380,ASN-28019,Uganda,PMO - US,Direct Drop,CIP,Air,5/26/2014,07-09-14,12-Sep-14,12-Sep-14,12-Sep-14,ARV,Adult,ASPEN PHARMACARE,"Darunavir 300mg [Prezista], tablets, 120 Tabs",Darunavir,Prezista,300mg,Tablet,120,807,53746.20,66.6,0.55,"Aspen-OSD, Port Elizabeth, SA",TRUE,119,$321.94 ,55.25
"86,280",151-NG-T30,FPQ-4537,SO-35064,DN-1722,Nigeria,PMO - US,From RDC,N/A - From RDC,Air Charter,11-06-09,N/A - From RDC,19-Apr-10,31-Mar-10,31-Mar-10,ARV,Adult,SCMS from RDC,"Lamivudine/Nevirapine/Zidovudine 150/200/300mg, tablets, 60 Tabs",Lamivudine/Nevirapine/Zidovudine,Generic,150/300/200mg,Tablet - FDC,60,"7,583",85081.26,11.22,0.19,"Aurobindo Unit III, India",TRUE,890,Freight Included in Commodity Cost,183.44
"31,805",106-HT-T30,FPQ-14895,SCMS-260970,ASN-31105,Haiti,PMO - US,Direct Drop,EXW,Ocean,9/24/2014,11/14/2014,25-May-15,25-May-15,26-May-15,ARV,Adult,CIPLA LIMITED,"Efavirenz 600mg, tablets, 30 Tabs",Efavirenz,Generic,600mg,Tablet,30,"43,309",140321.16,3.24,0.11,"Cipla, Goa, India",TRUE,5000,"$6,914.44 ",144.25
"31,829",202-GT-T30,FPQ-6977,SCMS-96440,ASN-10408,Guatemala,PMO - US,Direct Drop,EXW,Air,01-03-11,01-07-11,17-Apr-11,17-Apr-11,17-Apr-11,ARV,Pediatric,GLAXOSMITHKLINE EXPORT LIMITED,"Zidovudine 10mg/ml [Retrovir], solution for IV infusion injection, Vial 5 x 20 ml",Zidovudine,Retrovir,10mg/ml,Injection,5,75,5265.00,70.2,14.04,GSK Barnard Castle UK,TRUE,29,$209.37 ,8.69
"86,281",151-NG-T30,FPQ-4537,SO-35131,DN-1736,Nigeria,PMO - US,From RDC,N/A - From RDC,Air Charter,11-06-09,N/A - From RDC,31-May-10,31-Mar-10,31-Mar-10,ARV,Adult,SCMS from RDC,"Stavudine 20mg, capsules, 60 Caps",Stavudine,Generic,20mg,Capsule,60,61,87.23,1.43,0.02,"Aurobindo Unit III, India",TRUE,4,Freight Included in Commodity Cost,0.19
"86,282",151-NG-T30,FPQ-4537,SO-35042,DN-1702,Nigeria,PMO - US,From RDC,N/A - From RDC,Air Charter,11-06-09,N/A - From RDC,19-Apr-10,31-Mar-10,31-Mar-10,ARV,Adult,SCMS from RDC,"Lamivudine/Nevirapine/Stavudine 150/200/30mg, tablets, 60 Tabs",Lamivudine/Nevirapine/Stavudine,Generic,150/200/30mg,Tablet - FDC,60,"11,332",69238.52,6.11,0.1,"Strides, Bangalore, India.",TRUE,855,Freight Included in Commodity Cost,149.28
"31,892",117-ET-T30,FPQ-4752,SCMS-61150,ASN-5843,Ethiopia,PMO - US,Direct Drop,EXW,Air,12/23/2009,12/29/2009,22-Jan-10,22-Jan-10,22-Jan-10,ARV,Adult,STRIDES ARCOLAB LIMITED,"Lamivudine/Stavudine 150/30mg, tablets, 60 Tabs",Lamivudine/Stavudine,Generic,150/30mg,Tablet - FDC,60,"39,939",134594.43,3.37,0.06,"Strides, Bangalore, India.",TRUE,2038,"$11,789.31 ",290.19
"31,909",108-VN-T30,FPQ-13034,SCMS-210150,ASN-24571,Vietnam,PMO - US,Direct Drop,EXW,Air,10-04-13,10-10-13,22-Apr-14,22-Apr-14,22-Apr-14,ARV,Adult,HETERO LABS LIMITED,"Efavirenz/Lamivudine/Tenofovir Disoproxil Fumarate 600/300/300mg, tablets, 30 Tabs",Efavirenz/Lamivudine/Tenofovir Disoproxil Fumarate,Generic,600/300/300mg,Tablet - FDC,30,"21,252",223146.00,10.5,0.35,Hetero Unit III Hyderabad IN,TRUE,2982,"$8,036.88 ",276.03
"31,912",114-UG-T30,FPQ-13816,SCMS-231320,ASN-26091,Uganda,PMO - US,Direct Drop,EXW,Air,2/27/2014,3/20/2014,14-Jun-14,14-Jun-14,14-Jun-14,HRDT,HIV test,"CHEMBIO DIAGNOSTIC SYSTEMS, INC.","HIV 1/2, Stat-Pak Dipstick Assay Kit, 30 Tests","HIV 1/2, Stat-Pak Dipstick Assay Kit",Stat-Pak,,Test kit,30,"5,424",149702.40,27.6,0.92,Chembio Diagnostics Sys. Inc.,TRUE,606,"$3,790.99 ",153.89
"31,917",103-ZW-T30,FPQ-13969,SCMS-239230,ASN-27927,Zimbabwe,PMO - US,Direct Drop,CIP,Air,04-08-14,5/16/2014,04-Sep-14,04-Sep-14,28-Oct-14,ARV,Pediatric,MYLAN LABORATORIES LTD (FORMERLY MATRIX LABORATORIES),"Lamivudine/Nevirapine/Zidovudine 30/50/60mg, dispersible tablets, 60 Tabs",Lamivudine/Nevirapine/Zidovudine,Generic,30/50/60mg,Chewable/dispersible tablet - FDC,60,"164,950",593820.00,3.6,0.06,Mylan (formerly Matrix) Nashik,TRUE,9210,"$7,510 ",610.45
"31,936",104-CI-T30,FPQ-6897,SCMS-101000,ASN-10407,Côte d'Ivoire,PMO - US,Direct Drop,FCA,Air,01-05-11,3/24/2011,30-Jun-11,30-Jun-11,30-Jun-11,ARV,Adult,ABBVIE LOGISTICS (FORMERLY ABBOTT LOGISTICS BV),"Lopinavir/Ritonavir 200/50mg [Aluvia], tablets, 120 Tabs",Lopinavir/Ritonavir,Aluvia,200/50mg,Tablet,120,"4,809",162063.30,33.7,0.28,ABBVIE Ludwigshafen Germany,TRUE,1196,"$17,068.84 ",267.4
"31,941",108-VN-T30,FPQ-12051,SCMS-190500,ASN-21652,Vietnam,PMO - US,Direct Drop,EXW,Air,05-03-13,5/21/2013,24-Sep-13,24-Sep-13,24-Sep-13,ARV,Adult,HETERO LABS LIMITED,"Efavirenz 600mg, tablets, 30 Tabs",Efavirenz,Generic,600mg,Tablet,30,"27,186",88082.64,3.24,0.11,"Hetero, Jadcherla, unit 5, IN",TRUE,2321,"$3,353.30 ",108.96
"86,283",151-NG-T30,FPQ-4537,SO-35052,DN-1717,Nigeria,PMO - US,From RDC,N/A - From RDC,Air Charter,11-06-09,N/A - From RDC,19-Apr-10,31-Mar-10,31-Mar-10,ARV,Adult,SCMS from RDC,"Lamivudine/Zidovudine 150/300mg, tablets, 60 Tabs",Lamivudine/Zidovudine,Generic,150/300mg,Tablet - FDC,60,"10,773",94371.48,8.76,0.15,Mylan (formerly Matrix) Nashik,TRUE,859,Freight Included in Commodity Cost,203.46
"32,026",151-NG-T30,FPQ-7218,SCMS-105110,ASN-10989,Nigeria,PMO - US,Direct Drop,FCA,Air,2/28/2011,04-04-11,14-Jun-11,14-Jun-11,14-Jun-11,ARV,Adult,ABBVIE LOGISTICS (FORMERLY ABBOTT LOGISTICS BV),"Ritonavir 100mg [Norvir], film coated tablets, 60 Tabs",Ritonavir,Norvir,100mg,Tablet,60,448,3068.80,6.85,0.11,ABBVIE Ludwigshafen Germany,TRUE,68,"$1,123.14 ",5.06
"32,029",113-ZW-T30,FPQ-13939,SCMS-240570,ASN-27586,Zimbabwe,PMO - US,Direct Drop,EXW,Air Charter,04-01-14,5/27/2014,17-Sep-14,17-Sep-14,19-Sep-14,ARV,Adult,HETERO LABS LIMITED,"Lamivudine/Tenofovir Disoproxil Fumarate 300/300mg, tablets, 30 Tabs",Lamivudine/Tenofovir Disoproxil Fumarate,Generic,300/300mg,Tablet - FDC,30,"42,192",194927.04,4.62,0.15,Hetero Unit III Hyderabad IN,TRUE,4584,"$25,682.65 ",200.38
"86,284",151-NG-T30,FPQ-4537,SO-35120,DN-1741,Nigeria,PMO - US,From RDC,N/A - From RDC,Air Charter,11-06-09,N/A - From RDC,31-Mar-10,31-Mar-10,31-Mar-10,ARV,Adult,SCMS from RDC,"Lamivudine/Stavudine 150/30mg, tablets, 60 Tabs",Lamivudine/Stavudine,Generic,150/30mg,Tablet - FDC,60,28,95.20,3.4,0.06,"Strides, Bangalore, India.",TRUE,2,Freight Included in Commodity Cost,0.21
"32,064",104-CI-T30,FPQ-6183,SCMS-83692,ASN-11129,Côte d'Ivoire,PMO - US,Direct Drop,CIP,Air,08-10-10,09-10-10,01-Jul-11,01-Jul-11,01-Jul-11,ARV,Adult,MERCK SHARP & DOHME IDEA GMBH (FORMALLY MERCK SHARP & DOHME B.V.),"Efavirenz/Emtricitabine/Tenofovir Disoproxil Fumarate 600/200/300mg [Atripla], tablets, 30 Tabs",Efavirenz/Emtricitabine/Tenofovir Disoproxil Fumarate,Atripla,600/200/300mg,Tablet - FDC,30,"6,100",307440.00,50.4,1.68,"MSD, Haarlem, NL",TRUE,928,"$2,093.32 ",662.84
"32,077",101-CD-T30,FPQ-13555,SCMS-234260,ASN-26439,"Congo, DRC",PMO - US,Direct Drop,EXW,Air,3/19/2014,05-05-14,26-Aug-14,26-Aug-14,16-Sep-14,ARV,Pediatric,Aurobindo Pharma Limited,"Zidovudine 10mg/ml, oral solution, Bottle, 240 ml",Zidovudine,Generic,10mg/ml,Oral solution,240,367,734.00,2,0.01,"Aurobindo Unit III, India",TRUE,161,"$2,038.97 ",0.75
"86,285",151-NG-T30,FPQ-4537,SO-35091,DN-1694,Nigeria,PMO - US,From RDC,N/A - From RDC,Air Charter,11-06-09,N/A - From RDC,19-Apr-10,31-Mar-10,31-Mar-10,ARV,Adult,SCMS from RDC,"Zidovudine 300mg, tablets, 60 Tabs",Zidovudine,Generic,300mg,Tablet,60,"5,000",37500.00,7.5,0.12,Mylan (formerly Matrix) Nashik,TRUE,264,Freight Included in Commodity Cost,80.85
"32,111",117-ET-T30,FPQ-9210,SCMS-134750,ASN-14234,Ethiopia,PMO - US,Direct Drop,EXW,Air,1/18/2012,1/23/2012,27-Mar-12,27-Mar-12,27-Mar-12,HRDT,HIV test,"CHEMBIO DIAGNOSTIC SYSTEMS, INC.","HIV 1/2, Stat-Pak HIV, Kit, 20 Tests","HIV 1/2, Stat-Pak HIV, Kit",Stat-Pak,,Test kit,20,121,3509.00,29,1.45,Chembio Diagnostics Sys. Inc.,TRUE,42,$354.59 ,4.92
"32,135",107-RW-T30,FPQ-15065,SCMS-263330,ASN-30487,Rwanda,PMO - US,Direct Drop,EXW,Air,10/15/2014,12/18/2014,18-Feb-15,18-Feb-15,19-Feb-15,HRDT,HIV test,"SHANGHAI KEHUA BIOENGINEERING CO.,LTD.  (KHB)","HIV 1/2, SKB Colloidal Gold, Diagnostic Kit, Antibody, 50 Tests","HIV 1/2, Colloidal Gold, Diagnostic Kit, Antibody",Colloidal Gold,,Test kit,1,"4,050",99225.00,24.5,24.5,"KHB Test Kit Facility, Shanghai China",TRUE,2700,"$35,593.04 ",102
"86,287",151-NG-T30,FPQ-4537,SO-34900,DN-1708,Nigeria,PMO - US,From RDC,N/A - From RDC,Air Charter,11-06-09,N/A - From RDC,31-Mar-10,31-Mar-10,31-Mar-10,ARV,Pediatric,SCMS from RDC,"Efavirenz 200mg, capsule, 90 Caps",Efavirenz,Generic,200mg,Capsule,90,"1,000",10070.00,10.07,0.11,"Aurobindo Unit III, India",TRUE,119,Freight Included in Commodity Cost,21.71
"32,189",108-VN-T30,FPQ-15692,SCMS-274390,ASN-32268,Vietnam,PMO - US,Direct Drop,EXW,Air,1/28/2015,2/17/2015,10-Jul-15,07-Jul-15,07-Jul-15,ARV,Adult,HETERO LABS LIMITED,"Efavirenz/Lamivudine/Tenofovir Disoproxil Fumarate 600/300/300mg, tablets, 30 Tabs",Efavirenz/Lamivudine/Tenofovir Disoproxil Fumarate,Generic,600/300/300mg,Tablet - FDC,30,"17,760",177600.00,10,0.33,Hetero Unit III Hyderabad IN,TRUE,2523,"$4,784.19 ",209.04
"32,193",117-ET-T30,FPQ-13200,SCMS-213980,ASN-23661,Ethiopia,PMO - US,Direct Drop,EXW,Air,10/25/2013,11-06-13,14-Jan-14,14-Jan-14,15-Jan-14,HRDT,HIV test,"Trinity Biotech, Plc","HIV 1/2, Uni-Gold HIV Kit, 20 Tests","HIV 1/2, Uni-Gold HIV Kit",Uni-Gold,,Test kit,20,11,352.00,32,1.6,"Trinity Biotech, Plc",TRUE,4,$526.44 ,0.36
"86,312",151-NG-T30,FPQ-5023,SO-36430,DN-1881,Nigeria,PMO - US,From RDC,N/A - From RDC,Air,02-10-10,N/A - From RDC,15-Jul-10,28-Jun-10,28-Jun-10,ARV,Adult,SCMS from RDC,"Lamivudine/Nevirapine/Zidovudine 150/200/300mg, tablets, 60 Tabs",Lamivudine/Nevirapine/Zidovudine,Generic,150/300/200mg,Tablet - FDC,60,"51,132",573701.04,11.22,0.19,"Aurobindo Unit III, India",TRUE,6002,Freight Included in Commodity Cost,"1,236.90"
"32,306",108-VN-T30,FPQ-15040,SCMS-263660,ASN-30941,Vietnam,PMO - US,Direct Drop,EXW,Air,10/30/2014,12-08-14,31-Mar-15,31-Mar-15,01-Apr-15,ARV,Adult,HETERO LABS LIMITED,"Efavirenz 600mg, tablets, 30 Tabs",Efavirenz,Generic,600mg,Tablet,30,"2,800",9800.00,3.5,0.12,Hetero Unit III Hyderabad IN,TRUE,953,"$1,593.67 ",10.07
"32,313",107-RW-T30,FPQ-6185,SCMS-84400,ASN-10663,Rwanda,PMO - US,Direct Drop,CIP,Air,09-03-10,9/27/2010,25-Apr-11,25-Apr-11,25-Apr-11,ARV,Adult,Aurobindo Pharma Limited,"Didanosine 400mg, delayed-release capsules, 30 Caps",Didanosine,Generic,400mg,Delayed-release capsules,30,595,12048.75,20.25,0.68,"Aurobindo Unit III, India",TRUE,87,$255 ,25.98
"32,316",102-SD-T30,FPQ-8264,SCMS-121842,ASN-12830,Sudan,PMO - US,Direct Drop,EXW,Air,09-07-11,9/14/2011,06-Jan-12,06-Jan-12,06-Jan-12,HRDT,HIV test - Ancillary,"Orgenics, Ltd","Capillary Tubes, for Determine, EDTA, 50uL,100 Pcs","HIV, Capillary Tubes, for Determine, EDTA, 50uL,100 Pcs",Determine,,Test kit - Ancillary,100,2,16.00,8,0.08,"Alere Medical Co., Ltd.",TRUE,2,$885.49 ,0.03
"32,344",100-DO-T30,FPQ-6126,SCMS-83590,ASN-8401,Dominican Republic,PMO - US,Direct Drop,EXW,Truck,8/19/2010,09-02-10,22-Oct-10,22-Oct-10,22-Oct-10,ARV,Adult,"ABBVIE, SRL (FORMALLY ABBOTT LABORATORIES INTERNATIONAL CO.)","Ritonavir 100mg [Norvir], capsules, cool, 2 x 84 Caps",Ritonavir,Norvir,100mg,Capsule,168,346,49824.00,144,0.86,ABBVIE (Abbott) St. P'burg USA,TRUE,268,$666.66 ,107.42
"32,358",161-ZA-T30,FPQ-5303,SCMS-69030,ASN-7804,South Africa,PMO - US,Direct Drop,DDP,Air,3/18/2010,3/19/2010,20-Sep-10,20-Sep-10,20-Sep-10,ARV,Adult,Aurobindo Pharma Limited,"Zidovudine 300mg, tablets, 60 Tabs",Zidovudine,Generic,300mg,Tablet,60,"29,402",218456.86,7.43,0.12,"Aurobindo Unit III, India",TRUE,1577,"$1,697.90 ",470.99
"32,359",102-SD-T30,FPQ-6991,SCMS-100300,ASN-10450,Sudan,PMO - US,Direct Drop,EXW,Air,02-05-11,03-02-11,29-Apr-11,29-Apr-11,29-Apr-11,HRDT,HIV test,"Standard Diagnostics, Inc.","HIV 1/2, Bioline 3.0 Kit, Lancets, Capillary pipets, Alcohol swabs included, 25 Tests","HIV 1/2, Bioline 3.0 Kit, Lancets, Capillary pipets, Alcohol swabs included",Bioline,,Test kit,25,17,340.00,20,0.8,"Standard Diagnostics, Korea",TRUE,244,"$2,701.16 ",0.56
"32,362",106-HT-T30,FPQ-6489,SCMS-90450,ASN-10409,Haiti,PMO - US,Direct Drop,CIP,Air,10/20/2010,11-04-10,16-Apr-11,16-Apr-11,16-Apr-11,ARV,Pediatric,MERCK SHARP & DOHME IDEA GMBH (FORMALLY MERCK SHARP & DOHME B.V.),"Efavirenz 30mg/ml [Stocrin/Sustiva], oral solution, Bottle, 180 ml",Efavirenz,Stocrin/Sustiva,30mg/ml,Oral solution,180,525,8904.00,16.96,0.09,"MSD, Haarlem, NL",TRUE,159,$290 ,19.2
"32,372",114-UG-T30,FPQ-11153,SCMS-171900,ASN-18877,Uganda,PMO - US,Direct Drop,FCA,Air,12/13/2012,01-11-13,09-Apr-13,09-Apr-13,09-Apr-13,ARV,Pediatric,ABBVIE LOGISTICS (FORMERLY ABBOTT LOGISTICS BV),"Lopinavir/Ritonavir 100/25mg [Aluvia], tablets, 60 Tabs",Lopinavir/Ritonavir,Generic,100/25mg,Tablet,60,"6,390",37956.60,5.94,0.1,ABBVIE Ludwigshafen Germany,TRUE,733,"$6,255.87 ",46.95
"86,313",151-NG-T30,FPQ-5023,SO-36440,DN-1898,Nigeria,PMO - US,From RDC,N/A - From RDC,Air,02-10-10,N/A - From RDC,15-Jul-10,28-Jun-10,28-Jun-10,ARV,Adult,SCMS from RDC,"Efavirenz 600mg, tablets, 30 Tabs",Efavirenz,Generic,600mg,Tablet,30,"5,705",26243.00,4.6,0.15,"Aurobindo Unit III, India",FALSE,Weight Captured Separately,Freight Included in Commodity Cost,56.58
"32,402",901-GH-T30,FPQ-14101,SCMS-245400,ASN-29128,Ghana,PMO - US,Direct Drop,EXW,Air,4/30/2014,07-08-14,24-Dec-14,24-Dec-14,02-Jan-15,ARV,Pediatric,Aurobindo Pharma Limited,"Lamivudine 10mg/ml, oral solution, Bottle, 240 ml",Lamivudine,Generic,10mg/ml,Oral solution,240,"1,905",2724.15,1.43,0.01,"Aurobindo Unit III, India",TRUE,786,"$4,304.34 ",2.8
"32,405",161-ZA-T30,FPQ-7175,SCMS-103850,ASN-10872,South Africa,PMO - US,Direct Drop,DDP,Ocean,03-10-11,3/28/2011,14-Jul-11,14-Jul-11,14-Jul-11,ARV,Adult,CIPLA LIMITED,"Tenofovir Disoproxil Fumarate 300mg, tablets, 30 Tabs",Tenofovir Disoproxil Fumarate,Generic,300mg,Tablet,30,"113,000",731110.00,6.47,0.22,"Cipla, Goa, India",TRUE,7569,"$11,986.59 ","1,206.33"
"32,422",108-VN-T30,FPQ-13034,SCMS-210120,ASN-24569,Vietnam,PMO - US,Direct Drop,EXW,Air,10-04-13,10-10-13,21-Apr-14,21-Apr-14,22-Apr-14,ARV,Adult,HETERO LABS LIMITED,"Efavirenz/Lamivudine/Tenofovir Disoproxil Fumarate 600/300/300mg, tablets, 30 Tabs",Efavirenz/Lamivudine/Tenofovir Disoproxil Fumarate,Generic,600/300/300mg,Tablet - FDC,30,"24,556",257838.00,10.5,0.35,Hetero Unit III Hyderabad IN,TRUE,3443,"$6,323.76 ",318.95
"32,435",103-MW-T30,FPQ-10790,SCMS-163900,ASN-19497,Malawi,PMO - US,Direct Drop,EXW,Ocean,10/17/2012,10/31/2012,24-Jul-13,24-Jul-13,24-Jul-13,ARV,Adult,MYLAN LABORATORIES LTD (FORMERLY MATRIX LABORATORIES),"Efavirenz/Lamivudine/Tenofovir Disoproxil Fumarate 600/300/300mg, tablets, 30 Tabs",Efavirenz/Lamivudine/Tenofovir Disoproxil Fumarate,Generic,600/300/300mg,Tablet - FDC,30,"190,000",2183100.00,11.49,0.38,Mylan (formerly Matrix) Nashik,TRUE,21463,"$36,695.74 ","2,700.49"
"86,314",151-NG-T30,FPQ-5023,SO-36442,DN-1900,Nigeria,PMO - US,From RDC,N/A - From RDC,Air,02-10-10,N/A - From RDC,15-Jul-10,28-Jun-10,28-Jun-10,ARV,Adult,SCMS from RDC,"Efavirenz 600mg, tablets, 30 Tabs",Efavirenz,Generic,600mg,Tablet,30,"10,000",46000.00,4.6,0.15,"Aurobindo Unit III, India",TRUE,857,Freight Included in Commodity Cost,99.18
"86,315",151-NG-T30,FPQ-5023,SO-36493,DN-1912,Nigeria,PMO - US,From RDC,N/A - From RDC,Air,02-10-10,N/A - From RDC,15-Jul-10,28-Jun-10,28-Jun-10,ARV,Adult,SCMS from RDC,"Lamivudine 150mg, tablets, 60 Tabs",Lamivudine,Generic,150mg,Tablet,60,64,156.16,2.44,0.04,"Aurobindo Unit III, India",TRUE,3,Freight Included in Commodity Cost,0.34
"32,496",108-VN-T30,FPQ-12539,SCMS-199810,ASN-23000,Vietnam,PMO - US,Direct Drop,EXW,Air,07-11-13,08-02-13,23-Dec-13,23-Dec-13,23-Dec-13,ARV,Adult,MYLAN LABORATORIES LTD (FORMERLY MATRIX LABORATORIES),"Lamivudine/Zidovudine 150/300mg, tablets, 60 Tabs",Lamivudine/Zidovudine,Generic,150/300mg,Tablet - FDC,60,"4,848",31463.52,6.49,0.11,Mylan (formerly Matrix) Nashik,TRUE,415,"$1,009.60 ",38.92
"32,499",161-ZA-T30,FPQ-7175,SCMS-103470,ASN-11200,South Africa,PMO - US,Direct Drop,DDP,Ocean,03-10-11,3/24/2011,02-Sep-11,02-Sep-11,02-Sep-11,ARV,Pediatric,Aurobindo Pharma Limited,"Efavirenz 50mg, capsule, 30 Caps",Efavirenz,Generic,50mg,Capsule,30,"50,000",122000.00,2.44,0.08,"Aurobindo Unit III, India",TRUE,2953,"$6,409.91 ",201.3
"32,505",114-UG-T30,FPQ-11141,SCMS-173410,ASN-19088,Uganda,PMO - US,Direct Drop,FCA,Air,12/13/2012,02-04-13,30-Apr-13,30-Apr-13,30-Apr-13,ARV,Pediatric,ABBVIE LOGISTICS (FORMERLY ABBOTT LOGISTICS BV),"Lopinavir/Ritonavir 100/25mg [Aluvia], tablets, 60 Tabs",Lopinavir/Ritonavir,Generic,100/25mg,Tablet,60,"2,880",17107.20,5.94,0.1,ABBVIE Ludwigshafen Germany,TRUE,335,"$3,446.07 ",21.16
"86,316",151-NG-T30,FPQ-5023,SO-36501,DN-1914,Nigeria,PMO - US,From RDC,N/A - From RDC,Air,02-10-10,N/A - From RDC,15-Jul-10,28-Jun-10,28-Jun-10,ARV,Adult,SCMS from RDC,"Zidovudine 300mg, tablets, 60 Tabs",Zidovudine,Generic,300mg,Tablet,60,"3,000",22500.00,7.5,0.12,"Aurobindo Unit III, India",TRUE,165,Freight Included in Commodity Cost,48.51
"32,521",200-DO-T30,FPQ-6615,SCMS-93361,ASN-10226,Dominican Republic,PMO - US,Direct Drop,EXW,Air,11-10-10,12-01-10,04-Apr-11,04-Apr-11,04-Apr-11,ARV,Adult,Aurobindo Pharma Limited,"Lopinavir/Ritonavir 200/50mg, tablets, 120 Tabs",Lopinavir/Ritonavir,Generic,200/50mg,Tablet,120,"2,508",87780.00,35,0.29,"Aurobindo Unit III, India",TRUE,645,"$5,002.73 ",144.84
"32,540",102-GY-T30,FPQ-6983,SCMS-97160,ASN-10064,Guyana,PMO - US,Direct Drop,EXW,Air,01-05-11,02-02-11,12-Apr-11,12-Apr-11,12-Apr-11,HRDT,HIV test,"Orgenics, Ltd","HIV 1/2, Determine Complete HIV Kit, 100 Tests","HIV 1/2, Determine Complete HIV Kit",Determine,,Test kit,100,418,41800.00,100,1,Inverness Japan,TRUE,205,"$6,455.37 ",68.97
"32,543",161-ZA-T30,FPQ-7175,SCMS-123580,ASN-12824,South Africa,PMO - US,Direct Drop,DDP,Ocean,03-10-11,9/30/2011,22-Dec-11,22-Dec-11,22-Dec-11,ARV,Adult,Aurobindo Pharma Limited,"Efavirenz 600mg, tablets, 30 Tabs",Efavirenz,Generic,600mg,Tablet,30,"128,887",549058.62,4.26,0.14,"Aurobindo Unit III, India",TRUE,10956,"$16,429.12 ",905.95
"32,548",102-CD-T30,FPQ-9645,SCMS-145490,ASN-15869,"Congo, DRC",PMO - US,Direct Drop,EXW,Air,4/24/2012,05-07-12,17-Dec-12,17-Dec-12,17-Dec-12,HRDT,HIV test,"Orgenics, Ltd","HIV 1/2, DoubleCheck Gold Kit, 20 Tests","HIV 1/2, DoubleCheck Gold Kit",DoubleCheck,,Test kit,20,400,14608.00,36.52,1.83,"Alere Medical Co., Ltd.",TRUE,96,"$1,906.70 ",20.48
"86,520",102-ZW-T30,FPQ-9927,SO-42302,DN-2881,Zimbabwe,PMO - US,From RDC,N/A - From RDC,Truck,5/15/2012,N/A - From RDC,31-Oct-12,18-Oct-12,18-Oct-12,ARV,Adult,SCMS from RDC,"Lamivudine/Zidovudine 150/300mg, tablets, 60 Tabs",Lamivudine/Zidovudine,Generic,150/300mg,Tablet - FDC,60,"1,006",7766.32,7.72,0.13,Mylan (formerly Matrix) Nashik,FALSE,Weight Captured Separately,Freight Included in Commodity Cost,10.89
"32,594",103-CM-T30,FPQ-10128,SCMS-151600,ASN-16107,Cameroon,PMO - US,Direct Drop,EXW,Air,6/22/2012,7/16/2012,10-Sep-12,10-Sep-12,10-Sep-12,HRDT,HIV test,"Orgenics, Ltd","HIV 1/2, Determine Kit without Lancets, Buffer or Caplillary Tubes, 100 Tests","HIV 1/2, Determine Kit without Lancets, Buffer or Capillary Tubes, 100 Tests",Determine,,Test kit,100,120,8658.00,72.15,0.72,"Alere Medical Co., Ltd.",TRUE,22,"$1,243.98 ",12.14
"32,729",108-VN-T30,FPQ-12539,SCMS-199700,ASN-23138,Vietnam,PMO - US,Direct Drop,FCA,Air,07-11-13,7/30/2013,06-Jan-14,06-Jan-14,06-Jan-14,ARV,Adult,ABBVIE LOGISTICS (FORMERLY ABBOTT LOGISTICS BV),"Ritonavir 100mg [Norvir], film coated tablets, 30 Tabs",Ritonavir,Norvir,100mg,Tablet,30,81,1884.06,23.26,0.78,ABBVIE Ludwigshafen Germany,TRUE,6,"$3,549.70 ",2.33
"32,738",107-RW-T30,FPQ-8742,SCMS-137530,ASN-15140,Rwanda,PMO - US,Direct Drop,EXW,Ocean,12-07-11,4/20/2012,23-Aug-12,23-Aug-12,23-Aug-12,ARV,Adult,MYLAN LABORATORIES LTD (FORMERLY MATRIX LABORATORIES),"Efavirenz/Lamivudine/Tenofovir Disoproxil Fumarate 600/300/300mg, tablets, 30 Tabs",Efavirenz/Lamivudine/Tenofovir Disoproxil Fumarate,Generic,600/300/300mg,Tablet - FDC,30,"46,613",605969.00,13,0.43,Mylan (formerly Matrix) Nashik,TRUE,5245,"$11,186.24 ",849.57
"86,521",102-ZW-T30,FPQ-9927,SO-42302,DN-2881,Zimbabwe,PMO - US,From RDC,N/A - From RDC,Truck,5/15/2012,N/A - From RDC,31-Oct-12,18-Oct-12,18-Oct-12,ARV,Adult,SCMS from RDC,"Lamivudine/Tenofovir Disoproxil Fumarate 300/300mg, tablets, 30 Tabs",Lamivudine/Tenofovir Disoproxil Fumarate,Generic,300/300mg,Tablet - FDC,30,"16,799",90042.64,5.36,0.18,Hetero Unit III Hyderabad IN,FALSE,Weight Captured Separately,Freight Included in Commodity Cost,126.24
"32,743",108-VN-T30,FPQ-13976,SCMS-235620,ASN-28217,Vietnam,PMO - US,Direct Drop,FCA,Air,04-08-14,4/30/2014,22-Oct-14,22-Oct-14,22-Oct-14,ARV,Adult,ABBVIE LOGISTICS (FORMERLY ABBOTT LOGISTICS BV),"Lopinavir/Ritonavir 200/50mg [Aluvia], tablets, 120 Tabs",Lopinavir/Ritonavir,Aluvia,200/50mg,Tablet,120,"2,000",121640.00,60.82,0.51,ABBVIE Ludwigshafen Germany,TRUE,499,"$1,467.82 ",125.05
"32,775",106-HT-T30,FPQ-9894,SCMS-147610,ASN-15536,Haiti,PMO - US,Direct Drop,EXW,Air,5/22/2012,6/13/2012,10-Aug-12,10-Aug-12,10-Aug-12,HRDT,HIV test,"SHANGHAI KEHUA BIOENGINEERING CO.,LTD.  (KHB)","HIV 1/2, SKB Colloidal Gold, Diagnostic Kit, Antibody, 50 Tests","HIV 1/2, Colloidal Gold, Diagnostic Kit, Antibody",Colloidal Gold,,Test kit,1,600,14700.00,24.5,24.5,"KHB Test Kit Facility, Shanghai China",TRUE,434,"$4,209.61 ",20.61
"32,837",161-ZA-T30,FPQ-5303,SCMS-68981,ASN-8465,South Africa,PMO - US,Direct Drop,DDP,Air,3/18/2010,3/19/2010,08-Dec-10,08-Dec-10,08-Dec-10,ARV,Adult,Aurobindo Pharma Limited,"Nevirapine 200mg, tablets, 60 Tabs",Nevirapine,Generic,200mg,Tablet,60,"24,000",70080.00,2.92,0.05,"Aurobindo Unit III, India",TRUE,2830,"$5,159.34 ",151.09
"32,865",101-CD-T30,FPQ-14654,SCMS-253270,ASN-28379,"Congo, DRC",PMO - US,Direct Drop,EXW,Air,08-11-14,8/27/2014,31-Dec-14,31-Dec-14,31-Dec-14,HRDT,HIV test,"Orgenics, Ltd","HIV 1/2, Determine Complete HIV Kit, 100 Tests","HIV 1/2, Determine Complete HIV Kit",Determine,,Test kit,100,"5,359",428720.00,80,0.8,"Alere Medical Co., Ltd.",TRUE,2131,"$62,196.13 ",440.72
"86,574",111-MZ-T30,FPQ-11033,SO-43770,DN-3182,Mozambique,PMO - US,From RDC,N/A - From RDC,Truck,11-12-12,N/A - From RDC,26-Jul-13,26-Jul-13,26-Jul-13,ARV,Adult,SCMS from RDC,"Lamivudine/Zidovudine 150/300mg, tablets, 60 Tabs",Lamivudine/Zidovudine,Generic,150/300mg,Tablet - FDC,60,"32,508",227556.00,7,0.12,Hetero Unit III Hyderabad IN,FALSE,Weight Captured Separately,Freight Included in Commodity Cost,281.49
"86,586",151-NG-T30,FPQ-11771,SO-44755,DN-3239,Nigeria,PMO - US,From RDC,N/A - From RDC,Air Charter,2/28/2013,N/A - From RDC,21-Aug-13,23-Jul-13,23-Jul-13,ARV,Adult,SCMS from RDC,"Lamivudine/Nevirapine/Zidovudine 150/200/300mg, tablets, 60 Tabs",Lamivudine/Nevirapine/Zidovudine,Generic,150/300/200mg,Tablet - FDC,60,"249,974",2144776.92,8.58,0.14,"Aurobindo Unit III, India",FALSE,Weight Captured Separately,Freight Included in Commodity Cost,"2,653.09"
"32,892",111-MZ-T30,FPQ-13395,SCMS-219220,ASN-25453,Mozambique,PMO - US,Direct Drop,EXW,Air,12-11-13,12/17/2013,02-May-14,02-May-14,07-May-14,ARV,Adult,HETERO LABS LIMITED,"Lamivudine/Nevirapine/Zidovudine 150/200/300mg, tablets, 60 Tabs",Lamivudine/Nevirapine/Zidovudine,Generic,150/300/200mg,Tablet - FDC,60,"33,216",269381.76,8.11,0.14,Hetero Unit III Hyderabad IN,TRUE,4516,"$16,537.11 ",276.92
"86,587",151-NG-T30,FPQ-11864,SO-44924,DN-3253,Nigeria,PMO - US,From RDC,N/A - From RDC,Air Charter,3/14/2013,N/A - From RDC,04-Sep-13,23-Jul-13,23-Jul-13,ARV,Pediatric,SCMS from RDC,"Lamivudine/Nevirapine/Zidovudine 30/50/60mg, dispersible tablets, 60 Tabs",Lamivudine/Nevirapine/Zidovudine,Generic,30/50/60mg,Chewable/dispersible tablet - FDC,60,"28,029",116320.35,4.15,0.07,Mylan (formerly Matrix) Nashik,TRUE,1698,Freight Included in Commodity Cost,143.89
"86,588",151-NG-T30,FPQ-11771,SO-44758,DN-3252,Nigeria,PMO - US,From RDC,N/A - From RDC,Air Charter,2/28/2013,N/A - From RDC,21-Aug-13,30-Jul-13,30-Jul-13,ARV,Pediatric,SCMS from RDC,"Lamivudine/Nevirapine/Zidovudine 30/50/60mg, dispersible tablets, 60 Tabs",Lamivudine/Nevirapine/Zidovudine,Generic,30/50/60mg,Chewable/dispersible tablet - FDC,60,"38,705",160625.75,4.15,0.07,Mylan (formerly Matrix) Nashik,TRUE,2352,Freight Included in Commodity Cost,198.69
"86,797",114-UG-T30,FPQ-15639,SO-50670,DN-4215,Uganda,PMO - US,From RDC,N/A - From RDC,Truck,12/22/2014,N/A - From RDC,30-Apr-15,22-Apr-15,24-Apr-15,ARV,Adult,SCMS from RDC,"Lamivudine/Nevirapine/Zidovudine 150/200/300mg, tablets, 60 Tabs",Lamivudine/Nevirapine/Zidovudine,Generic,150/300/200mg,Tablet - FDC,60,"21,667",167269.24,7.72,0.13,Mylan (formerly Matrix) Nashik,FALSE,Weight Captured Separately,Freight Included in Commodity Cost,196.88
"32,953",107-RW-T30,FPQ-12791,SCMS-205930,ASN-23656,Rwanda,PMO - US,Direct Drop,EXW,Air,08-09-13,9/19/2013,31-Jan-14,31-Jan-14,04-Mar-14,ARV,Adult,MYLAN LABORATORIES LTD (FORMERLY MATRIX LABORATORIES),"Abacavir/Lamivudine 600/300mg, tablets, 30 Tabs",Abacavir/Lamivudine,Generic,600/300mg,Tablet - FDC,30,"40,705",549110.45,13.49,0.45,Mylan (formerly Matrix) Nashik,TRUE,3948,"$24,035.49 ",679.25
"32,959",144-BW-T30,FPQ-4167,SCMS-54200,ASN-7797,Botswana,PMO - US,Direct Drop,EXW,Air,09-09-09,9/30/2009,31-Aug-10,31-Aug-10,31-Aug-10,HRDT,HIV test - Ancillary,Orasure Technologies Inc.,"#109435**HIV, OraQuick Controls Kit, 3 Vials","HIV, OraQuick Controls Kit, 3 Vials",OraQuick,,Test kit - Ancillary,3,10,250.00,25,8.33,"Orasure Technologies, Inc USA",TRUE,6,$418.94 ,0.49
"32,963",104-CI-T30,FPQ-12806,SCMS-206521,ASN-24427,Côte d'Ivoire,PMO - US,Direct Drop,FCA,Air,08-09-13,12-09-13,17-Mar-14,17-Mar-14,18-Mar-14,ARV,Pediatric,ABBVIE LOGISTICS (FORMERLY ABBOTT LOGISTICS BV),"Lopinavir/Ritonavir 100/25mg [Aluvia], tablets, 60 Tabs",Lopinavir/Ritonavir,Generic,100/25mg,Tablet,60,"5,900",35046.00,5.94,0.1,ABBVIE Ludwigshafen Germany,TRUE,701,"$7,008.10 ",43.35
"86,821",110-ZM-T30,FPQ-14784,SO-49600,DN-4316,Zambia,PMO - US,From RDC,N/A - From RDC,Truck,08-12-14,N/A - From RDC,31-Aug-15,25-Aug-15,03-Sep-15,ARV,Adult,SCMS from RDC,"Efavirenz/Lamivudine/Tenofovir Disoproxil Fumarate 600/300/300mg, tablets, 30 Tabs",Efavirenz/Lamivudine/Tenofovir Disoproxil Fumarate,Generic,600/300/300mg,Tablet - FDC,30,"514,526",5140114.74,9.99,0.33,Cipla Ltd A-42 MIDC Mahar. IN,FALSE,Weight Captured Separately,Freight Included in Commodity Cost,"5,284.04"
"86,822",200-ZW-T30,FPQ-16523,SO-51680,DN-4334,Zimbabwe,PMO - US,From RDC,N/A - From RDC,Truck,07-01-15,N/A - From RDC,09-Sep-15,04-Aug-15,11-Aug-15,ARV,Adult,SCMS from RDC,"Lamivudine/Zidovudine 150/300mg, tablets, 60 Tabs",Lamivudine/Zidovudine,Generic,150/300mg,Tablet - FDC,60,"17,465",113871.80,6.52,0.11,Mylan (formerly Matrix) Nashik,TRUE,1392,Freight Included in Commodity Cost,134.03
"86,823",103-ZW-T30,FPQ-15197,SO-50022,DN-4336,Zimbabwe,PMO - US,From RDC,N/A - From RDC,Truck,10/16/2014,N/A - From RDC,31-Aug-15,04-Aug-15,11-Aug-15,ARV,Pediatric,SCMS from RDC,"Lamivudine/Zidovudine 30/60mg, dispersible tablets, 60 Tabs",Lamivudine/Zidovudine,Generic,30/60mg,Chewable/dispersible tablet - FDC,60,"36,639",72911.61,1.99,0.03,"Cipla, Goa, India",FALSE,Weight Captured Separately,Freight Included in Commodity Cost,85.82
"33,050",104-CI-T30,FPQ-13629,SCMS-228890,ASN-30737,Côte d'Ivoire,PMO - US,Direct Drop,FCA,Air,1/31/2014,03-03-14,10-Mar-15,10-Mar-15,10-Mar-15,ARV,Pediatric,ABBVIE LOGISTICS (FORMERLY ABBOTT LOGISTICS BV),"Lopinavir/Ritonavir 80/20mg/ml [Kaletra], oral solution, cool, Bottle 5 x 60 ml",Lopinavir/Ritonavir,Kaletra,80/20mg/ml,Oral solution,300,500,15410.00,30.82,0.1,ABBVIE (Abbott) Logis. UK,TRUE,632,"$7,514.75 ",15.84
"33,077",161-ZA-T30,FPQ-6262,SCMS-83720,ASN-9714,South Africa,PMO - US,Direct Drop,DDP,Air,8/31/2010,9/24/2010,23-Mar-11,23-Mar-11,23-Mar-11,ARV,Adult,Aurobindo Pharma Limited,"Abacavir 300mg, tablets, 60 Tabs",Abacavir,Generic,300mg,Tablet,60,"7,600",121448.00,15.98,0.27,"Aurobindo Unit III, India",TRUE,782,"$2,534.68 ",261.84
62,102-NG-T01,Pre-PQ Process,SCMS-230,ASN-144,Nigeria,PMO - US,Direct Drop,EXW,Air,Pre-PQ Process,Date Not Captured,10-Jan-07,10-Jan-07,10-Jan-07,HRDT,HIV test,EY Laboratories,"HIV 1/2, InstantChek HIV 1+2 Kit, 100 Tests","HIV 1/2, InstantChek HIV 1+2 Kit",InstantCHEK,10mg+ml+/,Test kit,100,10,850.00,85,0.85,"EY Laboratories, USA",TRUE,Weight Captured Separately,null,
"33,116",107-RW-T30,FPQ-10092,SCMS-149431,ASN-15554,Rwanda,PMO - US,Direct Drop,EXW,Air,06-04-12,06-12-12,04-Aug-12,04-Aug-12,04-Aug-12,ARV,Adult,HETERO LABS LIMITED,"Lamivudine/Tenofovir Disoproxil Fumarate 300/300mg, tablets, 30 Tabs",Lamivudine/Tenofovir Disoproxil Fumarate,Generic,300/300mg,Tablet - FDC,30,"61,209",293191.11,4.79,0.16,Hetero Unit III Hyderabad IN,TRUE,9117,"$98,763.02 ",411.05
"33,144",108-VN-T30,FPQ-4719,SCMS-62310,ASN-6597,Vietnam,PMO - US,Direct Drop,EXW,Air,01-04-10,01-07-10,20-May-10,20-May-10,20-May-10,ARV,Adult,MYLAN LABORATORIES LTD (FORMERLY MATRIX LABORATORIES),"Tenofovir Disoproxil Fumarate 300mg, tablets, 30 Tabs",Tenofovir Disoproxil Fumarate,Generic,300mg,Tablet,30,"4,536",34020.00,7.5,0.25,Mylan (formerly Matrix) Nashik,TRUE,266,"$3,678.45 ",73.35
"33,168",109-TZ-T30,FPQ-11427,SCMS-175480,ASN-19502,Tanzania,PMO - US,Direct Drop,EXW,Air,1/15/2013,2/15/2013,18-Jun-13,18-Jun-13,18-Jun-13,ARV,Adult,MYLAN LABORATORIES LTD (FORMERLY MATRIX LABORATORIES),"Atazanavir/Ritonavir 300/100mg, tablets, 30 Tabs",Atazanavir/Ritonavir,Generic,300/100mg,Tablet,30,"4,779",107527.50,22.5,0.75,Mylan (formerly Matrix) Nashik,TRUE,643,"$4,142.07 ",133.01
"33,179",114-UG-T30,FPQ-15314,SCMS-264750,ASN-31496,Uganda,PMO - US,Direct Drop,EXW,Air,11-11-14,12-04-14,05-May-15,05-May-15,05-May-15,HRDT,HIV test,"Orgenics, Ltd","HIV 1/2, Determine Complete HIV Kit, 100 Tests","HIV 1/2, Determine Complete HIV Kit",Determine,,Test kit,100,"6,227",498160.00,80,0.8,"Alere Medical Co., Ltd.",TRUE,2527,"$20,534.40 ",586.33
305,123-NG-T01,Pre-PQ Process,SCMS-15550,ASN-1269,Nigeria,PMO - US,Direct Drop,EXW,Air,Pre-PQ Process,Date Not Captured,05-Feb-08,05-Feb-08,05-Feb-08,HRDT,HIV test - Ancillary,"Orgenics, Ltd","HIV, Lancet, Safety, for HIV Test kits, 100 Pcs","HIV, Lancet, Safety, for HIV Test kits, 100 Pcs",Generic,10mg+ml+/,Test kit - Ancillary,100,650,6.50,0.01,0,Inverness Japan,TRUE,Weight Captured Separately,null,0.01
361,125-HT-T01,Pre-PQ Process,SCMS-14080,ASN-1318,Haiti,PMO - US,Direct Drop,EXW,Air,Pre-PQ Process,Date Not Captured,18-Feb-08,18-Feb-08,18-Feb-08,HRDT,HIV test,"Trinity Biotech, Plc","HIV 1/2, Capillus HIV Kit, 100 Tests","HIV 1/2, Capillus HIV Kit",Capillus,80+20mg+ml,Test kit,100,2,278.00,139,1.39,"Trinity Biotech, Plc",TRUE,Weight Captured Separately,null,0.44
"33,232",114-UG-T30,FPQ-13696,SCMS-231380,ASN-26594,Uganda,PMO - US,Direct Drop,EXW,Air,2/19/2014,3/21/2014,26-Jun-14,26-Jun-14,27-Jun-14,ARV,Adult,MYLAN LABORATORIES LTD (FORMERLY MATRIX LABORATORIES),"Atazanavir/Ritonavir 300/100mg, tablets, 30 Tabs",Atazanavir/Ritonavir,Generic,300/100mg,Tablet,30,"1,801",36020.00,20,0.67,Mylan (formerly Matrix) Nashik,TRUE,225,"$1,726.75 ",37.03
"33,263",106-HT-T30,FPQ-9621,SCMS-147160,ASN-16866,Haiti,PMO - US,Direct Drop,FCA,Air,4/20/2012,08-03-12,08-Nov-12,08-Nov-12,08-Nov-12,ARV,Pediatric,LAWRENCE LABORATORIES (SUBSIDIARY OF BRISTOL MYERS SQUIBB),"Didanosine 2g [Videx], powder for oral solution 10mg/ml, reconstitute to 200 ml",Didanosine,Videx,2g,Powder for oral solution,200,98,1233.82,12.59,0.06,Bristol-Myers Squibb Anagni IT,TRUE,22,"$1,662.72 ",1.73
"33,296",114-UG-T30,FPQ-6918,SCMS-96910,ASN-10338,Uganda,PMO - US,Direct Drop,DDP,Air,01-06-11,1/21/2011,29-Mar-11,29-Mar-11,29-Mar-11,ARV,Adult,ASPEN PHARMACARE,"Darunavir 300mg [Prezista], tablets, 120 Tabs",Darunavir,Prezista,300mg,Tablet,120,95,8780.85,92.43,0.77,"Aspen-OSD, Port Elizabeth, SA",TRUE,14,$171 ,14.49
"33,305",161-ZA-T30,FPQ-7175,SCMS-104030,ASN-12189,South Africa,PMO - US,Direct Drop,DDP,Ocean,03-10-11,3/28/2011,18-Nov-11,18-Nov-11,18-Nov-11,ARV,Adult,CIPLA LIMITED,"Tenofovir Disoproxil Fumarate 300mg, tablets, 30 Tabs",Tenofovir Disoproxil Fumarate,Generic,300mg,Tablet,30,"113,000",731110.00,6.47,0.22,"Cipla, Goa, India",TRUE,7663,"$9,560.03 ","1,206.33"
398,102-GY-T01,Pre-PQ Process,SCMS-18480,ASN-1502,Guyana,PMO - US,Direct Drop,EXW,Air,Pre-PQ Process,2/28/2008,09-Apr-08,01-Apr-08,01-Apr-08,HRDT,HIV test - Ancillary,"Orgenics, Ltd","HIV, Lancet, Safety, for HIV Test kits, 100 Pcs","HIV, Lancet, Safety, for HIV Test kits, 100 Pcs",Generic,1mg+ml+/,Test kit - Ancillary,100,240,2.40,0.01,0,Inverness Japan,TRUE,Weight Captured Separately,null,0
"33,359",114-UG-T30,FPQ-14325,SCMS-250220,ASN-29067,Uganda,PMO - US,Direct Drop,CIP,Air,5/26/2014,8/25/2014,01-Nov-14,01-Nov-14,02-Nov-14,ARV,Adult,JANSSEN SCIENCES IRELAND UC (FORMERLY JANSSEN R&D IRELAND),"Etravirine 100mg [Intelence], tablets, 120 Tabs",Etravirine,Intelence,100mg,Tablet,120,501,18036.00,36,0.3,"Janssen-Cilag, Latina, IT",TRUE,151,$297.25 ,18.54
"33,360",106-HT-T30,FPQ-11433,SCMS-178730,ASN-18767,Haiti,PMO - US,Direct Drop,CIP,Air,1/31/2013,2/27/2013,02-Apr-13,02-Apr-13,02-Apr-13,ARV,Adult,ETHNOR DEL ISTMO S.A.,"Darunavir 300mg [Prezista], tablets, 120 Tabs",Darunavir,Prezista,300mg,Tablet,120,120,7992.00,66.6,0.55,"Janssen Ortho LLC, Puerto Rico",TRUE,26,$240 ,9.89
465,102-NG-T01,Pre-PQ Process,SCMS-21540,ASN-2011,Nigeria,PMO - US,Direct Drop,EXW,Air,Pre-PQ Process,Date Not Captured,09-Jul-08,04-Jul-08,04-Jul-08,HRDT,HIV test - Ancillary,"Orgenics, Ltd","HIV, Lancet, Safety, for HIV Test kits, 100 Pcs","HIV, Lancet, Safety, for HIV Test kits, 100 Pcs",Generic,20mg+ml+/,Test kit - Ancillary,100,"5,498",54.98,0.01,0,Inverness Japan,TRUE,Weight Captured Separately,null,0.09
"33,402",102-ML-T30,FPQ-13391,SCMS-221932,ASN-24648,Mali,PMO - US,Direct Drop,EXW,Air,12/16/2013,1/22/2014,31-Mar-14,31-Mar-14,14-Apr-14,HRDT,HIV test,"Orgenics, Ltd","HIV 1/2, Clearview Complete Kit, 25 Tests","HIV 1/2, Clearview Complete Kit",Clearview,,Test kit,25,154,14630.00,95,3.8,Chembio Diagnostics Sys. Inc.,TRUE,87,"$2,445.68 ",15.04
712,119-NA-T01,Pre-PQ Process,SCMS-28840,ASN-2450,Namibia,PMO - US,Direct Drop,EXW,Air,Pre-PQ Process,8/26/2008,18-Sep-08,18-Sep-08,18-Sep-08,HRDT,HIV test,"Trinity Biotech, Plc","HIV 1/2, Uni-Gold HIV Kit, 20 Tests","HIV 1/2, Uni-Gold HIV Kit",Uni-Gold,80mg+ml+/,Test kit,20,10,320.00,32,1.6,"Trinity Biotech, Plc",TRUE,Weight Captured Separately,null,0.51
"33,422",108-VN-T30,FPQ-10811,SCMS-164550,ASN-18970,Vietnam,PMO - US,Direct Drop,EXW,Air,10/15/2012,07-11-12,15-May-13,15-May-13,15-May-13,ARV,Adult,STRIDES ARCOLAB LIMITED,"Lamivudine/Nevirapine/Zidovudine 150/200/300mg, tablets, 60 Tabs",Lamivudine/Nevirapine/Zidovudine,Generic,150/300/200mg,Tablet - FDC,60,"14,142",119075.64,8.42,0.14,"Strides, Bangalore, India.",TRUE,1741,"$3,821.49 ",147.3
"33,441",108-VN-T30,FPQ-14516,SCMS-251680,ASN-29384,Vietnam,PMO - US,Direct Drop,EXW,Air,07-09-14,08-11-14,24-Dec-14,24-Dec-14,24-Dec-14,ARV,Adult,HETERO LABS LIMITED,"Tenofovir Disoproxil Fumarate 300mg, tablets, 30 Tabs",Tenofovir Disoproxil Fumarate,Generic,300mg,Tablet,30,"6,000",21300.00,3.55,0.12,Hetero Unit III Hyderabad IN,TRUE,2490,"$4,545.64 ",21.9
"33,450",113-ZW-T30,FPQ-7521,SCMS-108020,ASN-13966,Zimbabwe,PMO - US,Direct Drop,EXW,Air,04-07-11,05-05-11,20-Mar-12,20-Mar-12,20-Mar-12,HRDT,HIV test,"Orgenics, Ltd","HIV 1/2, Determine Complete HIV Kit, 100 Tests","HIV 1/2, Determine Complete HIV Kit",Determine,,Test kit,100,"1,967",157360.00,80,0.8,Inverness Japan,TRUE,1004,"$18,612.64 ",259.64
"1,303",117-ET-T01,Pre-PQ Process,SCMS-284,ASN-168,Ethiopia,PMO - US,Direct Drop,FCA,Air,Pre-PQ Process,12/14/2006,28-Dec-06,28-Dec-06,28-Dec-06,HRDT,HIV test,Abbott GmbH & Co. KG,"HIV 1/2, Determine Complete HIV Kit, 100 Tests","HIV 1/2, Determine Complete HIV Kit",Determine,10mg+ml+/,Test kit,100,200,16000.00,80,0.8,ABBVIE GmbH & Co.KG Wiesbaden,TRUE,Weight Captured Separately,null,
"33,522",104-CI-T30,FPQ-9874,SCMS-147590,ASN-17853,Côte d'Ivoire,PMO - US,Direct Drop,EXW,Air,05-11-12,6/13/2012,06-Feb-13,06-Feb-13,06-Feb-13,HRDT,HIV test,"Orgenics, Ltd","HIV 1/2, Determine Complete HIV Kit, 100 Tests","HIV 1/2, Determine Complete HIV Kit",Determine,,Test kit,100,"2,400",192000.00,80,0.8,"Alere Medical Co., Ltd.",TRUE,1043,"$20,882.95 ",269.18
"33,544",111-MZ-T30,FPQ-11923,SCMS-187130,ASN-21340,Mozambique,PMO - US,Direct Drop,FCA,Air,4/19/2013,4/25/2013,30-Sep-13,30-Sep-13,30-Sep-13,ARV,Adult,ABBVIE LOGISTICS (FORMERLY ABBOTT LOGISTICS BV),"Ritonavir 100mg [Norvir], film coated tablets, 60 Tabs",Ritonavir,Norvir,100mg,Tablet,60,168,1150.80,6.85,0.11,ABBVIE Ludwigshafen Germany,TRUE,23,$851.62 ,1.42
"1,643",104-CI-T01,Pre-PQ Process,SCMS-18420,ASN-1469,Côte d'Ivoire,PMO - US,Direct Drop,EXW,Air,Pre-PQ Process,2/28/2008,08-Apr-08,04-Apr-08,04-Apr-08,HRDT,HIV test - Ancillary,"Orgenics, Ltd","HIV, Lancet, Safety, for HIV Test kits, 100 Pcs","HIV, Lancet, Safety, for HIV Test kits, 100 Pcs",Generic,30mg+ml+/,Test kit - Ancillary,100,70,0.70,0.01,0,Inverness Japan,TRUE,Weight Captured Separately,null,0
"33,631",103-ZW-T30,FPQ-12094,SCMS-186830,ASN-22178,Zimbabwe,PMO - US,Direct Drop,FCA,Air,4/19/2013,4/25/2013,13-Dec-13,13-Dec-13,16-Dec-13,ARV,Pediatric,LAWRENCE LABORATORIES (SUBSIDIARY OF BRISTOL MYERS SQUIBB),"Didanosine 25mg [Videx], chewable tablets, 60 Tabs",Didanosine,Videx,25mg,Chewable/dispersible tablet,60,372,2604.00,7,0.12,Bristol-Myers Squibb Anagni IT,TRUE,95,"$2,265.88 ",3.22
"33,634",161-ZA-T30,FPQ-6262,SCMS-83830,ASN-9196,South Africa,PMO - US,Direct Drop,DDP,Ocean,8/31/2010,9/24/2010,01-Feb-11,01-Feb-11,01-Feb-11,ARV,Adult,Aurobindo Pharma Limited,"Efavirenz 600mg, tablets, 30 Tabs",Efavirenz,Generic,600mg,Tablet,30,"96,764",438340.92,4.53,0.15,"Aurobindo Unit III, India",TRUE,8468,"$30,412.15 ",945.06
"1,660",113-ZW-T01,Pre-PQ Process,SCMS-18870,ASN-2435,Zimbabwe,PMO - US,Direct Drop,EXW,Air,Pre-PQ Process,3/17/2008,17-Nov-08,21-Oct-08,21-Oct-08,HRDT,HIV test - Ancillary,"Orgenics, Ltd","HIV, Lancet, Safety, for HIV Test kits, 100 Pcs","HIV, Lancet, Safety, for HIV Test kits, 100 Pcs",Generic,10mg+ml+/,Test kit - Ancillary,100,"1,634",16.34,0.01,0,Inverness Japan,TRUE,Weight Captured Separately,null,0.03
"33,665",105-GH-T30,FPQ-14050,SCMS-236690,ASN-27495,Ghana,PMO - US,Direct Drop,EXW,Air,04-12-14,5/15/2014,11-Sep-14,11-Sep-14,11-Sep-14,ARV,Adult,MYLAN LABORATORIES LTD (FORMERLY MATRIX LABORATORIES),"Efavirenz/Lamivudine/Tenofovir Disoproxil Fumarate 600/300/300mg, tablets, 30 Tabs",Efavirenz/Lamivudine/Tenofovir Disoproxil Fumarate,Generic,600/300/300mg,Tablet - FDC,30,"38,692",415552.08,10.74,0.36,Mylan (formerly Matrix) Nashik,TRUE,4707,"$32,683.47 ",427.19
"33,684",104-CI-T30,FPQ-11294,SCMS-173130,ASN-19139,Côte d'Ivoire,PMO - US,Direct Drop,EXW,Air,12/14/2012,1/15/2013,26-Apr-13,26-Apr-13,26-Apr-13,HRDT,HIV test,"Orgenics, Ltd","HIV 1/2, Determine Complete HIV Kit, 100 Tests","HIV 1/2, Determine Complete HIV Kit",Determine,,Test kit,100,"2,953",236240.00,80,0.8,"Alere Medical Co., Ltd.",TRUE,1284,"$23,273.76 ",292.23
"1,730",102-NG-T01,Pre-PQ Process,SCMS-21580,ASN-1797,Nigeria,PMO - US,Direct Drop,EXW,Air,Pre-PQ Process,Date Not Captured,28-May-08,28-May-08,28-May-08,HRDT,HIV test - Ancillary,"Orgenics, Ltd","HIV, Lancet, Safety, for HIV Test kits, 100 Pcs","HIV, Lancet, Safety, for HIV Test kits, 100 Pcs",Generic,10mg+ml+/,Test kit - Ancillary,100,"1,130",11.30,0.01,0,Inverness Japan,TRUE,Weight Captured Separately,null,0.02
"2,796",119-NA-T01,Pre-PQ Process,SCMS-10360,ASN-658,Namibia,PMO - US,Direct Drop,EXW,Air,Pre-PQ Process,7/31/2007,29-Aug-07,29-Aug-07,29-Aug-07,HRDT,HIV test,"Orgenics, Ltd","HIV 1/2, Clearview Complete Kit, 25 Tests","HIV 1/2, Clearview Complete Kit",Clearview,80+20mg+ml,Test kit,25,150,11250.00,75,3,Not Applicable,TRUE,Weight Captured Separately,null,18
"33,760",108-VN-T30,FPQ-7898,SCMS-113611,ASN-14064,Vietnam,PMO - US,Direct Drop,EXW,Air,6/27/2011,07-08-11,29-Mar-12,29-Mar-12,29-Mar-12,ARV,Adult,STRIDES ARCOLAB LIMITED,"Efavirenz 600mg, tablets, 30 Tabs",Efavirenz,Generic,600mg,Tablet,30,"18,854",77301.40,4.1,0.14,"Strides, Bangalore, India.",TRUE,1146,"$5,977.20 ",127.55
"2,960",100-HT-T01,Pre-PQ Process,SCMS-15460,ASN-2258,Haiti,PMO - US,Direct Drop,EXW,Air,Pre-PQ Process,Date Not Captured,22-Aug-08,22-Aug-08,22-Aug-08,HRDT,HIV test,"Trinity Biotech, Plc","HIV 1/2, Capillus HIV Kit, 100 Tests","HIV 1/2, Capillus HIV Kit",Capillus,10mg+ml+/,Test kit,100,2,278.00,139,1.39,"Trinity Biotech, Plc",TRUE,Weight Captured Separately,null,0.44
"33,799",109-TZ-T30,FPQ-13048,SCMS-210890,ASN-23967,Tanzania,PMO - US,Direct Drop,FCA,Air,10-03-13,10/31/2013,07-Mar-14,07-Mar-14,11-Mar-14,ARV,Pediatric,ABBVIE LOGISTICS (FORMERLY ABBOTT LOGISTICS BV),"Lopinavir/Ritonavir 100/25mg [Aluvia], tablets, 60 Tabs",Lopinavir/Ritonavir,Generic,100/25mg,Tablet,60,"1,742",10347.48,5.94,0.1,ABBVIE Ludwigshafen Germany,TRUE,208,"$2,336.46 ",12.8
"33,807",106-HT-T30,FPQ-11287,SCMS-176360,ASN-21068,Haiti,PMO - US,Direct Drop,FCA,Air,1/16/2013,02-05-13,11-Sep-13,11-Sep-13,11-Sep-13,ARV,Pediatric,ABBVIE LOGISTICS (FORMERLY ABBOTT LOGISTICS BV),"Lopinavir/Ritonavir 100/25mg [Aluvia], tablets, 60 Tabs",Lopinavir/Ritonavir,Generic,100/25mg,Tablet,60,612,3635.28,5.94,0.1,ABBVIE Ludwigshafen Germany,TRUE,76,"$1,259.05 ",4.5
"33,810",103-MW-T30,FPQ-10790,SCMS-163880,ASN-17940,Malawi,PMO - US,Direct Drop,EXW,Ocean,10/17/2012,10/31/2012,21-Jun-13,21-Jun-13,21-Jun-13,ARV,Adult,MYLAN LABORATORIES LTD (FORMERLY MATRIX LABORATORIES),"Efavirenz/Lamivudine/Tenofovir Disoproxil Fumarate 600/300/300mg, tablets, 30 Tabs",Efavirenz/Lamivudine/Tenofovir Disoproxil Fumarate,Generic,600/300/300mg,Tablet - FDC,30,"6,200",71238.00,11.49,0.38,Mylan (formerly Matrix) Nashik,TRUE,701,"$3,548.81 ",88.12
"2,965",100-HT-T01,Pre-PQ Process,SCMS-15880,ASN-1301,Haiti,PMO - US,Direct Drop,EXW,Air,Pre-PQ Process,01-03-08,27-Feb-08,18-Feb-08,18-Feb-08,HRDT,HIV test,"Trinity Biotech, Plc","HIV 1/2, Capillus HIV Kit, 100 Tests","HIV 1/2, Capillus HIV Kit",Capillus,1mg+ml+/,Test kit,100,4,556.00,139,1.39,"Trinity Biotech, Plc",TRUE,Weight Captured Separately,null,0.89
"3,039",111-MZ-T01,Pre-PQ Process,SCMS-18060,ASN-1651,Mozambique,PMO - US,Direct Drop,EXW,Air,Pre-PQ Process,2/25/2008,13-Jun-08,13-Jun-08,13-Jun-08,HRDT,HIV test - Ancillary,"Orgenics, Ltd","HIV, Lancet, Safety, for HIV Test kits, 100 Pcs","HIV, Lancet, Safety, for HIV Test kits, 100 Pcs",Generic,10mg+ml+/,Test kit - Ancillary,100,"4,200",42.00,0.01,0,Inverness Japan,TRUE,Weight Captured Separately,null,0.07
"3,153",102-BW-T01,Pre-PQ Process,SCMS-22730,ASN-1939,Botswana,PMO - US,Direct Drop,EXW,Air,Pre-PQ Process,4/28/2008,31-Jul-08,07-Jul-08,07-Jul-08,HRDT,HIV test - Ancillary,"Orgenics, Ltd","HIV, Lancet, Safety, for HIV Test kits, 100 Pcs","HIV, Lancet, Safety, for HIV Test kits, 100 Pcs",Generic,10mg+ml+/,Test kit - Ancillary,100,100,1.00,0.01,0,Inverness Japan,TRUE,Weight Captured Separately,null,0
"3,360",119-NA-T01,Pre-PQ Process,SCMS-28850,ASN-2513,Namibia,PMO - US,Direct Drop,EXW,Air,Pre-PQ Process,8/26/2008,25-Sep-08,25-Sep-08,25-Sep-08,HRDT,HIV test,"Orgenics, Ltd","HIV 1/2, Clearview Complete Kit, 25 Tests","HIV 1/2, Clearview Complete Kit",Clearview,80+20mg+ml,Test kit,25,1,75.00,75,3,Inverness Japan,TRUE,Weight Captured Separately,null,0.12
"33,863",901-CM-T30,FPQ-12837,SCMS-204300,ASN-21706,Cameroon,PMO - US,Direct Drop,EXW,Air,8/19/2013,8/23/2013,18-Oct-13,09-Nov-13,19-Nov-13,ARV,Adult,Aurobindo Pharma Limited,"Lamivudine/Nevirapine/Zidovudine 150/200/300mg, tablets, 60 Tabs",Lamivudine/Nevirapine/Zidovudine,Generic,150/300/200mg,Tablet - FDC,60,"38,515",313126.95,8.13,0.14,"Aurobindo Unit III, India",TRUE,4892,"$41,173.77 ",387.34
"33,868",161-ZA-T30,FPQ-6708,SCMS-93520,ASN-9579,South Africa,PMO - US,Direct Drop,DDP,Ocean,11/26/2010,12-06-10,26-Jun-11,26-Jun-11,26-Jun-11,ARV,Adult,Aurobindo Pharma Limited,"Tenofovir Disoproxil Fumarate 300mg, tablets, 30 Tabs",Tenofovir Disoproxil Fumarate,Generic,300mg,Tablet,30,"70,331",467701.15,6.65,0.22,"Aurobindo Unit III, India",TRUE,6564,"$12,396.57 ",771.71
"33,872",108-VN-T30,FPQ-13524,SCMS-226220,ASN-26924,Vietnam,PMO - US,Direct Drop,EXW,Air,02-06-14,03-10-14,29-Jul-14,29-Jul-14,06-Aug-14,ARV,Adult,HETERO LABS LIMITED,"Efavirenz/Lamivudine/Tenofovir Disoproxil Fumarate 600/300/300mg, tablets, 30 Tabs",Efavirenz/Lamivudine/Tenofovir Disoproxil Fumarate,Generic,600/300/300mg,Tablet - FDC,30,"22,752",238896.00,10.5,0.35,Hetero Unit III Hyderabad IN,TRUE,3195,"$5,583.11 ",245.59
"33,882",161-ZA-T30,FPQ-6708,SCMS-93620,ASN-10110,South Africa,PMO - US,Direct Drop,DDP,Ocean,11/26/2010,12/14/2010,05-May-11,05-May-11,05-May-11,ARV,Adult,CIPLA LIMITED,"Tenofovir Disoproxil Fumarate 300mg, tablets, 30 Tabs",Tenofovir Disoproxil Fumarate,Generic,300mg,Tablet,30,"150,000",1029000.00,6.86,0.23,"Cipla, Goa, India",TRUE,10151,"$19,569.93 ","1,697.85"
"33,896",105-GH-T30,FPQ-13809,SCMS-234080,ASN-28229,Ghana,PMO - US,Direct Drop,EXW,Air,03-07-14,4/15/2014,21-Nov-14,21-Nov-14,25-Nov-14,ARV,Adult,MYLAN LABORATORIES LTD (FORMERLY MATRIX LABORATORIES),"Lamivudine/Zidovudine 150/300mg, tablets, 60 Tabs",Lamivudine/Zidovudine,Generic,150/300mg,Tablet - FDC,60,"25,687",166708.63,6.49,0.11,Mylan (formerly Matrix) Nashik,TRUE,2184,"$15,041.23 ",171.38
"4,023",102-GY-T01,Pre-PQ Process,SCMS-767,ASN-607,Guyana,PMO - US,Direct Drop,EXW,Air,Pre-PQ Process,7/25/2007,09-Aug-07,09-Aug-07,09-Aug-07,HRDT,HIV test - Ancillary,"Orgenics, Ltd","HIV, Lancet, Safety, for HIV Test kits, 100 Pcs","HIV, Lancet, Safety, for HIV Test kits, 100 Pcs",Generic,10mg+ml+/,Test kit - Ancillary,100,300,3.00,0.01,0,Inverness Japan,TRUE,Weight Captured Separately,null,0
"4,085",102-GY-T01,Pre-PQ Process,SCMS-11650,ASN-834,Guyana,PMO - US,Direct Drop,EXW,Air,Pre-PQ Process,8/28/2007,21-Sep-07,21-Sep-07,21-Sep-07,HRDT,HIV test - Ancillary,"Orgenics, Ltd","HIV, Lancet, Safety, for HIV Test kits, 100 Pcs","HIV, Lancet, Safety, for HIV Test kits, 100 Pcs",Generic,10mg+ml+/,Test kit - Ancillary,100,442,4.42,0.01,0,Inverness Japan,TRUE,Weight Captured Separately,null,0.01
"33,962",106-HT-T30,FPQ-4337,SCMS-56120,ASN-5630,Haiti,PMO - US,Direct Drop,CIP,Air,10/13/2009,11-06-09,21-Dec-09,21-Dec-09,21-Dec-09,ARV,Pediatric,BRISTOL-MYERS SQUIBB,"Didanosine 25mg [Videx], chewable tablets, 60 Tabs",Didanosine,Videx,25mg,Chewable/dispersible tablet,60,120,840.00,7,0.12,"BMS Meymac, France",TRUE,29,$260 ,1.65
"33,964",901-CM-T30,FPQ-12837,SCMS-204300,ASN-21698,Cameroon,PMO - US,Direct Drop,EXW,Air,8/19/2013,8/23/2013,18-Oct-13,18-Oct-13,18-Oct-13,ARV,Adult,Aurobindo Pharma Limited,"Zidovudine 300mg, tablets, 60 Tabs",Zidovudine,Generic,300mg,Tablet,60,"16,820",91332.60,5.43,0.09,"Aurobindo Unit III, India",TRUE,2993,"$28,620.20 ",112.98
"33,969",109-TZ-T30,FPQ-5446,SCMS-71300,ASN-7529,Tanzania,PMO - US,Direct Drop,EXW,Ocean,4/15/2010,4/23/2010,21-Sep-10,21-Sep-10,21-Sep-10,ARV,Adult,MYLAN LABORATORIES LTD (FORMERLY MATRIX LABORATORIES),"Efavirenz/Emtricitabine/Tenofovir Disoproxil Fumarate 600/200/300mg, tablets, 30 Tabs",Efavirenz/Emtricitabine/Tenofovir Disoproxil Fumarate,Generic,600/200/300mg,Tablet - FDC,30,"57,727",1148767.30,19.9,0.66,Mylan (formerly Matrix) Nashik,TRUE,6349,"$27,797.60 ","2,476.74"
"34,010",114-UG-T30,FPQ-15303,SCMS-264961,ASN-32047,Uganda,PMO - US,Direct Drop,EXW,Air,11-11-14,11/25/2014,26-May-15,26-May-15,01-Jun-15,ARV,Adult,EMCURE PHARMACEUTICALS LTD,"Atazanavir/Ritonavir 300/100mg, tablets, 30 Tabs",Atazanavir/Ritonavir,Generic,300/100mg,Tablet,30,"1,000",18000.00,18,0.6,"Emcure Plot No.P-2, I.T-B.T. Park, Phase II, MIDC, Hinjwadi, Pune, India",TRUE,132,"$1,329.99 ",21.19
"34,028",107-RW-T30,FPQ-4047,SCMS-50840,ASN-7094,Rwanda,PMO - US,Direct Drop,CIP,Air,7/28/2009,8/18/2009,13-Jun-10,13-Jun-10,13-Jun-10,ARV,Adult,HETERO LABS LIMITED,"Lamivudine 150mg, tablets, 60 Tabs",Lamivudine,Generic,150mg,Tablet,60,"4,500",11655.00,2.59,0.04,Hetero Unit III Hyderabad IN,TRUE,277,"$1,393.42 ",22.84
"34,058",109-TZ-T30,FPQ-13945,SCMS-235400,ASN-31018,Tanzania,PMO - US,Direct Drop,EXW,Air,3/27/2014,05-06-14,28-Apr-15,28-Apr-15,28-Apr-15,HRDT,HIV test,"Trinity Biotech, Plc","HIV 1/2, Uni-Gold HIV Kit, 20 Tests","HIV 1/2, Uni-Gold HIV Kit",Uni-Gold,,Test kit,20,84,2688.00,32,1.6,"Trinity Biotech, Plc",TRUE,33,$939.38 ,2.76
"34,062",108-VN-T30,FPQ-12051,SCMS-188651,ASN-24041,Vietnam,PMO - US,Direct Drop,EXW,Air,05-03-13,11/28/2013,30-May-14,30-May-14,31-May-14,ARV,Adult,MYLAN LABORATORIES LTD (FORMERLY MATRIX LABORATORIES),"Lamivudine/Zidovudine 150/300mg, tablets, 60 Tabs",Lamivudine/Zidovudine,Generic,150/300mg,Tablet - FDC,60,"9,789",66075.75,6.75,0.11,Mylan (formerly Matrix) Nashik,TRUE,1585,"$2,965.32 ",81.74
"34,103",106-HT-T30,FPQ-13494,SCMS-225422,ASN-27237,Haiti,PMO - US,Direct Drop,EXW,Air,1/21/2014,2/19/2014,28-Aug-14,28-Aug-14,28-Aug-14,HRDT,HIV test,"SHANGHAI KEHUA BIOENGINEERING CO.,LTD.  (KHB)","HIV 1/2, SKB Colloidal Gold, Diagnostic Kit, Antibody, 50 Tests","HIV 1/2, Colloidal Gold, Diagnostic Kit, Antibody",Colloidal Gold,,Test kit,1,450,11025.00,24.5,24.5,"KHB Test Kit Facility, Shanghai China",TRUE,300,"$3,446.68 ",11.33
"34,113",105-SS-T30,FPQ-11539,SCMS-176931,ASN-20331,South Sudan,PMO - US,Direct Drop,EXW,Air,1/24/2013,2/26/2013,20-Sep-13,20-Sep-13,20-Sep-13,HRDT,HIV test - Ancillary,"Orgenics, Ltd","Chase Buffer, Determine, 100 Tests, 2.5ml x 1 Vial","Chase Buffer, Determine, 100 Tests, 2.5ml x 1 Vial",Determine,,Test kit - Ancillary,1,115,575.00,5,5,"Alere Medical Co., Ltd.",TRUE,115,"$2,660.05 ",0.71
"4,321",102-BW-T01,Pre-PQ Process,SCMS-18730,ASN-1609,Botswana,PMO - US,Direct Drop,EXW,Air,Pre-PQ Process,03-11-08,23-Jun-08,23-Jun-08,23-Jun-08,HRDT,HIV test - Ancillary,"Orgenics, Ltd","HIV, Lancet, Safety, for HIV Test kits, 100 Pcs","HIV, Lancet, Safety, for HIV Test kits, 100 Pcs",Generic,80+20mg+ml,Test kit - Ancillary,100,200,2.00,0.01,0,Inverness Japan,TRUE,Weight Captured Separately,null,0
"34,122",104-CI-T30,FPQ-13125,SCMS-215031,ASN-24897,Côte d'Ivoire,PMO - US,Direct Drop,EXW,Air,10/25/2013,11/21/2013,17-Mar-14,17-Mar-14,18-Mar-14,HRDT,HIV test,"Standard Diagnostics, Inc.","HIV 1/2, Bioline 3.0 Kit, Lancets, Capillary pipets, Alcohol swabs included, 25 Tests","HIV 1/2, Bioline 3.0 Kit, Lancets, Capillary pipets, Alcohol swabs included",Bioline,,Test kit,25,"2,700",55350.00,20.5,0.82,"Standard Diagnostics, Korea",TRUE,900,"$9,024.04 ",56.9
"4,333",119-NA-T01,Pre-PQ Process,SCMS-19130,ASN-1787,Namibia,PMO - US,Direct Drop,EXW,Air,Pre-PQ Process,3/18/2008,04-Jun-08,04-Jun-08,04-Jun-08,HRDT,HIV test - Ancillary,"Orgenics, Ltd","HIV, Lancet, Safety, for HIV Test kits, 100 Pcs","HIV, Lancet, Safety, for HIV Test kits, 100 Pcs",Generic,10mg+ml+/,Test kit - Ancillary,100,142,1.42,0.01,0,Inverness Japan,TRUE,Weight Captured Separately,null,0
"5,295",102-NG-T01,Pre-PQ Process,SCMS-229,ASN-155,Nigeria,PMO - US,Direct Drop,EXW,Air,Pre-PQ Process,Date Not Captured,17-Dec-06,17-Dec-06,17-Dec-06,HRDT,HIV test,Orasure Technologies Inc.,"HIV 1/2, OraQuick Advance HIV Rapid Antibody Kit, 100 Tests","HIV 1/2, OraQuick Advance HIV Rapid Antibody Kit",OraQuick,10mg+ml+/,Test kit,100,8,3200.00,400,4,"Pacific Biotech, Thailand",TRUE,Weight Captured Separately,null,
"5,365",100-HT-T01,Pre-PQ Process,SCMS-10080,ASN-664,Haiti,PMO - US,Direct Drop,EXW,Air,Pre-PQ Process,7/26/2007,13-Aug-07,13-Aug-07,13-Aug-07,HRDT,HIV test - Ancillary,"Orgenics, Ltd","HIV, Lancet, Safety, for HIV Test kits, 100 Pcs","HIV, Lancet, Safety, for HIV Test kits, 100 Pcs",Generic,80+20mg+ml,Test kit - Ancillary,100,450,4.50,0.01,0,Inverness Japan,TRUE,Weight Captured Separately,null,0.01
"34,184",108-VN-T30,FPQ-6818,SCMS-98170,ASN-10617,Vietnam,PMO - US,Direct Drop,FCA,Air,1/17/2011,02-09-11,10-May-11,10-May-11,10-May-11,ARV,Adult,ABBVIE LOGISTICS (FORMERLY ABBOTT LOGISTICS BV),"Ritonavir 100mg [Norvir], capsules, cool, 4 x 84 Caps",Ritonavir,Norvir,100mg,Capsule,336,36,7434.36,206.51,0.61,ABBVIE (Abbott) Logis. UK,TRUE,111,"$7,300.68 ",12.27
"34,226",102-SD-T30,FPQ-5295,SCMS-69270,ASN-6658,Sudan,PMO - US,Direct Drop,EXW,Air,3/15/2010,3/24/2010,18-May-10,18-May-10,18-May-10,HRDT,HIV test,"Orgenics, Ltd","HIV 1/2, Determine Complete HIV Kit, 100 Tests","HIV 1/2, Determine Complete HIV Kit",Determine,,Test kit,100,350,28000.00,80,0.8,Inverness Japan,TRUE,104,"$2,023.76 ",60.37
"5,595",128-BJ-T01,Pre-PQ Process,SCMS-17280,ASN-1412,Benin,PMO - US,Direct Drop,EXW,Air,Pre-PQ Process,02-06-08,10-Mar-08,10-Mar-08,10-Mar-08,HRDT,HIV test - Ancillary,"Orgenics, Ltd","HIV, Lancet, Safety, for HIV Test kits, 100 Pcs","HIV, Lancet, Safety, for HIV Test kits, 100 Pcs",Generic,10mg+ml+/,Test kit - Ancillary,100,"1,436",14.36,0.01,0,Inverness Japan,TRUE,Weight Captured Separately,null,0.02
"34,267",114-UG-T30,FPQ-13816,SCMS-231330,ASN-25469,Uganda,PMO - US,Direct Drop,EXW,Air,2/27/2014,3/19/2014,22-Apr-14,22-Apr-14,24-Apr-14,HRDT,HIV test,"Orgenics, Ltd","HIV 1/2, Determine Complete HIV Kit, 100 Tests","HIV 1/2, Determine Complete HIV Kit",Determine,,Test kit,100,"5,486",438880.00,80,0.8,"Alere Medical Co., Ltd.",TRUE,2224,"$21,346.47 ",451.17
"5,622",110-ZM-T01,Pre-PQ Process,SCMS-18070,ASN-1577,Zambia,PMO - US,Direct Drop,EXW,Air,Pre-PQ Process,2/25/2008,22-Apr-08,22-Apr-08,22-Apr-08,HRDT,HIV test - Ancillary,"Orgenics, Ltd","HIV, Lancet, Safety, for HIV Test kits, 100 Pcs","HIV, Lancet, Safety, for HIV Test kits, 100 Pcs",Generic,80+20mg+ml,Test kit - Ancillary,100,"2,000",20.00,0.01,0,Inverness Japan,TRUE,Weight Captured Separately,null,0.03
"34,319",133-NG-T30,FPQ-14995,SCMS-260700,ASN-29932,Nigeria,PMO - US,Direct Drop,EXW,Air,9/22/2014,10/29/2014,19-Jan-15,19-Jan-15,22-Jan-15,HRDT,HIV test,"Orgenics, Ltd","HIV 1/2, Determine Complete HIV Kit, 100 Tests","HIV 1/2, Determine Complete HIV Kit",Determine,,Test kit,100,"3,176",282664.00,89,0.89,"Alere Medical Co., Ltd.",TRUE,1288,"$16,002.97 ",290.58
"5,646",123-NG-T01,Pre-PQ Process,SCMS-18740,ASN-1553,Nigeria,PMO - US,Direct Drop,EXW,Air,Pre-PQ Process,03-11-08,08-May-08,07-Apr-08,07-Apr-08,HRDT,HIV test - Ancillary,"Orgenics, Ltd","HIV, Lancet, Safety, for HIV Test kits, 100 Pcs","HIV, Lancet, Safety, for HIV Test kits, 100 Pcs",Generic,80+20mg+ml,Test kit - Ancillary,100,285,2.85,0.01,0,Inverness Japan,TRUE,Weight Captured Separately,null,0
"34,351",113-ZW-T30,FPQ-4476,SCMS-56180,ASN-5618,Zimbabwe,PMO - US,Direct Drop,EXW,Air,10/27/2009,10/29/2009,08-Jan-10,08-Jan-10,08-Jan-10,HRDT,HIV test,"Orgenics, Ltd","HIV 1/2, Determine Complete HIV Kit, 100 Tests","HIV 1/2, Determine Complete HIV Kit",Determine,,Test kit,100,"1,270",91440.00,72,0.72,Inverness Japan,TRUE,635,"$11,835.69 ",197.14
"34,360",104-CI-T30,FPQ-6897,SCMS-101010,ASN-10906,Côte d'Ivoire,PMO - US,Direct Drop,EXW,Air,01-05-11,03-11-11,15-Jun-11,15-Jun-11,15-Jun-11,ARV,Adult,MYLAN LABORATORIES LTD (FORMERLY MATRIX LABORATORIES),"Abacavir/Lamivudine/Zidovudine 300/150/300mg, tablets, 60 Tabs",Abacavir/Lamivudine/Zidovudine,Generic,300/150/300mg,Tablet - FDC,60,"2,432",72960.00,30,0.5,Mylan (formerly Matrix) Nashik,TRUE,403,"$5,714.74 ",120.38
"5,769",102-BW-T01,Pre-PQ Process,SCMS-22770,ASN-2235,Botswana,PMO - US,Direct Drop,EXW,Air,Pre-PQ Process,4/28/2008,20-Jan-09,20-Jan-09,20-Jan-09,HRDT,HIV test - Ancillary,"Orgenics, Ltd","HIV, Lancet, Safety, for HIV Test kits, 100 Pcs","HIV, Lancet, Safety, for HIV Test kits, 100 Pcs",Generic,20mg+ml+/,Test kit - Ancillary,100,100,1.00,0.01,0,Inverness Japan,TRUE,Weight Captured Separately,null,0
"34,456",105-GH-T30,FPQ-13809,SCMS-234070,ASN-26109,Ghana,PMO - US,Direct Drop,EXW,Air,03-07-14,4/14/2014,12-Jun-14,12-Jun-14,12-Jun-14,ARV,Adult,STRIDES ARCOLAB LIMITED,"Efavirenz 600mg, tablets, 30 Tabs",Efavirenz,Generic,600mg,Tablet,30,"33,144",105729.36,3.19,0.11,"Strides, Bangalore, India.",TRUE,1874,"$9,507.26 ",108.69
"34,459",108-VN-T30,FPQ-9576,SCMS-149030,ASN-16137,Vietnam,PMO - US,Direct Drop,EXW,Air,04-11-12,06-08-12,28-Sep-12,28-Sep-12,28-Sep-12,ARV,Adult,HETERO LABS LIMITED,"Lamivudine/Zidovudine 150/300mg, tablets, 60 Tabs",Lamivudine/Zidovudine,Generic,150/300mg,Tablet - FDC,60,"7,760",59364.00,7.65,0.13,Hetero Unit III Hyderabad IN,TRUE,675,"$1,587.92 ",83.23
"7,260",133-NG-T01,Pre-PQ Process,SCMS-27070,ASN-2353,Nigeria,PMO - US,Direct Drop,EXW,Air,Pre-PQ Process,8/21/2008,12-Sep-08,03-Sep-08,03-Sep-08,HRDT,HIV test - Ancillary,"Orgenics, Ltd","HIV, Lancet, Safety, for HIV Test kits, 100 Pcs","HIV, Lancet, Safety, for HIV Test kits, 100 Pcs",Generic,10mg+ml+/,Test kit - Ancillary,100,"6,875",68.75,0.01,0,Inverness Japan,TRUE,Weight Captured Separately,null,0.11
"8,264",102-NG-T01,Pre-PQ Process,SCMS-16900,ASN-1410,Nigeria,PMO - US,Direct Drop,EXW,Air,Pre-PQ Process,1/29/2008,12-Mar-08,10-Mar-08,10-Mar-08,HRDT,HIV test - Ancillary,"Orgenics, Ltd","HIV, Lancet, Safety, for HIV Test kits, 100 Pcs","HIV, Lancet, Safety, for HIV Test kits, 100 Pcs",Generic,1mg+ml+/,Test kit - Ancillary,100,"6,199",61.99,0.01,0,Inverness Japan,TRUE,Weight Captured Separately,null,0.1
"34,551",133-NG-T30,FPQ-12812,SCMS-210350,ASN-22877,Nigeria,PMO - US,Direct Drop,EXW,Air,8/13/2013,11-01-13,23-Dec-13,23-Dec-13,10-Jan-14,HRDT,HIV test,"Orgenics, Ltd","HIV 1/2, Determine Complete HIV Kit, 100 Tests","HIV 1/2, Determine Complete HIV Kit",Determine,,Test kit,100,"9,335",830815.00,89,0.89,"Alere Medical Co., Ltd.",TRUE,3788,"$61,035.90 ","1,027.72"
"34,563",109-TZ-T30,FPQ-4157,SCMS-52776,ASN-5592,Tanzania,PMO - US,Direct Drop,EXW,Air,8/27/2009,09-11-09,24-Dec-09,24-Dec-09,24-Dec-09,HRDT,HIV test,"Standard Diagnostics, Inc.","HIV 1/2, Bioline 3.0 Kit, (no accessories), 30 Tests","HIV 1/2, Bioline 3.0 Kit (no accessories)",Bioline,,Test kit,30,"4,913",117912.00,24,0.8,"Standard Diagnostics, Korea",TRUE,1639,"$2,277 ",231.11
"34,564",102-BI-T30,FPQ-15186,SCMS-260830,ASN-30623,Burundi,PMO - US,Direct Drop,EXW,Air,10/17/2014,11-12-14,21-Apr-15,21-Apr-15,21-Apr-15,HRDT,HIV test,"Orgenics, Ltd","HIV 1/2, Determine Complete HIV Kit, 100 Tests","HIV 1/2, Determine Complete HIV Kit",Determine,,Test kit,100,"1,586",126880.00,80,0.8,"Alere Medical Co., Ltd.",TRUE,972,"$14,419.91 ",149.34
"34,566",102-KE-T30,FPQ-3984,SCMS-50890,ASN-4752,Kenya,PMO - US,Direct Drop,EXW,Air,7/20/2009,08-03-09,13-Oct-09,13-Oct-09,13-Oct-09,HRDT,HIV test,"Orgenics, Ltd","HIV 1/2, Determine Complete HIV Kit, 100 Tests","HIV 1/2, Determine Complete HIV Kit",Determine,,Test kit,100,100,8000.00,80,0.8,Inverness Japan,TRUE,32,"$1,555.21 ",15.68
"34,582",108-VN-T30,FPQ-13524,SCMS-226211,ASN-27939,Vietnam,PMO - US,Direct Drop,EXW,Air,02-06-14,6/27/2014,27-Oct-14,27-Oct-14,28-Oct-14,ARV,Adult,MYLAN LABORATORIES LTD (FORMERLY MATRIX LABORATORIES),"Lamivudine/Zidovudine 150/300mg, tablets, 60 Tabs",Lamivudine/Zidovudine,Generic,150/300mg,Tablet - FDC,60,"8,000",51920.00,6.49,0.11,Mylan (formerly Matrix) Nashik,TRUE,696,"$1,599.67 ",53.37
"34,593",110-ZM-T30,FPQ-8315,SCMS-120570,ASN-13035,Zambia,PMO - US,Direct Drop,EXW,Air,8/31/2011,9/22/2011,20-Dec-11,16-Dec-11,16-Dec-11,HRDT,HIV test,"Orgenics, Ltd","HIV 1/2, Determine Complete HIV Kit, 100 Tests","HIV 1/2, Determine Complete HIV Kit",Determine,,Test kit,100,"1,224",97920.00,80,0.8,"Alere Medical Co., Ltd.",TRUE,588,"$11,491.60 ",161.57
"34,614",111-MZ-T30,FPQ-5613,SCMS-81040,ASN-8356,Mozambique,PMO - US,Direct Drop,EXW,Air,6/20/2010,08-10-10,04-Nov-10,04-Nov-10,04-Nov-10,HRDT,HIV test,"Orgenics, Ltd","HIV 1/2, Determine Complete HIV Kit, 100 Tests","HIV 1/2, Determine Complete HIV Kit",Determine,,Test kit,100,212,16960.00,80,0.8,Inverness Japan,TRUE,97,"$1,910.93 ",36.57
"34,619",104-CI-T30,FPQ-6183,SCMS-83660,ASN-8992,Côte d'Ivoire,PMO - US,Direct Drop,CIP,Air,08-10-10,09-10-10,06-Dec-10,06-Dec-10,06-Dec-10,ARV,Pediatric,MERCK SHARP & DOHME IDEA GMBH (FORMALLY MERCK SHARP & DOHME B.V.),"Efavirenz 30mg/ml [Stocrin/Sustiva], oral solution, Bottle, 180 ml",Efavirenz,Stocrin/Sustiva,30mg/ml,Oral solution,180,"4,200",71232.00,16.96,0.09,"MSD, Haarlem, NL",TRUE,1234,"$2,786.22 ",153.58
"8,317",111-MZ-T01,Pre-PQ Process,SCMS-18340,ASN-1747,Mozambique,PMO - US,Direct Drop,EXW,Air,Pre-PQ Process,2/27/2008,09-Jul-08,09-Jul-08,09-Jul-08,HRDT,HIV test - Ancillary,"Orgenics, Ltd","HIV, Lancet, Safety, for HIV Test kits, 100 Pcs","HIV, Lancet, Safety, for HIV Test kits, 100 Pcs",Generic,10mg+ml+/,Test kit - Ancillary,100,"3,000",30.00,0.01,0,Inverness Japan,TRUE,Weight Captured Separately,null,0.05
"34,646",101-CD-T30,FPQ-12093,SCMS-189060,ASN-20770,"Congo, DRC",PMO - US,Direct Drop,FCA,Air,4/23/2013,5/23/2013,20-Nov-13,20-Nov-13,26-Nov-13,ARV,Pediatric,ABBVIE LOGISTICS (FORMERLY ABBOTT LOGISTICS BV),"Lopinavir/Ritonavir 80/20mg/ml [Kaletra], oral solution, cool, Bottle 5 x 60 ml",Lopinavir/Ritonavir,Kaletra,80/20mg/ml,Oral solution,300,30,924.60,30.82,0.1,ABBVIE (Abbott) Logis. UK,TRUE,56,"$1,573.41 ",1.14
"34,698",153-NA-T30,FPQ-8795,SCMS-131120,ASN-14198,Namibia,PMO - US,Direct Drop,EXW,Air,12-05-11,01-12-12,13-Apr-12,13-Apr-12,13-Apr-12,HRDT,HIV test,"Orgenics, Ltd","HIV 1/2, Clearview Complete Kit, 25 Tests","HIV 1/2, Clearview Complete Kit",Clearview,,Test kit,25,50,4750.00,95,3.8,Chembio Diagnostics Sys. Inc.,TRUE,36,$481.63 ,6.66
"34,700",133-NG-T30,FPQ-14305,SCMS-240830,ASN-27475,Nigeria,PMO - US,Direct Drop,EXW,Air,5/16/2014,06-02-14,19-Aug-14,26-Aug-14,07-Sep-14,HRDT,HIV test,"Orgenics, Ltd","HIV 1/2, Determine Complete HIV Kit, 100 Tests","HIV 1/2, Determine Complete HIV Kit",Determine,,Test kit,100,"6,375",567375.00,89,0.89,"Alere Medical Co., Ltd.",TRUE,3764,"$38,029.42 ",583.26
"34,718",104-CI-T30,FPQ-13198,SCMS-215300,ASN-25800,Côte d'Ivoire,PMO - US,Direct Drop,FCA,Air,10/28/2013,11/22/2013,13-May-14,13-May-14,15-May-14,ARV,Pediatric,LAWRENCE LABORATORIES (SUBSIDIARY OF BRISTOL MYERS SQUIBB),"Didanosine 25mg [Videx], chewable tablets, 60 Tabs",Didanosine,Videx,25mg,Chewable/dispersible tablet,60,"1,515",10605.00,7,0.12,Bristol-Myers Squibb Anagni IT,TRUE,338,"$2,864.63 ",10.9
"34,727",133-NG-T30,FPQ-12456,SCMS-196561,ASN-22351,Nigeria,PMO - US,Direct Drop,EXW,Air,06-10-13,07-10-13,07-Nov-13,11-Nov-13,17-Nov-13,HRDT,HIV test,"Orgenics, Ltd","HIV 1/2, Determine Complete HIV Kit, 100 Tests","HIV 1/2, Determine Complete HIV Kit",Determine,,Test kit,100,"3,038",270382.00,89,0.89,"Alere Medical Co., Ltd.",TRUE,1234,"$21,084.84 ",334.46
"34,760",101-CD-T30,FPQ-12093,SCMS-189060,ASN-20773,"Congo, DRC",PMO - US,Direct Drop,FCA,Air,4/23/2013,5/23/2013,20-Nov-13,20-Nov-13,26-Nov-13,ARV,Pediatric,ABBVIE LOGISTICS (FORMERLY ABBOTT LOGISTICS BV),"Lopinavir/Ritonavir 80/20mg/ml [Kaletra], oral solution, cool, Bottle 5 x 60 ml",Lopinavir/Ritonavir,Kaletra,80/20mg/ml,Oral solution,300,184,5670.88,30.82,0.1,ABBVIE (Abbott) Logis. UK,TRUE,288,$460.91 ,7.01
"34,769",114-UG-T30,FPQ-15314,SCMS-264730,ASN-31704,Uganda,PMO - US,Direct Drop,EXW,Air,11-11-14,12-04-14,28-Apr-15,28-Apr-15,28-Apr-15,HRDT,HIV test,"CHEMBIO DIAGNOSTIC SYSTEMS, INC.","HIV 1/2, Stat-Pak HIV, Kit, 20 Tests","HIV 1/2, Stat-Pak HIV, Kit",Stat-Pak,,Test kit,20,"6,200",192200.00,31,1.55,Chembio Diagnostics Sys. Inc.,TRUE,2328,"$13,456.05 ",226.22
"34,772",161-ZA-T30,FPQ-7175,SCMS-103890,ASN-11307,South Africa,PMO - US,Direct Drop,DDP,Ocean,03-10-11,3/28/2011,02-Sep-11,02-Sep-11,02-Sep-11,ARV,Adult,STRIDES ARCOLAB LIMITED,"Lamivudine 150mg, tablets, 60 Tabs",Lamivudine,Generic,150mg,Tablet,60,"515,000",1251450.00,2.43,0.04,"Strides, Bangalore, India.",TRUE,23273,"$31,656.61 ","2,064.89"
"34,781",161-ZA-T30,FPQ-6708,SCMS-93560,ASN-11436,South Africa,PMO - US,Direct Drop,DDP,Ocean,11/26/2010,12/14/2010,15-Sep-11,15-Sep-11,15-Sep-11,ARV,Adult,Aurobindo Pharma Limited,"Tenofovir Disoproxil Fumarate 300mg, tablets, 30 Tabs",Tenofovir Disoproxil Fumarate,Generic,300mg,Tablet,30,"54,245",360729.25,6.65,0.22,"Aurobindo Unit III, India",TRUE,5063,"$10,748.74 ",595.2
"34,837",117-ET-T30,FPQ-9098,SCMS-133580,ASN-13876,Ethiopia,PMO - US,Direct Drop,EXW,Air,01-10-12,1/23/2012,12-Mar-12,12-Mar-12,12-Mar-12,HRDT,HIV test,"SHANGHAI KEHUA BIOENGINEERING CO.,LTD.  (KHB)","HIV 1/2, SKB Colloidal Gold, Diagnostic Kit, Antibody, 50 Tests","HIV 1/2, Colloidal Gold, Diagnostic Kit, Antibody",Colloidal Gold,,Test kit,1,"1,362",33369.00,24.5,24.5,"KHB Test Kit Facility, Shanghai China",TRUE,970,"$8,851.40 ",46.78
"8,438",102-BW-T01,Pre-PQ Process,SCMS-22700,ASN-1909,Botswana,PMO - US,Direct Drop,EXW,Air,Pre-PQ Process,4/28/2008,31-Jul-08,11-Jul-08,11-Jul-08,HRDT,HIV test - Ancillary,"Orgenics, Ltd","HIV, Lancet, Safety, for HIV Test kits, 100 Pcs","HIV, Lancet, Safety, for HIV Test kits, 100 Pcs",Generic,10mg+ml+/,Test kit - Ancillary,100,100,1.00,0.01,0,Inverness Japan,TRUE,Weight Captured Separately,null,0
"9,536",100-HT-T01,Pre-PQ Process,SCMS-15870,ASN-1319,Haiti,PMO - US,Direct Drop,EXW,Air,Pre-PQ Process,01-03-08,18-Feb-08,18-Feb-08,18-Feb-08,HRDT,HIV test,"Trinity Biotech, Plc","HIV 1/2, Capillus HIV Kit, 100 Tests","HIV 1/2, Capillus HIV Kit",Capillus,10mg+ml+/,Test kit,100,2,278.00,139,1.39,"Trinity Biotech, Plc",TRUE,Weight Captured Separately,null,0.44
"9,578",106-HT-T01,Pre-PQ Process,SCMS-16700,ASN-1327,Haiti,PMO - US,Direct Drop,EXW,Air,Pre-PQ Process,02-04-08,18-Feb-08,18-Feb-08,18-Feb-08,HRDT,HIV test,"Trinity Biotech, Plc","HIV 1/2, Capillus HIV Kit, 100 Tests","HIV 1/2, Capillus HIV Kit",Capillus,10mg+ml+/,Test kit,100,250,34750.00,139,1.39,"Trinity Biotech, Plc",TRUE,Weight Captured Separately,null,55.6
"10,675",100-PK-T01,Pre-PQ Process,SO-2496,DN-732,Pakistan,PMO - US,From RDC,N/A - From RDC,Air,Pre-PQ Process,N/A - From RDC,19-May-08,19-May-08,19-May-08,HRDT,HIV test,SCMS from RDC,"HIV 1/2, Determine HIV Kit, without Lancets, 100 Tests","HIV 1/2, Determine HIV Kit, without Lancets",Determine,,Test kit,100,20,1439.80,71.99,0.72,Inverness Japan,TRUE,Weight Captured Separately,null,2.3
"10,759",102-KE-T01,Pre-PQ Process,SO-18001,DN-1189,Kenya,PMO - US,From RDC,N/A - From RDC,Truck,Pre-PQ Process,N/A - From RDC,27-Apr-09,27-Apr-09,27-Apr-09,HRDT,HIV test,SCMS from RDC,"HIV 1/2, Bioline 3.0 Kit, (no accessories), 30 Tests","HIV 1/2, Bioline 3.0 Kit (no accessories)",Bioline,,Test kit,30,"5,000",118500.00,23.7,0.79,"Standard Diagnostics, Korea",TRUE,Weight Captured Separately,null,232.26
"10,769",100-GH-T01,Pre-PQ Process,SO-30700,DN-1235,Ghana,PMO - US,From RDC,N/A - From RDC,Truck,Date Not Captured,N/A - From RDC,12-Aug-09,12-Aug-09,12-Aug-09,ARV,Adult,SCMS from RDC,"Abacavir 300mg, tablets, 60 Tabs",Abacavir,Generic,300mg,Tablet,60,"6,133",61.33,0.01,0,Mylan (formerly Matrix) Nashik,TRUE,Weight Captured Separately,null,0.12
"34,987",108-VN-T30,FPQ-12539,SCMS-199820,ASN-23648,Vietnam,PMO - US,Direct Drop,EXW,Air,07-11-13,08-02-13,13-Jun-14,22-Jan-14,22-Jan-14,ARV,Adult,MYLAN LABORATORIES LTD (FORMERLY MATRIX LABORATORIES),"Efavirenz/Lamivudine/Tenofovir Disoproxil Fumarate 600/300/300mg, tablets, 30 Tabs",Efavirenz/Lamivudine/Tenofovir Disoproxil Fumarate,Generic,600/300/300mg,Tablet - FDC,30,"15,500",172825.00,11.15,0.37,Mylan (formerly Matrix) Nashik,TRUE,1745,"$3,977.24 ",213.78
"10,803",104-CI-T01,Pre-PQ Process,SO-1688,DN-1557,Côte d'Ivoire,PMO - US,From RDC,N/A - From RDC,Air,Date Not Captured,N/A - From RDC,20-Dec-09,20-Dec-09,20-Dec-09,ARV,Adult,SCMS from RDC,"Saquinavir 200mg [Invirase], capsules, 270 Caps",Saquinavir,Invirase,200mg,Capsule,270,"1,042",82463.88,79.14,0.29,Roche Basel,TRUE,Weight Captured Separately,null,177.79
"10,987",102-KE-T01,Pre-PQ Process,SO-11430,DN-964,Kenya,PMO - US,From RDC,N/A - From RDC,Truck,Pre-PQ Process,N/A - From RDC,21-Oct-08,21-Oct-08,21-Oct-08,HRDT,HIV test - Ancillary,SCMS from RDC,"HIV, Lancet, Safety, for HIV Test kits, 100 Pcs","HIV, Lancet, Safety, for HIV Test kits, 100 Pcs",Generic,,Test kit - Ancillary,100,"5,000",50.00,0.01,0,Inverness Japan,TRUE,Weight Captured Separately,null,0.1
"35,043",108-VN-T30,FPQ-14516,SCMS-251680,ASN-29385,Vietnam,PMO - US,Direct Drop,EXW,Air,07-09-14,08-11-14,24-Dec-14,13-Dec-14,13-Dec-14,ARV,Adult,HETERO LABS LIMITED,"Efavirenz/Lamivudine/Tenofovir Disoproxil Fumarate 600/300/300mg, tablets, 30 Tabs",Efavirenz/Lamivudine/Tenofovir Disoproxil Fumarate,Generic,600/300/300mg,Tablet - FDC,30,"18,880",198240.00,10.5,0.35,Hetero Unit III Hyderabad IN,TRUE,2452,"$3,691.22 ",203.79
"35,053",108-VN-T30,FPQ-9001,SCMS-131650,ASN-14875,Vietnam,PMO - US,Direct Drop,EXW,Air,12/15/2011,1/18/2012,05-Jun-12,05-Jun-12,05-Jun-12,ARV,Pediatric,Aurobindo Pharma Limited,"Abacavir 20mg/ml, oral solution w/syringe, Bottle, 240 ml",Abacavir,Generic,20mg/ml,Oral solution,240,200,2500.00,12.5,0.05,"Aurobindo Unit III, India",TRUE,546,"$1,340.23 ",3.5
"35,054",108-VN-T30,FPQ-15692,SCMS-274370,ASN-32261,Vietnam,PMO - US,Direct Drop,EXW,Air,1/28/2015,2/17/2015,13-Jul-15,13-Jul-15,14-Jul-15,ARV,Adult,HETERO LABS LIMITED,"Efavirenz/Lamivudine/Tenofovir Disoproxil Fumarate 600/300/300mg, tablets, 30 Tabs",Efavirenz/Lamivudine/Tenofovir Disoproxil Fumarate,Generic,600/300/300mg,Tablet - FDC,30,"17,760",177600.00,10,0.33,Hetero Unit III Hyderabad IN,TRUE,2516,"$3,809.94 ",209.04
"35,065",114-UG-T30,FPQ-8498,SCMS-126390,ASN-13437,Uganda,PMO - US,Direct Drop,DDP,Air,10/18/2011,10/31/2011,04-Jan-12,04-Jan-12,04-Jan-12,ARV,Adult,ASPEN PHARMACARE,"Darunavir 300mg [Prezista], tablets, 120 Tabs",Darunavir,Prezista,300mg,Tablet,120,165,15140.40,91.76,0.76,"Aspen-OSD, Port Elizabeth, SA",TRUE,24,$297 ,24.98
"35,067",133-NG-T30,FPQ-10765,SCMS-162440,ASN-17527,Nigeria,PMO - US,Direct Drop,EXW,Air,10-05-12,10/16/2012,09-Jan-13,09-Jan-13,09-Jan-13,HRDT,HIV test,"Orgenics, Ltd","HIV 1/2, Determine Complete HIV Kit, 100 Tests","HIV 1/2, Determine Complete HIV Kit",Determine,,Test kit,100,"2,744",244216.00,89,0.89,"Alere Medical Co., Ltd.",TRUE,1186,"$24,927.19 ",342.39
"11,027",104-CI-T01,Pre-PQ Process,SO-1409,DN-1159,Côte d'Ivoire,PMO - US,From RDC,N/A - From RDC,Air,Pre-PQ Process,N/A - From RDC,20-Mar-09,20-Mar-09,20-Mar-09,ARV,Adult,SCMS from RDC,"Ritonavir 100mg [Norvir], capsules, cool, 4 x 84 Caps",Ritonavir,Norvir,100mg,Capsule,336,"4,660",31361.80,6.73,0.02,ABBVIE (Abbott) France,TRUE,Weight Captured Separately,null,61.47
"35,120",133-NG-T30,FPQ-14995,SCMS-260700,ASN-29937,Nigeria,PMO - US,Direct Drop,EXW,Air,9/22/2014,10/29/2014,19-Jan-15,20-Jan-15,22-Jan-15,HRDT,HIV test,"Orgenics, Ltd","HIV 1/2, Determine Complete HIV Kit, 100 Tests","HIV 1/2, Determine Complete HIV Kit",Determine,,Test kit,100,"6,010",534890.00,89,0.89,"Alere Medical Co., Ltd.",TRUE,6010,"$30,132.32 ",549.87
"35,123",133-NG-T30,FPQ-12456,SCMS-196561,ASN-22173,Nigeria,PMO - US,Direct Drop,EXW,Air,06-10-13,07-10-13,07-Nov-13,08-Nov-13,17-Nov-13,HRDT,HIV test,"Orgenics, Ltd","HIV 1/2, Determine Complete HIV Kit, 100 Tests","HIV 1/2, Determine Complete HIV Kit",Determine,,Test kit,100,"3,064",272696.00,89,0.89,"Alere Medical Co., Ltd.",TRUE,1244,"$20,602.30 ",337.32
"35,146",114-UG-T30,FPQ-12290,SCMS-192190,ASN-22601,Uganda,PMO - US,Direct Drop,CIP,Air,5/17/2013,07-03-13,20-Nov-13,20-Nov-13,21-Nov-13,ARV,Adult,ASPEN PHARMACARE,"Etravirine 100mg [Intelence], tablets, 120 Tabs",Etravirine,Intelence,100mg,Tablet,120,217,7812.00,36,0.3,"Janssen-Cilag, Latina, IT",TRUE,74,$294.86 ,9.66
"11,030",104-CI-T01,Pre-PQ Process,SO-970,DN-1163,Côte d'Ivoire,PMO - US,From RDC,N/A - From RDC,Air,Pre-PQ Process,N/A - From RDC,23-Mar-09,23-Mar-09,23-Mar-09,ARV,Pediatric,SCMS from RDC,"Lopinavir/Ritonavir 80/20mg/ml [Kaletra], oral solution, cool, Bottle 5 x 60 ml",Lopinavir/Ritonavir,Kaletra,80/20mg/ml,Oral solution,300,365,15001.50,41.1,0.14,ABBVIE (Abbott) Logis. UK,TRUE,Weight Captured Separately,null,29.4
"35,232",104-CI-T30,FPQ-3882,SCMS-51830,ASN-5184,Côte d'Ivoire,PMO - US,Direct Drop,EXW,Air,7/24/2009,8/19/2009,30-Oct-09,30-Oct-09,30-Oct-09,ARV,Adult,Aurobindo Pharma Limited,"Abacavir/Lamivudine 600/300mg, scored tablets, 30 Tabs",Abacavir/Lamivudine,Generic,600/300mg,Tablet - FDC,30,"2,245",51635.00,23,0.77,"Aurobindo Unit III, India",TRUE,226,"$2,911.16 ",101.2
"35,250",108-VN-T30,FPQ-13524,SCMS-226190,ASN-27099,Vietnam,PMO - US,Direct Drop,FCA,Air,02-06-14,03-10-14,18-Aug-14,18-Aug-14,25-Aug-14,ARV,Adult,ABBVIE LOGISTICS (FORMERLY ABBOTT LOGISTICS BV),"Ritonavir 100mg [Norvir], film coated tablets, 30 Tabs",Ritonavir,Norvir,100mg,Tablet,30,300,6978.00,23.26,0.78,ABBVIE Ludwigshafen Germany,TRUE,38,"$1,779.09 ",7.17
"11,072",100-LB-T01,Pre-PQ Process,SO-33890,DN-1486,Lebanon,PMO - US,From RDC,N/A - From RDC,Air,Date Not Captured,N/A - From RDC,18-Nov-09,18-Nov-09,18-Nov-09,ARV,Adult,SCMS from RDC,"Saquinavir 200mg [Invirase], capsules, 270 Caps",Saquinavir,Invirase,200mg,Capsule,270,200,2.00,0.01,0,Roche Basel,TRUE,Weight Captured Separately,null,0
"11,073",100-LB-T01,Pre-PQ Process,SO-33900,DN-1487,Lebanon,PMO - US,From RDC,N/A - From RDC,Air,Date Not Captured,N/A - From RDC,18-Nov-09,18-Nov-09,18-Nov-09,ARV,Adult,SCMS from RDC,"Abacavir 300mg, tablets, 60 Tabs",Abacavir,Generic,300mg,Tablet,60,100,1.00,0.01,0,Mylan (formerly Matrix) Nashik,TRUE,Weight Captured Separately,null,0
"11,074",100-LB-T01,Pre-PQ Process,SO-33910,DN-1488,Lebanon,PMO - US,From RDC,N/A - From RDC,Air,Date Not Captured,N/A - From RDC,24-Nov-09,24-Nov-09,24-Nov-09,ARV,Adult,SCMS from RDC,"Lamivudine/Zidovudine 150/300mg, tablets, 60 Tabs",Lamivudine/Zidovudine,Generic,150/300mg,Tablet - FDC,60,42,0.42,0.01,0,"Aurobindo Unit III, India",TRUE,Weight Captured Separately,null,0
"11,207",110-ZM-T01,Pre-PQ Process,SO-1429,DN-470,Zambia,PMO - US,From RDC,N/A - From RDC,Air,Pre-PQ Process,N/A - From RDC,26-Nov-07,26-Nov-07,26-Nov-07,ARV,Adult,SCMS from RDC,"Efavirenz 600mg, tablets, 30 Tabs",Efavirenz,Generic,600mg,Tablet,30,84,1043.28,12.42,0.41,"Aurobindo Unit III, India",TRUE,Weight Captured Separately,null,1.67
"11,247",102-KE-T01,Pre-PQ Process,SO-1975,DN-675,Kenya,PMO - US,From RDC,N/A - From RDC,Truck,Pre-PQ Process,N/A - From RDC,05-Mar-08,05-Mar-08,05-Mar-08,HRDT,HIV test,SCMS from RDC,"HIV 1/2, Determine HIV Kit, without Lancets, 100 Tests","HIV 1/2, Determine HIV Kit, without Lancets",Determine,,Test kit,100,"1,550",123984.50,79.99,0.8,Inverness Japan,TRUE,Weight Captured Separately,null,198.38
"35,300",108-VN-T30,FPQ-6818,SCMS-97840,ASN-10792,Vietnam,PMO - US,Direct Drop,EXW,Air,1/17/2011,02-09-11,06-Jun-11,06-Jun-11,06-Jun-11,ARV,Adult,HETERO LABS LIMITED,"Stavudine 30mg, capsules, 60 Caps",Stavudine,Generic,30mg,Capsule,60,"21,000",30450.00,1.45,0.02,Hetero Unit III Hyderabad IN,TRUE,1516,"$11,915.51 ",50.24
"35,310",161-ZA-T30,FPQ-5648,SCMS-75910,ASN-8444,South Africa,PMO - US,Direct Drop,DDP,Ocean,06-02-10,6/17/2010,04-Nov-10,04-Nov-10,04-Nov-10,ARV,Adult,STRIDES ARCOLAB LIMITED,"Lamivudine 150mg, tablets, 60 Tabs",Lamivudine,Generic,150mg,Tablet,60,"75,000",186750.00,2.49,0.04,"Strides, Bangalore, India.",TRUE,3755,"$4,514.06 ",402.63
"35,323",104-CI-T30,FPQ-12150,SCMS-191960,ASN-22107,Côte d'Ivoire,PMO - US,Direct Drop,FCA,Air,4/29/2013,06-12-13,17-Oct-13,17-Oct-13,28-Oct-13,ARV,Adult,ABBVIE LOGISTICS (FORMERLY ABBOTT LOGISTICS BV),"Ritonavir 100mg [Norvir], film coated tablets, 60 Tabs",Ritonavir,Norvir,100mg,Tablet,60,780,5343.00,6.85,0.11,ABBVIE Ludwigshafen Germany,TRUE,102,"$1,743.84 ",6.61
"11,312",127-KE-T01,Pre-PQ Process,SO-29010,DN-1193,Kenya,PMO - US,From RDC,N/A - From RDC,Truck,Pre-PQ Process,N/A - From RDC,23-Apr-09,23-Apr-09,23-Apr-09,ARV,Pediatric,SCMS from RDC,"Efavirenz 30mg/ml [Stocrin/Sustiva], oral solution, Bottle, 180 ml",Efavirenz,Stocrin/Sustiva,30mg/ml,Oral solution,180,"3,930",39.30,0.01,0,"MSD, Haarlem, NL",TRUE,Weight Captured Separately,null,0.08
"11,320",111-MZ-T01,Pre-PQ Process,SO-30140,DN-1233,Mozambique,PMO - US,From RDC,N/A - From RDC,Air,Pre-PQ Process,N/A - From RDC,16-Jun-09,16-Jun-09,16-Jun-09,ARV,Adult,SCMS from RDC,"Lamivudine/Nevirapine/Zidovudine 150/200/300mg, tablets, 60 Tabs",Lamivudine/Nevirapine/Zidovudine,Generic,150/300/200mg,Tablet - FDC,60,"7,044",83119.20,11.8,0.2,Mylan (formerly Matrix) Nashik,TRUE,Weight Captured Separately,null,162.91
"35,375",116-ZA-T30,FPQ-7176,SCMS-104380,ASN-11720,South Africa,PMO - US,Direct Drop,DDP,Ocean,03-10-11,04-01-11,03-Nov-11,03-Nov-11,03-Nov-11,ARV,Adult,Aurobindo Pharma Limited,"Efavirenz 600mg, tablets, 30 Tabs",Efavirenz,Generic,600mg,Tablet,30,"69,255",312340.05,4.51,0.15,"Aurobindo Unit III, India",TRUE,5887,"$4,232.71 ",515.36
"35,444",109-TZ-T30,FPQ-12588,SCMS-200840,ASN-22941,Tanzania,PMO - US,Direct Drop,FCA,Air,7/15/2013,08-09-13,31-Dec-13,31-Dec-13,03-Jan-14,ARV,Pediatric,ABBVIE LOGISTICS (FORMERLY ABBOTT LOGISTICS BV),"Lopinavir/Ritonavir 100/25mg [Aluvia], tablets, 60 Tabs",Lopinavir/Ritonavir,Generic,100/25mg,Tablet,60,"1,764",10478.16,5.94,0.1,ABBVIE Ludwigshafen Germany,TRUE,209,"$2,177.56 ",12.96
"35,487",103-KE-T30,FPQ-10018,SCMS-149610,ASN-15667,Kenya,PMO - US,Direct Drop,EXW,Air,06-05-12,6/14/2012,09-Jul-12,28-Jul-12,28-Jul-12,HRDT,HIV test,"Orgenics, Ltd","HIV 1/2, Determine Complete HIV Kit, 100 Tests","HIV 1/2, Determine Complete HIV Kit",Determine,,Test kit,100,"5,938",528482.00,89,0.89,"Alere Medical Co., Ltd.",TRUE,1022,"$15,120.61 ",740.93
"35,488",133-NG-T30,FPQ-14995,SCMS-260700,ASN-29930,Nigeria,PMO - US,Direct Drop,EXW,Air,9/22/2014,10/29/2014,19-Jan-15,16-Jan-15,22-Jan-15,HRDT,HIV test,"Orgenics, Ltd","HIV 1/2, Determine Complete HIV Kit, 100 Tests","HIV 1/2, Determine Complete HIV Kit",Determine,,Test kit,100,"3,054",271806.00,89,0.89,"Alere Medical Co., Ltd.",TRUE,1241,"$15,994.73 ",279.42
"35,493",110-ZM-T30,FPQ-11979,SCMS-188800,ASN-21073,Zambia,PMO - US,Direct Drop,EXW,Air,4/19/2013,5/13/2013,27-Aug-13,27-Aug-13,27-Aug-13,ARV,Adult,Aurobindo Pharma Limited,"Emtricitabine/Tenofovir Disoproxil Fumarate 200/300mg, tablets, 30 Tabs",Emtricitabine/Tenofovir Disoproxil Fumarate,Generic,200/300mg,Tablet - FDC,30,"79,620",469758.00,5.9,0.2,"Aurobindo Unit III, India",TRUE,7133,"$40,583.63 ",581.09
"35,519",161-ZA-T30,FPQ-5303,SCMS-68860,ASN-6937,South Africa,PMO - US,Direct Drop,DDP,Air,3/18/2010,3/19/2010,01-Jun-10,01-Jun-10,01-Jun-10,ARV,Adult,Aurobindo Pharma Limited,"Efavirenz 600mg, tablets, 30 Tabs",Efavirenz,Generic,600mg,Tablet,30,"53,957",251979.19,4.67,0.16,"Aurobindo Unit III, India",TRUE,4565,"$6,105.83 ",543.27
"35,539",102-SD-T30,FPQ-8261,SCMS-120453,ASN-13275,Sudan,PMO - US,Direct Drop,EXW,Air,8/29/2011,9/14/2011,03-Feb-12,03-Feb-12,03-Feb-12,HRDT,HIV test,"Orgenics, Ltd","HIV 1/2, Determine Complete HIV Kit, 100 Tests","HIV 1/2, Determine Complete HIV Kit",Determine,,Test kit,100,20,1780.00,89,0.89,"Alere Medical Co., Ltd.",TRUE,10,$900.53 ,2.94
"11,358",100-GH-T01,Pre-PQ Process,SO-33650,DN-1473,Ghana,PMO - US,From RDC,N/A - From RDC,Truck,Date Not Captured,N/A - From RDC,30-Sep-09,12-Aug-09,12-Aug-09,ARV,Pediatric,SCMS from RDC,"Lopinavir/Ritonavir 80/20mg/ml [Kaletra], oral solution, cool, Bottle 5 x 60 ml",Lopinavir/Ritonavir,Kaletra,80/20mg/ml,Oral solution,300,129,1.29,0.01,0,ABBVIE (Abbott) Logis. UK,TRUE,Weight Captured Separately,null,0
"11,563",102-KE-T01,Pre-PQ Process,SO-11440,DN-965,Kenya,PMO - US,From RDC,N/A - From RDC,Truck,Pre-PQ Process,N/A - From RDC,23-Oct-08,23-Oct-08,23-Oct-08,HRDT,HIV test - Ancillary,SCMS from RDC,"HIV, Lancet, Safety, for HIV Test kits, 100 Pcs","HIV, Lancet, Safety, for HIV Test kits, 100 Pcs",Generic,,Test kit - Ancillary,100,"5,000",50.00,0.01,0,Inverness Japan,TRUE,Weight Captured Separately,null,0.1
"35,609",105-GH-T30,FPQ-13872,SCMS-235800,ASN-26462,Ghana,PMO - US,Direct Drop,EXW,Air,3/24/2014,4/23/2014,17-Jul-14,23-Jul-14,31-Jul-14,ARV,Adult,STRIDES ARCOLAB LIMITED,"Efavirenz 600mg, tablets, 30 Tabs",Efavirenz,Generic,600mg,Tablet,30,"60,000",191400.00,3.19,0.11,"Strides, Bangalore, India.",TRUE,3862,"$25,512.84 ",196.76
"11,854",110-ZM-T01,Pre-PQ Process,SO-1723,DN-592,Zambia,PMO - US,From RDC,N/A - From RDC,Truck,Pre-PQ Process,N/A - From RDC,28-Dec-07,28-Dec-07,28-Dec-07,ARV,Pediatric,SCMS from RDC,"Lopinavir/Ritonavir 80/20mg/ml [Kaletra], oral solution, cool, Bottle 5 x 60 ml",Lopinavir/Ritonavir,Kaletra,80/20mg/ml,Oral solution,300,746,30660.60,41.1,0.14,ABBVIE (Abbott) Logis. UK,TRUE,Weight Captured Separately,null,49.06
"35,640",900-LR-T30,FPQ-7996,SCMS-115350,ASN-11895,Liberia,PMO - US,Direct Drop,EXW,Air,07-12-11,7/20/2011,13-Sep-11,13-Sep-11,13-Sep-11,HRDT,HIV test,"Orgenics, Ltd","HIV 1/2, Determine Complete HIV Kit, 100 Tests","HIV 1/2, Determine Complete HIV Kit",Determine,,Test kit,100,520,41600.00,80,0.8,Inverness Japan,TRUE,252,"$8,678.71 ",68.64
"35,643",107-RW-T30,FPQ-14813,SCMS-261781,ASN-31603,Rwanda,PMO - US,Direct Drop,EXW,Air,10-09-14,12/15/2014,04-May-15,04-May-15,05-May-15,ARV,Adult,EMCURE PHARMACEUTICALS LTD,"Atazanavir/Ritonavir 300/100mg, tablets, 30 Tabs",Atazanavir/Ritonavir,Generic,300/100mg,Tablet,30,"13,823",248814.00,18,0.6,"Emcure Plot No.P-2, I.T-B.T. Park, Phase II, MIDC, Hinjwadi, Pune, India",TRUE,1805,"$10,743.33 ",255.78
"11,957",104-CI-T01,Pre-PQ Process,SO-27010,DN-1157,Côte d'Ivoire,PMO - US,From RDC,N/A - From RDC,Air,Pre-PQ Process,N/A - From RDC,20-Mar-09,20-Mar-09,20-Mar-09,ARV,Adult,SCMS from RDC,"Lopinavir/Ritonavir 200/50mg [Aluvia], tablets, 120 Tabs",Lopinavir/Ritonavir,Aluvia,200/50mg,Tablet,120,"1,764",72500.40,41.1,0.34,ABBVIE Ludwigshafen Germany,TRUE,Weight Captured Separately,null,142.1
"35,660",110-ZM-T30,FPQ-11390,SCMS-173920,ASN-19075,Zambia,PMO - US,Direct Drop,EXW,Air,01-08-13,1/23/2013,05-Jun-13,05-Jun-13,05-Jun-13,HRDT,HIV test,"Orgenics, Ltd","HIV 1/2, Determine Complete HIV Kit, 100 Tests","HIV 1/2, Determine Complete HIV Kit",Determine,,Test kit,100,"2,233",178640.00,80,0.8,"Alere Medical Co., Ltd.",TRUE,925,"$16,740.97 ",220.98
"35,678",101-CD-T30,FPQ-8792,SCMS-131080,ASN-15396,"Congo, DRC",PMO - US,Direct Drop,EXW,Air,12/14/2011,01-09-12,20-Nov-12,20-Nov-12,20-Nov-12,HRDT,HIV test,"Orgenics, Ltd","HIV 1/2, DoubleCheck Gold Kit, 20 Tests","HIV 1/2, DoubleCheck Gold Kit",DoubleCheck,,Test kit,20,196,7157.92,36.52,1.83,"Alere Medical Co., Ltd.",TRUE,47,"$4,449.10 ",10.04
"35,699",901-CM-T30,FPQ-12837,SCMS-204320,ASN-22654,Cameroon,PMO - US,Direct Drop,EXW,Air,8/19/2013,8/23/2013,16-Dec-13,16-Dec-13,17-Dec-13,ARV,Adult,MYLAN LABORATORIES LTD (FORMERLY MATRIX LABORATORIES),"Efavirenz/Lamivudine/Tenofovir Disoproxil Fumarate 600/300/300mg, tablets, 30 Tabs",Efavirenz/Lamivudine/Tenofovir Disoproxil Fumarate,Generic,600/300/300mg,Tablet - FDC,30,"76,733",855572.95,11.15,0.37,Mylan (formerly Matrix) Nashik,TRUE,9268,"$77,756.12 ","1,058.34"
"35,700",161-ZA-T30,FPQ-5303,SCMS-68711,ASN-7430,South Africa,PMO - US,Direct Drop,DDP,Air,3/18/2010,3/19/2010,19-Jul-10,19-Jul-10,19-Jul-10,ARV,Adult,CIPLA LIMITED,"Tenofovir Disoproxil Fumarate 300mg, tablets, 30 Tabs",Tenofovir Disoproxil Fumarate,Generic,300mg,Tablet,30,"1,110",8680.20,7.82,0.26,"Cipla, Goa, India",TRUE,76,$916.22 ,18.71
"35,717",107-RW-T30,FPQ-15650,SCMS-276390,ASN-31739,Rwanda,PMO - US,Direct Drop,FCA,Air,1/15/2015,2/23/2015,08-May-15,08-May-15,11-May-15,ARV,Pediatric,SWORDS LABORATORIES,"Atazanavir 200mg [Reyataz], capsules, 60 Caps",Atazanavir,Reyataz,200mg,Capsule,60,466,18928.92,40.62,0.68,Bristol-Myers Squibb Anagni IT,TRUE,69,$802.85 ,22.28
"35,749",161-ZA-T30,FPQ-7175,SCMS-103450,ASN-13058,South Africa,PMO - US,Direct Drop,DDP,Ocean,03-10-11,3/24/2011,13-Oct-11,24-Jan-12,24-Jan-12,ARV,Pediatric,Aurobindo Pharma Limited,"Nevirapine 10mg/ml, oral suspension w/syringe, Bottle, 240 ml",Nevirapine,Generic,10mg/ml,Oral suspension,240,"19,098",43161.48,2.26,0.01,"Aurobindo Unit III, India",TRUE,6876,$461.50 ,71.22
"35,788",101-CD-T30,FPQ-8792,SCMS-131060,ASN-13565,"Congo, DRC",PMO - US,Direct Drop,EXW,Air,12/14/2011,01-09-12,03-Aug-12,03-Aug-12,03-Aug-12,HRDT,HIV test,"Trinity Biotech, Plc","HIV 1/2, Uni-Gold HIV Kit, 20 Tests","HIV 1/2, Uni-Gold HIV Kit",Uni-Gold,,Test kit,20,137,4384.00,32,1.6,"Trinity Biotech, Plc",TRUE,62,"$1,367.59 ",6.15
"35,790",114-UG-T30,FPQ-12477,SCMS-198540,ASN-21766,Uganda,PMO - US,Direct Drop,EXW,Air,07-08-13,7/31/2013,03-Oct-13,03-Oct-13,05-Oct-13,ARV,Adult,CIPLA LIMITED,"Lamivudine/Nevirapine/Zidovudine 150/200/300mg, tablets, 60 Tabs",Lamivudine/Nevirapine/Zidovudine,Generic,150/300/200mg,Tablet - FDC,60,"114,996",931467.60,8.1,0.13,"Cipla, Goa, India",TRUE,15435,"$56,180.34 ","1,152.23"
"35,808",161-ZA-T30,FPQ-5303,SCMS-68750,ASN-8348,South Africa,PMO - US,Direct Drop,DDP,Air,3/18/2010,3/19/2010,13-Oct-10,27-Oct-10,27-Oct-10,ARV,Adult,CIPLA LIMITED,"Tenofovir Disoproxil Fumarate 300mg, tablets, 30 Tabs",Tenofovir Disoproxil Fumarate,Generic,300mg,Tablet,30,"51,920",406014.40,7.82,0.26,"Cipla, Goa, India",TRUE,3549,"$3,646.13 ",875.37
"35,813",105-GY-T30,FPQ-5472,SCMS-71680,ASN-6934,Guyana,PMO - US,Direct Drop,FCA,Air,4/15/2010,4/23/2010,12-Jun-10,12-Jun-10,12-Jun-10,ARV,Pediatric,ABBVIE LOGISTICS (FORMERLY ABBOTT LOGISTICS BV),"Lopinavir/Ritonavir 80/20mg/ml [Kaletra], oral solution, cool, Bottle 5 x 60 ml",Lopinavir/Ritonavir,Kaletra,80/20mg/ml,Oral solution,300,141,11590.20,82.2,0.27,ABBVIE (Abbott) Logis. UK,TRUE,225,"$1,831.83 ",24.99
"35,870",114-UG-T30,FPQ-11153,SCMS-171950,ASN-18631,Uganda,PMO - US,Direct Drop,DDP,Air,12/13/2012,1/17/2013,14-Mar-13,14-Mar-13,14-Mar-13,ARV,Adult,ASPEN PHARMACARE,"Darunavir 300mg [Prezista], tablets, 120 Tabs",Darunavir,Prezista,300mg,Tablet,120,388,25840.80,66.6,0.55,"Aspen-OSD, Port Elizabeth, SA",TRUE,68,"$1,571.76 ",31.97
"35,896",108-VN-T30,FPQ-12051,SCMS-188670,ASN-23622,Vietnam,PMO - US,Direct Drop,EXW,Air,05-03-13,5/17/2013,22-Jan-14,22-Jan-14,22-Jan-14,ARV,Adult,Aurobindo Pharma Limited,"Lamivudine/Nevirapine/Zidovudine 150/200/300mg, tablets, 60 Tabs",Lamivudine/Nevirapine/Zidovudine,Generic,150/300/200mg,Tablet - FDC,60,"26,598",216773.70,8.15,0.14,"Aurobindo Unit III, India",TRUE,3301,"$5,764.28 ",268.15
"35,900",102-SZ-T30,FPQ-9926,SCMS-147790,ASN-15643,Swaziland,PMO - US,Direct Drop,EXW,Air,5/18/2012,6/21/2012,09-Aug-12,09-Aug-12,09-Aug-12,HRDT,HIV test,"Orgenics, Ltd","HIV 1/2, Determine Complete HIV Kit, 100 Tests","HIV 1/2, Determine Complete HIV Kit",Determine,,Test kit,100,135,10800.00,80,0.8,"Alere Medical Co., Ltd.",TRUE,69,"$1,626.10 ",15.14
"11,958",104-CI-T01,Pre-PQ Process,SO-27011,DN-1158,Côte d'Ivoire,PMO - US,From RDC,N/A - From RDC,Air,Pre-PQ Process,N/A - From RDC,20-Mar-09,20-Mar-09,20-Mar-09,ARV,Adult,SCMS from RDC,"Lopinavir/Ritonavir 200/50mg [Aluvia], tablets, 120 Tabs",Lopinavir/Ritonavir,Aluvia,200/50mg,Tablet,120,"1,544",63458.40,41.1,0.34,ABBVIE (Abbott) Logis. UK,TRUE,Weight Captured Separately,null,124.38
"35,913",161-ZA-T30,FPQ-6708,SCMS-93550,ASN-11197,South Africa,PMO - US,Direct Drop,DDP,Ocean,11/26/2010,12/14/2010,13-Jun-11,22-Sep-11,22-Sep-11,ARV,Adult,Aurobindo Pharma Limited,"Tenofovir Disoproxil Fumarate 300mg, tablets, 30 Tabs",Tenofovir Disoproxil Fumarate,Generic,300mg,Tablet,30,"42,938",285537.70,6.65,0.22,"Aurobindo Unit III, India",TRUE,4008,"$6,121.39 ",471.14
"11,961",104-CI-T01,Pre-PQ Process,SO-27040,DN-1164,Côte d'Ivoire,PMO - US,From RDC,N/A - From RDC,Air,Pre-PQ Process,N/A - From RDC,24-Mar-09,24-Mar-09,24-Mar-09,ARV,Adult,SCMS from RDC,"Nevirapine 200mg, tablets, 60 Tabs",Nevirapine,Generic,200mg,Tablet,60,"7,511",25537.40,3.4,0.06,"Aurobindo Unit III, India",TRUE,Weight Captured Separately,null,50.05
"12,207",102-KE-T01,Pre-PQ Process,SO-2692,DN-760,Kenya,PMO - US,From RDC,N/A - From RDC,Truck,Pre-PQ Process,N/A - From RDC,26-May-08,26-May-08,26-May-08,HRDT,HIV test,SCMS from RDC,"HIV 1/2, Determine HIV Kit, without Lancets, 100 Tests","HIV 1/2, Determine HIV Kit, without Lancets",Determine,,Test kit,100,"1,000",79990.00,79.99,0.8,Inverness Japan,TRUE,Weight Captured Separately,null,127.98
"35,968",108-VN-T30,FPQ-15692,SCMS-274390,ASN-32270,Vietnam,PMO - US,Direct Drop,EXW,Air,1/28/2015,2/17/2015,10-Jul-15,10-Jul-15,10-Jul-15,ARV,Adult,HETERO LABS LIMITED,"Efavirenz 600mg, tablets, 30 Tabs",Efavirenz,Generic,600mg,Tablet,30,"14,000",49000.00,3.5,0.12,Hetero Unit III Hyderabad IN,TRUE,1400,"$2,859.58 ",57.67
"12,293",102-KE-T01,Pre-PQ Process,SO-27850,DN-1275,Kenya,PMO - US,From RDC,N/A - From RDC,Air,Pre-PQ Process,N/A - From RDC,28-May-09,28-May-09,28-May-09,HRDT,HIV test,SCMS from RDC,"HIV 1/2, Uni-Gold HIV Kit, 20 Tests","HIV 1/2, Uni-Gold HIV Kit",Uni-Gold,,Test kit,20,"2,500",80000.00,32,1.6,"Trinity Biotech, Plc",TRUE,Weight Captured Separately,null,156.8
"12,560",104-CI-T01,Pre-PQ Process,SO-27030,DN-1161,Côte d'Ivoire,PMO - US,From RDC,N/A - From RDC,Air,Pre-PQ Process,N/A - From RDC,20-Mar-09,20-Mar-09,20-Mar-09,ARV,Pediatric,SCMS from RDC,"Lopinavir/Ritonavir 80/20mg/ml [Kaletra], oral solution, cool, Bottle 5 x 60 ml",Lopinavir/Ritonavir,Kaletra,80/20mg/ml,Oral solution,300,896,36825.60,41.1,0.14,ABBVIE (Abbott) Logis. UK,TRUE,Weight Captured Separately,null,72.18
"35,983",108-VN-T30,FPQ-5317,SCMS-69710,ASN-7510,Vietnam,PMO - US,Direct Drop,EXW,Air,3/22/2010,3/29/2010,09-Aug-10,09-Aug-10,09-Aug-10,ARV,Adult,MYLAN LABORATORIES LTD (FORMERLY MATRIX LABORATORIES),"Tenofovir Disoproxil Fumarate 300mg, tablets, 30 Tabs",Tenofovir Disoproxil Fumarate,Generic,300mg,Tablet,30,"3,686",25802.00,7,0.23,Mylan (formerly Matrix) Nashik,TRUE,255,"$6,518.69 ",55.63
"12,581",100-GH-T01,Pre-PQ Process,SO-30710,DN-1236,Ghana,PMO - US,From RDC,N/A - From RDC,Truck,Date Not Captured,N/A - From RDC,12-Aug-09,12-Aug-09,12-Aug-09,ARV,Pediatric,SCMS from RDC,"Lopinavir/Ritonavir 80/20mg/ml [Kaletra], oral solution, cool, Bottle 5 x 60 ml",Lopinavir/Ritonavir,Kaletra,80/20mg/ml,Oral solution,300,"1,059",10.59,0.01,0,ABBVIE (Abbott) Logis. UK,TRUE,Weight Captured Separately,null,0.02
"36,019",109-TZ-T30,FPQ-13945,SCMS-235450,ASN-31133,Tanzania,PMO - US,Direct Drop,EXW,Air,3/27/2014,4/29/2014,28-Apr-15,28-Apr-15,28-Apr-15,HRDT,HIV test,"Orgenics, Ltd","HIV 1/2, Determine Complete HIV Kit, 100 Tests","HIV 1/2, Determine Complete HIV Kit",Determine,,Test kit,100,168,13440.00,80,0.8,"Alere Medical Co., Ltd.",TRUE,73,"$1,806.81 ",13.82
"36,035",108-VN-T30,FPQ-10286,SCMS-156271,ASN-17429,Vietnam,PMO - US,Direct Drop,EXW,Air,7/25/2012,8/14/2012,29-Jan-13,29-Jan-13,29-Jan-13,ARV,Adult,MYLAN LABORATORIES LTD (FORMERLY MATRIX LABORATORIES),"Efavirenz/Lamivudine/Tenofovir Disoproxil Fumarate 600/300/300mg, tablets, 30 Tabs",Efavirenz/Lamivudine/Tenofovir Disoproxil Fumarate,Generic,600/300/300mg,Tablet - FDC,30,"46,749",560520.51,11.99,0.4,Mylan (formerly Matrix) Nashik,TRUE,7500,"$19,116.64 ",785.85
"12,619",104-CI-T01,Pre-PQ Process,SO-34060,DN-1518,Côte d'Ivoire,PMO - US,From RDC,N/A - From RDC,Air,Date Not Captured,N/A - From RDC,16-Nov-09,16-Nov-09,16-Nov-09,ARV,Adult,SCMS from RDC,"Emtricitabine/Tenofovir Disoproxil Fumarate 200/300mg [Truvada], tablets, 30 Tabs",Emtricitabine/Tenofovir Disoproxil Fumarate,Truvada,300/200mg,Tablet - FDC,30,576,15120.00,26.25,0.88,"Aspen-OSD, Port Elizabeth, SA",TRUE,Weight Captured Separately,null,32.6
"36,083",114-UG-T30,FPQ-13655,SCMS-226131,ASN-27538,Uganda,PMO - US,Direct Drop,EXW,Air,02-04-14,04-10-14,22-Aug-14,22-Aug-14,27-Aug-14,HRDT,HIV test,BIO-RAD LABORATORIES (FRANCE),"HIV, Multispot HIV-1/HIV-2 Rapid Test Kit, 50 Tests","HIV, Multispot HIV-1/HIV-2 Rapid Test Kit",Multispot,,Test kit,50,45,55913.85,"1,242.53",24.85,Bio-Rad Laboratories,TRUE,68,"$1,305.28 ",57.48
"12,830",127-KE-T01,Pre-PQ Process,SO-21980,DN-1049,Kenya,PMO - US,From RDC,N/A - From RDC,Air,Pre-PQ Process,N/A - From RDC,15-Jan-09,15-Jan-09,15-Jan-09,ARV,Adult,SCMS from RDC,"Efavirenz 600mg, tablets, 30 Tabs",Efavirenz,Generic,600mg,Tablet,30,"3,770",37.70,0.01,0,"Aurobindo Unit III, India",TRUE,Weight Captured Separately,null,0.07
"12,871",104-CI-T01,Pre-PQ Process,SO-27020,DN-1160,Côte d'Ivoire,PMO - US,From RDC,N/A - From RDC,Air,Pre-PQ Process,N/A - From RDC,20-Mar-09,20-Mar-09,20-Mar-09,ARV,Adult,SCMS from RDC,"Lamivudine 150mg, tablets, 60 Tabs",Lamivudine,Generic,150mg,Tablet,60,"10,000",30400.00,3.04,0.05,"Ranbaxy, Paonta Shahib, India",TRUE,Weight Captured Separately,null,59.58
"36,162",108-VN-T30,FPQ-10811,SCMS-164680,ASN-18665,Vietnam,PMO - US,Direct Drop,EXW,Air,10/15/2012,11-07-12,02-Apr-13,02-Apr-13,02-Apr-13,ARV,Adult,HETERO LABS LIMITED,"Efavirenz 600mg, tablets, 30 Tabs",Efavirenz,Generic,600mg,Tablet,30,"17,755",57703.75,3.25,0.11,"Hetero, Jadcherla, unit 5, IN",TRUE,1505,"$2,604.31 ",71.38
"36,166",900-SS-T30,FPQ-11260,SCMS-173100,ASN-18312,South Sudan,PMO - US,Direct Drop,EXW,Air,12/17/2012,01-11-13,22-Mar-13,22-Mar-13,22-Mar-13,HRDT,HIV test,"Trinity Biotech, Plc","HIV 1/2, Uni-Gold HIV Kit, 20 Tests","HIV 1/2, Uni-Gold HIV Kit",Uni-Gold,,Test kit,20,44,1408.00,32,1.6,"Trinity Biotech, Plc",TRUE,14,"$1,101.91 ",1.74
"13,151",111-MZ-T30,FPQ-8116,SCMS-118360,ASN-13217,Mozambique,PMO - US,Direct Drop,EXW,Air,08-04-11,8/24/2011,12-Dec-11,30-Nov-11,30-Nov-11,HRDT,HIV test,"Orgenics, Ltd","HIV 1/2, Determine HIV Kit, without Lancets, 100 Tests","HIV 1/2, Determine HIV Kit, without Lancets",Determine,,Test kit,100,1,77.70,77.7,0.78,Inverness Japan,TRUE,Weight Captured Separately,null,0.13
"36,179",106-HT-T30,FPQ-11442,SCMS-177170,ASN-19521,Haiti,PMO - US,Direct Drop,EXW,Air,1/30/2013,3/17/2013,13-Jun-13,13-Jun-13,13-Jun-13,ARV,Pediatric,MYLAN LABORATORIES LTD (FORMERLY MATRIX LABORATORIES),"Lamivudine/Nevirapine/Zidovudine 30/50/60mg, dispersible tablets, 60 Tabs",Lamivudine/Nevirapine/Zidovudine,Generic,30/50/60mg,Chewable/dispersible tablet - FDC,60,"4,235",17575.25,4.15,0.07,Mylan (formerly Matrix) Nashik,TRUE,236,"$2,215.13 ",21.74
"36,203",133-NG-T30,FPQ-10349,SCMS-155320,ASN-16929,Nigeria,PMO - US,Direct Drop,EXW,Air,7/17/2012,8/13/2012,06-Nov-12,08-Nov-12,08-Nov-12,HRDT,HIV test,"Orgenics, Ltd","HIV 1/2, Determine Complete HIV Kit, 100 Tests","HIV 1/2, Determine Complete HIV Kit",Determine,,Test kit,100,"2,996",266644.00,89,0.89,"Alere Medical Co., Ltd.",TRUE,1426,"$33,279.83 ",373.83
"36,204",106-HT-T30,FPQ-12590,SCMS-210450,ASN-23820,Haiti,PMO - US,Direct Drop,FCA,Air,8/21/2013,10/22/2013,28-Feb-14,28-Feb-14,03-Mar-14,ARV,Pediatric,ABBVIE LOGISTICS (FORMERLY ABBOTT LOGISTICS BV),"Lopinavir/Ritonavir 80/20mg/ml [Kaletra], oral solution, cool, Bottle 5 x 60 ml",Lopinavir/Ritonavir,Kaletra,80/20mg/ml,Oral solution,300,10,308.20,30.82,0.1,ABBVIE (Abbott) Logis. UK,TRUE,38,"$1,347 ",0.38
"13,648",101-CD-T30,FPQ-16001,SCMS-280220,ASN-32231,"Congo, DRC",PMO - US,Direct Drop,EXW,Air,03-10-15,3/17/2015,23-Jul-15,23-Jul-15,29-Jul-15,HRDT,HIV test,"Orgenics, Ltd","HIV 1/2, Determine Complete HIV Kit, 100 Tests","HIV 1/2, Determine Complete HIV Kit",Determine,,Test kit,100,143,11440.00,80,0.8,"Alere Medical Co., Ltd.",TRUE,Weight Captured Separately,null,13.46
"13,766",108-VN-T30,FPQ-14516,SCMS-249050,ASN-29376,Vietnam,PMO - US,Direct Drop,EXW,Air,07-09-14,08-11-14,17-Dec-14,17-Dec-14,17-Dec-14,ARV,Adult,HETERO LABS LIMITED,"Tenofovir Disoproxil Fumarate 300mg, tablets, 30 Tabs",Tenofovir Disoproxil Fumarate,Generic,300mg,Tablet,30,"4,000",14200.00,3.55,0.12,Hetero Unit III Hyderabad IN,TRUE,Weight Captured Separately,null,14.6
"36,219",161-ZA-T30,FPQ-7175,SCMS-103420,ASN-11472,South Africa,PMO - US,Direct Drop,DDP,Ocean,03-10-11,3/24/2011,05-Sep-11,05-Sep-11,05-Sep-11,ARV,Adult,Aurobindo Pharma Limited,"Zidovudine 300mg, tablets, 60 Tabs",Zidovudine,Generic,300mg,Tablet,60,"100,000",730000.00,7.3,0.12,"Aurobindo Unit III, India",TRUE,5178,"$14,621.30 ","1,204.50"
"36,277",106-HT-T30,FPQ-6086,SCMS-80640,ASN-8012,Haiti,PMO - US,Direct Drop,EXW,Air,7/19/2010,7/30/2010,01-Oct-10,01-Oct-10,01-Oct-10,HRDT,HIV test,Orasure Technologies Inc.,"HIV 1/2, OraQuick Advance HIV Rapid Antibody Kit, 100 Tests","HIV 1/2, OraQuick Advance HIV Rapid Antibody Kit",OraQuick,,Test kit,100,100,35000.00,350,3.5,"Orasure Technologies, Inc",TRUE,240,"$4,355.70 ",75.46
"36,298",108-VN-T30,FPQ-4720,SCMS-62410,ASN-6076,Vietnam,PMO - US,Direct Drop,FCA,Air,01-04-09,01-11-10,22-Mar-10,22-Mar-10,22-Mar-10,ARV,Adult,ABBVIE LOGISTICS (FORMERLY ABBOTT LOGISTICS BV),"Ritonavir 100mg [Norvir], capsules, cool, 4 x 84 Caps",Ritonavir,Norvir,100mg,Capsule,336,60,4603.20,76.72,0.23,ABBVIE (Abbott) Logis. UK,TRUE,170,"$4,256.38 ",9.92
"13,809",151-NG-T30,FPQ-14780,SCMS-254170,ASN-32902,Nigeria,PMO - US,Direct Drop,EXW,Air,8/13/2014,8/29/2014,05-Aug-15,05-Aug-15,10-Aug-15,ARV,Adult,EMCURE PHARMACEUTICALS LTD,"Atazanavir/Ritonavir 300/100mg, tablets, 30 Tabs",Atazanavir/Ritonavir,Generic,300/100mg,Tablet,30,"4,560",82080.00,18,0.6,"Emcure Plot No.P-2, I.T-B.T. Park, Phase II, MIDC, Hinjwadi, Pune, India",TRUE,Weight Captured Separately,null,84.38
"36,350",105-GY-T30,FPQ-6308,SCMS-85581,ASN-8445,Guyana,PMO - US,Direct Drop,EXW,Air,9/13/2010,9/17/2010,24-Nov-10,24-Nov-10,24-Nov-10,ARV,Adult,Aurobindo Pharma Limited,"Lopinavir/Ritonavir 200/50mg, tablets, 120 Tabs",Lopinavir/Ritonavir,Generic,200/50mg,Tablet,120,"3,796",136656.00,36,0.3,"Aurobindo Unit III, India",TRUE,1028,"$12,609.89 ",294.63
"14,240",105-SS-T30,FPQ-15569,SCMS-272160,ASN-31323,South Sudan,PMO - US,Direct Drop,EXW,Air,12/29/2014,2/20/2015,03-Jun-15,03-Jun-15,05-Jun-15,HRDT,HIV test,"Orgenics, Ltd","HIV 1/2, Determine Complete HIV Kit, 100 Tests","HIV 1/2, Determine Complete HIV Kit",Determine,,Test kit,100,70,6230.00,89,0.89,"Alere Medical Co., Ltd.",TRUE,Weight Captured Separately,null,7.33
"36,416",113-ZW-T30,FPQ-13939,SCMS-234761,ASN-26863,Zimbabwe,PMO - US,Direct Drop,EXW,Air,04-01-14,4/24/2014,18-Jul-14,18-Jul-14,18-Jul-14,ARV,Adult,STRIDES ARCOLAB LIMITED,"Nevirapine 200mg, tablets, 60 Tabs",Nevirapine,Generic,200mg,Tablet,60,"35,000",77000.00,2.2,0.04,"Strides, Bangalore, India.",TRUE,2180,"$19,328.20 ",79.16
"36,431",161-ZA-T30,FPQ-7175,SCMS-104080,ASN-12988,South Africa,PMO - US,Direct Drop,DDP,Ocean,03-10-11,3/28/2011,13-Dec-11,30-Jan-12,30-Jan-12,ARV,Adult,CIPLA LIMITED,"Nevirapine 200mg, tablets, 60 Tabs",Nevirapine,Generic,200mg,Tablet,60,"35,364",96190.08,2.72,0.05,"Cipla, Goa, India",TRUE,3793,"$8,527.45 ",158.71
"15,788",105-SS-T30,FPQ-15569,SCMS-272170,ASN-31958,South Sudan,PMO - US,Direct Drop,EXW,Air,12/29/2014,2/20/2015,02-Jul-15,02-Jul-15,03-Jul-15,HRDT,HIV test - Ancillary,"Orgenics, Ltd","Chase Buffer, Determine, 100 Tests, 2.5ml x 1 Vial","Chase Buffer, Determine, 100 Tests, 2.5ml x 1 Vial",Determine,,Test kit - Ancillary,1,45,225.00,5,5,"Alere Medical Co., Ltd.",TRUE,Weight Captured Separately,null,0.26
"36,447",161-ZA-T30,FPQ-6708,SCMS-93570,ASN-11801,South Africa,PMO - US,Direct Drop,DDP,Ocean,11/26/2010,12/14/2010,05-Oct-11,14-Oct-11,14-Oct-11,ARV,Adult,Aurobindo Pharma Limited,"Tenofovir Disoproxil Fumarate 300mg, tablets, 30 Tabs",Tenofovir Disoproxil Fumarate,Generic,300mg,Tablet,30,"14,155",94130.75,6.65,0.22,"Aurobindo Unit III, India",TRUE,1321,"$9,726.53 ",155.32
"36,453",102-SD-T30,FPQ-6991,SCMS-100480,ASN-11003,Sudan,PMO - US,Direct Drop,EXW,Air,02-05-11,03-02-11,27-Jun-11,27-Jun-11,27-Jun-11,HRDT,HIV test,"Orgenics, Ltd","HIV 1/2, Determine Complete HIV Kit, 100 Tests","HIV 1/2, Determine Complete HIV Kit",Determine,,Test kit,100,213,18957.00,89,0.89,Inverness Japan,TRUE,97,"$2,542.17 ",31.28
"36,464",108-VN-T30,FPQ-15692,SCMS-274390,ASN-32266,Vietnam,PMO - US,Direct Drop,EXW,Air,1/28/2015,2/17/2015,10-Jul-15,10-Jul-15,10-Jul-15,ARV,Adult,HETERO LABS LIMITED,"Efavirenz/Lamivudine/Tenofovir Disoproxil Fumarate 600/300/300mg, tablets, 30 Tabs",Efavirenz/Lamivudine/Tenofovir Disoproxil Fumarate,Generic,600/300/300mg,Tablet - FDC,30,"17,760",177600.00,10,0.33,Hetero Unit III Hyderabad IN,TRUE,2523,"$4,761.90 ",209.04
"15,825",109-TZ-T30,FPQ-16453,SCMS-293540,ASN-33245,Tanzania,PMO - US,Direct Drop,EXW,Air,06-08-15,6/25/2015,24-Aug-15,24-Aug-15,28-Aug-15,HRDT,HIV test,"Trinity Biotech, Plc","HIV 1/2, Uni-Gold HIV Kit, 20 Tests","HIV 1/2, Uni-Gold HIV Kit",Uni-Gold,,Test kit,20,400,12800.00,32,1.6,"Trinity Biotech, Plc",TRUE,Weight Captured Separately,null,15.07
"36,530",109-TZ-T30,FPQ-10994,SCMS-169320,ASN-18202,Tanzania,PMO - US,Direct Drop,EXW,Air,11/13/2012,12-12-12,28-Feb-13,28-Feb-13,28-Feb-13,HRDT,HIV test,"Trinity Biotech, Plc","HIV 1/2, Uni-Gold HIV Kit, 20 Tests","HIV 1/2, Uni-Gold HIV Kit",Uni-Gold,,Test kit,20,"8,460",270720.00,32,1.6,"Trinity Biotech, Plc",TRUE,2770,"$26,281.49 ",334.88
"36,539",114-UG-T30,FPQ-10787,SCMS-163460,ASN-17750,Uganda,PMO - US,Direct Drop,EXW,Air,10-10-12,10/25/2012,21-Jan-13,21-Jan-13,21-Jan-13,ARV,Adult,MYLAN LABORATORIES LTD (FORMERLY MATRIX LABORATORIES),"Atazanavir/Ritonavir 300/100mg, tablets, 30 Tabs",Atazanavir/Ritonavir,Generic,300/100mg,Tablet,30,"1,665",37462.50,22.5,0.75,Mylan (formerly Matrix) Nashik,TRUE,420,"$3,900.39 ",46.34
"16,291",105-DO-T30,FPQ-7858,SCMS-117400,ASN-12550,Dominican Republic,PMO - US,Direct Drop,EXW,Air,6/21/2011,08-04-11,27-Oct-11,27-Oct-11,27-Oct-11,HRDT,HIV test,"Orgenics, Ltd","HIV 1/2, Determine Complete HIV Kit, 100 Tests","HIV 1/2, Determine Complete HIV Kit",Determine,,Test kit,100,"2,772",255024.00,92,0.92,Inverness Japan,TRUE,Weight Captured Separately,null,420.79
"36,562",111-MZ-T30,FPQ-4740,SCMS-82730,ASN-9423,Mozambique,PMO - US,Direct Drop,FCA,Air,12/23/2009,8/25/2010,02-Mar-11,02-Mar-11,02-Mar-11,ARV,Adult,ABBVIE LOGISTICS (FORMERLY ABBOTT LOGISTICS BV),"Ritonavir 100mg [Norvir], film coated tablets, 30 Tabs",Ritonavir,Norvir,100mg,Tablet,30,"2,240",7683.20,3.43,0.11,ABBVIE Ludwigshafen Germany,TRUE,216,"$2,698.28 ",16.56
"36,592",113-ZW-T30,FPQ-7521,SCMS-108030,ASN-11412,Zimbabwe,PMO - US,Direct Drop,EXW,Air,04-07-11,05-05-11,08-Sep-11,08-Sep-11,08-Sep-11,HRDT,HIV test,"Orgenics, Ltd","HIV 1/2, Determine Complete HIV Kit, 100 Tests","HIV 1/2, Determine Complete HIV Kit",Determine,,Test kit,100,"1,070",85600.00,80,0.8,Inverness Japan,TRUE,532,"$14,423.28 ",141.24
"16,391",105-SS-T30,FPQ-15569,SCMS-272170,ASN-32107,South Sudan,PMO - US,Direct Drop,EXW,Air,12/29/2014,2/20/2015,02-Jul-15,07-Jul-15,07-Jul-15,HRDT,HIV test,"Orgenics, Ltd","HIV 1/2, Determine Complete HIV Kit, 100 Tests","HIV 1/2, Determine Complete HIV Kit",Determine,,Test kit,100,100,8900.00,89,0.89,"Alere Medical Co., Ltd.",TRUE,Weight Captured Separately,null,10.48
"36,603",108-VN-T30,FPQ-13524,SCMS-226240,ASN-25803,Vietnam,PMO - US,Direct Drop,EXW,Air,02-06-14,03-10-14,07-Jun-14,07-Jun-14,07-Jun-14,ARV,Adult,Aurobindo Pharma Limited,"Nevirapine 200mg, tablets, 60 Tabs",Nevirapine,Generic,200mg,Tablet,60,"7,400",16650.00,2.25,0.04,"Aurobindo Unit III, India",TRUE,730,"$1,338.19 ",17.12
"16,881",106-HT-T30,FPQ-14083,SCMS-240191,ASN-27659,Haiti,PMO - US,Direct Drop,EXW,Ocean,05-11-14,6/26/2014,28-Oct-14,28-Oct-14,19-Nov-14,ARV,Pediatric,Aurobindo Pharma Limited,"Zidovudine 10mg/ml, oral solution, Bottle, 240 ml",Zidovudine,Generic,10mg/ml,Oral solution,240,"2,040",4080.00,2,0.01,"Aurobindo Unit III, India",TRUE,Weight Captured Separately,null,4.19
"36,641",113-ZW-T30,FPQ-15380,SCMS-266490,ASN-31132,Zimbabwe,PMO - US,Direct Drop,EXW,Air,11/17/2014,1/26/2015,14-May-15,14-May-15,14-May-15,HRDT,HIV test,"Orgenics, Ltd","HIV 1/2, Determine Complete HIV Kit, 100 Tests","HIV 1/2, Determine Complete HIV Kit",Determine,,Test kit,100,"1,500",120000.00,80,0.8,"Alere Medical Co., Ltd.",TRUE,781,"$9,914.59 ",141.24
"36,643",161-ZA-T30,FPQ-5303,SCMS-69030,ASN-8381,South Africa,PMO - US,Direct Drop,DDP,Air,3/18/2010,3/19/2010,20-Sep-10,13-Dec-10,13-Dec-10,ARV,Adult,Aurobindo Pharma Limited,"Zidovudine 300mg, tablets, 60 Tabs",Zidovudine,Generic,300mg,Tablet,60,"8,366",62159.38,7.43,0.12,"Aurobindo Unit III, India",TRUE,458,"$1,697.90 ",134.02
"36,654",114-UG-T30,FPQ-7268,SCMS-104120,ASN-11026,Uganda,PMO - US,Direct Drop,DDP,Air,03-11-11,3/25/2011,02-Jun-11,02-Jun-11,02-Jun-11,ARV,Adult,ASPEN PHARMACARE,"Etravirine 100mg [Intelence], tablets, 120 Tabs",Etravirine,Intelence,100mg,Tablet,120,27,2361.42,87.46,0.73,"Janssen-Cilag, Latina, IT",TRUE,5,$41 ,3.9
"18,386",106-HT-T30,FPQ-13797,SCMS-233981,ASN-27710,Haiti,PMO - US,Direct Drop,EXW,Ocean,3/20/2014,5/30/2014,28-Oct-14,28-Oct-14,21-Nov-14,ARV,Adult,CIPLA LIMITED,"Lamivudine/Nevirapine/Zidovudine 150/200/300mg, tablets, 60 Tabs",Lamivudine/Nevirapine/Zidovudine,Generic,150/300/200mg,Tablet - FDC,60,"16,435",133123.50,8.1,0.13,"Cipla, Goa, India",TRUE,Weight Captured Separately,null,136.85
"18,673",108-VN-T30,FPQ-15087,SCMS-261420,ASN-30164,Vietnam,PMO - US,Direct Drop,EXW,Air,10/24/2014,10/30/2014,19-Mar-15,19-Mar-15,19-Mar-15,ARV,Adult,MYLAN LABORATORIES LTD (FORMERLY MATRIX LABORATORIES),"Lamivudine/Nevirapine/Zidovudine 150/200/300mg, tablets, 60 Tabs",Lamivudine/Nevirapine/Zidovudine,Generic,150/300/200mg,Tablet - FDC,60,"9,000",72900.00,8.1,0.13,Mylan (formerly Matrix) Nashik,TRUE,Weight Captured Separately,null,85.8
"36,710",102-MW-T30,FPQ-11638,SCMS-179340,ASN-19207,Malawi,PMO - US,Direct Drop,EXW,Air,2/22/2013,3/14/2013,03-May-13,03-May-13,03-May-13,HRDT,HIV test,"Trinity Biotech, Plc","HIV 1/2, Uni-Gold HIV Kit, 20 Tests","HIV 1/2, Uni-Gold HIV Kit",Uni-Gold,,Test kit,20,94,3008.00,32,1.6,"Trinity Biotech, Plc",TRUE,32,"$1,136.31 ",3.72
"36,717",104-CI-T30,FPQ-5207,SCMS-75360,ASN-7633,Côte d'Ivoire,PMO - US,Direct Drop,EXW,Air,2/25/2010,06-07-10,03-Aug-10,03-Aug-10,03-Aug-10,HRDT,HIV test,"CHEMBIO DIAGNOSTIC SYSTEMS, INC.","HIV 1/2, Stat-Pak HIV, Kit, 20 Tests","HIV 1/2, Stat-Pak HIV, Kit",Stat-Pak,,Test kit,20,"2,483",67041.00,27,1.35,Chembio Diagnostics Sys. Inc.,TRUE,706,"$6,150.75 ",144.54
"36,758",107-RW-T30,FPQ-10752,SCMS-162540,ASN-17494,Rwanda,PMO - US,Direct Drop,EXW,Air,10-03-12,10/17/2012,30-Jan-13,30-Jan-13,30-Jan-13,ARV,Adult,HETERO LABS LIMITED,"Tenofovir Disoproxil Fumarate 300mg, tablets, 30 Tabs",Tenofovir Disoproxil Fumarate,Generic,300mg,Tablet,30,672,2520.00,3.75,0.12,Hetero Unit III Hyderabad IN,TRUE,55,"$1,276.53 ",3.53
"19,172",105-SS-T30,FPQ-15569,SCMS-272170,ASN-32106,South Sudan,PMO - US,Direct Drop,EXW,Air,12/29/2014,2/20/2015,02-Jul-15,07-Jul-15,07-Jul-15,HRDT,HIV test,"Orgenics, Ltd","HIV 1/2, Determine Complete HIV Kit, 100 Tests","HIV 1/2, Determine Complete HIV Kit",Determine,,Test kit,100,70,6230.00,89,0.89,"Alere Medical Co., Ltd.",TRUE,Weight Captured Separately,null,7.33
"19,627",111-MZ-T30,FPQ-15324,SCMS-264780,ASN-30261,Mozambique,PMO - US,Direct Drop,EXW,Air,11-12-14,11/19/2014,10-Feb-15,10-Feb-15,18-Feb-15,HRDT,HIV test - Ancillary,"Orgenics, Ltd","Chase Buffer, Determine, 100 Tests, 2.5ml x 1 Vial","Chase Buffer, Determine, 100 Tests, 2.5ml x 1 Vial",Determine,,Test kit - Ancillary,1,60,300.00,5,5,"Alere Medical Co., Ltd.",TRUE,Weight Captured Separately,null,0.35
"20,667",114-UG-T30,FPQ-12777,SCMS-202560,ASN-22986,Uganda,PMO - US,Direct Drop,EXW,Air,08-05-13,08-09-13,10-Dec-13,12-Dec-13,13-Dec-13,ARV,Pediatric,Aurobindo Pharma Limited,"Nevirapine 10mg/ml, oral suspension w/syringe, Bottle, 100 ml",Nevirapine,Generic,10mg/ml,Oral suspension,100,"1,503",1953.90,1.3,0.01,"Aurobindo Unit III, India",TRUE,Weight Captured Separately,null,2.42
"36,810",102-KE-T30,FPQ-8446,SCMS-124900,ASN-13148,Kenya,PMO - US,Direct Drop,EXW,Air,10-05-11,10/26/2011,17-Jan-12,17-Jan-12,17-Jan-12,HRDT,HIV test,"Orgenics, Ltd","HIV 1/2, Determine Complete HIV Kit, 100 Tests","HIV 1/2, Determine Complete HIV Kit",Determine,,Test kit,100,"6,959",619351.00,89,0.89,"Alere Medical Co., Ltd.",TRUE,1198,"$13,543.63 ","1,021.93"
"36,816",106-HT-T30,FPQ-9635,SCMS-148410,ASN-15840,Haiti,PMO - US,Direct Drop,EXW,Air,5/14/2012,07-12-12,16-Aug-12,16-Aug-12,16-Aug-12,ARV,Adult,Aurobindo Pharma Limited,"Stavudine 30mg, capsules, 60 Caps",Stavudine,Generic,30mg,Capsule,60,90,126.00,1.4,0.02,"Aurobindo Unit III, India",TRUE,6,$941.74 ,0.18
"36,842",133-NG-T30,FPQ-12812,SCMS-210350,ASN-22885,Nigeria,PMO - US,Direct Drop,EXW,Air,8/13/2013,11-01-13,23-Dec-13,12-Dec-13,16-Dec-13,HRDT,HIV test,"Orgenics, Ltd","HIV 1/2, Determine Complete HIV Kit, 100 Tests","HIV 1/2, Determine Complete HIV Kit",Determine,,Test kit,100,"9,308",828412.00,89,0.89,"Alere Medical Co., Ltd.",TRUE,3778,"$59,767.71 ","1,024.75"
"21,378",114-UG-T30,FPQ-12777,SCMS-202560,ASN-22985,Uganda,PMO - US,Direct Drop,EXW,Air,08-05-13,08-09-13,10-Dec-13,12-Dec-13,13-Dec-13,ARV,Pediatric,Aurobindo Pharma Limited,"Nevirapine 10mg/ml, oral suspension w/syringe, Bottle, 100 ml",Nevirapine,Generic,10mg/ml,Oral suspension,100,"10,368",13478.40,1.3,0.01,"Aurobindo Unit III, India",TRUE,Weight Captured Separately,null,16.67
"21,666",108-VN-T30,FPQ-16194,SCMS-285450,ASN-33290,Vietnam,PMO - US,Direct Drop,EXW,Air,4/14/2015,05-11-15,07-Sep-15,07-Sep-15,07-Sep-15,ARV,Adult,Aurobindo Pharma Limited,"Efavirenz 600mg, tablets, 30 Tabs",Efavirenz,Generic,600mg,Tablet,30,"5,000",16500.00,3.3,0.11,"Aurobindo Unit III, India",TRUE,Weight Captured Separately,null,19.42
"22,595",104-CI-T30,FPQ-8366,SCMS-124280,ASN-13657,Côte d'Ivoire,PMO - US,Direct Drop,FCA,Ocean,09-05-11,10-11-11,23-Mar-12,23-Mar-12,23-Mar-12,ARV,Adult,ABBVIE LOGISTICS (FORMERLY ABBOTT LOGISTICS BV),"Lopinavir/Ritonavir 200/50mg [Aluvia], tablets, 120 Tabs",Lopinavir/Ritonavir,Aluvia,200/50mg,Tablet,120,"9,800",302036.00,30.82,0.26,ABBVIE Ludwigshafen Germany,TRUE,Weight Captured Separately,null,498.36
"22,812",108-VN-T30,FPQ-15823,SCMS-277320,ASN-33209,Vietnam,PMO - US,Direct Drop,FCA,Air,2/13/2015,03-02-15,11-Aug-15,11-Aug-15,11-Aug-15,ARV,Adult,ABBVIE LOGISTICS (FORMERLY ABBOTT LOGISTICS BV),"Ritonavir 100mg [Norvir], film coated tablets, 30 Tabs",Ritonavir,Norvir,100mg,Tablet,30,400,9304.00,23.26,0.78,ABBVIE Ludwigshafen Germany,TRUE,Weight Captured Separately,null,10.95
"22,843",108-VN-T30,FPQ-14516,SCMS-249141,ASN-29593,Vietnam,PMO - US,Direct Drop,FCA,Air,07-09-14,08-11-14,16-Jan-15,16-Jan-15,24-Feb-15,ARV,Adult,ABBVIE LOGISTICS (FORMERLY ABBOTT LOGISTICS BV),"Ritonavir 100mg [Norvir], film coated tablets, 30 Tabs",Ritonavir,Norvir,100mg,Tablet,30,200,4652.00,23.26,0.78,ABBVIE Ludwigshafen Germany,TRUE,Weight Captured Separately,null,4.78
"36,913",102-GY-T30,FPQ-5496,SCMS-71600,ASN-7378,Guyana,PMO - US,Direct Drop,EXW,Air,4/15/2010,6/21/2010,27-Jul-10,27-Jul-10,27-Jul-10,HRDT,HIV test,"Trinity Biotech, Plc","HIV 1/2, Uni-Gold HIV Kit, 20 Tests","HIV 1/2, Uni-Gold HIV Kit",Uni-Gold,,Test kit,20,"1,470",47040.00,32,1.6,"Trinity Biotech, Plc",TRUE,500,"$5,255.14 ",101.42
"37,868",108-VN-T30,FPQ-7898,SCMS-113621,ASN-14065,Vietnam,PMO - US,Direct Drop,EXW,Air,6/27/2011,07-08-11,13-Apr-12,13-Apr-12,13-Apr-12,ARV,Adult,STRIDES ARCOLAB LIMITED,"Efavirenz 600mg, tablets, 30 Tabs",Efavirenz,Generic,600mg,Tablet,30,"21,146",86698.60,4.1,0.14,"Strides, Bangalore, India.",TRUE,1301,"$5,664.49 ",143.05
"22,876",108-VN-T30,FPQ-15692,SCMS-274390,ASN-32269,Vietnam,PMO - US,Direct Drop,EXW,Air,1/28/2015,2/17/2015,10-Jul-15,07-Jul-15,07-Jul-15,ARV,Adult,HETERO LABS LIMITED,"Efavirenz/Lamivudine/Tenofovir Disoproxil Fumarate 600/300/300mg, tablets, 30 Tabs",Efavirenz/Lamivudine/Tenofovir Disoproxil Fumarate,Generic,600/300/300mg,Tablet - FDC,30,"17,760",177600.00,10,0.33,Hetero Unit III Hyderabad IN,TRUE,Weight Captured Separately,null,209.04
"36,936",102-KE-T30,FPQ-6406,SCMS-88211,ASN-9547,Kenya,PMO - US,Direct Drop,EXW,Air,9/27/2010,11/22/2010,10-Feb-11,10-Feb-11,10-Feb-11,HRDT,HIV test,"Orgenics, Ltd","HIV 1/2, Determine Complete HIV Kit, 100 Tests","HIV 1/2, Determine Complete HIV Kit",Determine,,Test kit,100,"8,586",764154.00,89,0.89,Inverness Japan,TRUE,1479,"$15,519.77 ","1,647.52"
"36,969",108-VN-T30,FPQ-4265,SCMS-56310,ASN-6252,Vietnam,PMO - US,Direct Drop,EXW,Air,10/20/2009,11-03-09,22-Mar-10,22-Mar-10,22-Mar-10,ARV,Adult,MYLAN LABORATORIES LTD (FORMERLY MATRIX LABORATORIES),"Zidovudine 300mg, tablets, 60 Tabs",Zidovudine,Generic,300mg,Tablet,60,"1,680",12600.00,7.5,0.12,Mylan (formerly Matrix) Nashik,TRUE,389,"$9,674.88 ",24.7
"36,978",108-VN-T30,FPQ-10286,SCMS-156250,ASN-17673,Vietnam,PMO - US,Direct Drop,EXW,Air,7/25/2012,8/15/2012,04-Feb-13,04-Feb-13,04-Feb-13,ARV,Pediatric,MICRO LABS LIMITED,"Efavirenz 50mg, capsule, 30 Caps",Efavirenz,Generic,50mg,Capsule,30,"1,240",2504.80,2.02,0.07,"Micro labs, Verna, Goa, India",TRUE,71,$990.04 ,3.51
"37,031",108-VN-T30,FPQ-10287,SCMS-156140,ASN-17077,Vietnam,PMO - US,Direct Drop,EXW,Air,7/25/2012,8/14/2012,10-Dec-12,10-Dec-12,10-Dec-12,ARV,Pediatric,Aurobindo Pharma Limited,"Lamivudine 10mg/ml, oral solution w/syringe, Bottle, 240 ml",Lamivudine,Generic,10mg/ml,Oral solution,240,370,684.50,1.85,0.01,"Aurobindo Unit III, India",TRUE,2998,"$4,531.29 ",0.96
"37,037",113-ZW-T30,FPQ-13939,SCMS-240570,ASN-27584,Zimbabwe,PMO - US,Direct Drop,EXW,Air Charter,04-01-14,5/27/2014,17-Sep-14,17-Sep-14,19-Sep-14,ARV,Adult,HETERO LABS LIMITED,"Lamivudine/Tenofovir Disoproxil Fumarate 300/300mg, tablets, 30 Tabs",Lamivudine/Tenofovir Disoproxil Fumarate,Generic,300/300mg,Tablet - FDC,30,"42,336",195592.32,4.62,0.15,Hetero Unit III Hyderabad IN,TRUE,4601,"$28,788.73 ",201.07
"23,452",200-ZW-T30,FPQ-6488,SCMS-90690,ASN-13957,Zimbabwe,PMO - US,Direct Drop,FCA,Air,10/26/2010,11-10-10,02-Apr-12,02-Apr-12,02-Apr-12,ARV,Pediatric,ABBVIE LOGISTICS (FORMERLY ABBOTT LOGISTICS BV),"Lopinavir/Ritonavir 80/20mg/ml [Kaletra], oral solution, cool, Bottle 5 x 60 ml",Lopinavir/Ritonavir,Kaletra,80/20mg/ml,Oral solution,300,"1,251",38555.82,30.82,0.1,ABBVIE (Abbott) Logis. UK,TRUE,Weight Captured Separately,null,83.13
"23,993",100-DO-T30,FPQ-6126,SCMS-83580,ASN-8577,Dominican Republic,PMO - US,Direct Drop,EXW,Truck,8/19/2010,09-02-10,22-Oct-10,22-Oct-10,22-Oct-10,ARV,Adult,"ABBVIE, SRL (FORMALLY ABBOTT LABORATORIES INTERNATIONAL CO.)","Ritonavir 100mg [Norvir], capsules, cool, 2 x 84 Caps",Ritonavir,Norvir,100mg,Capsule,168,52,7488.00,144,0.86,ABBVIE (Abbott) St. P'burg USA,TRUE,Weight Captured Separately,null,16.14
"24,983",106-HT-T30,FPQ-15038,SCMS-263170,ASN-31572,Haiti,PMO - US,Direct Drop,EXW,Air,10/22/2014,12/24/2014,11-May-15,11-May-15,13-May-15,ARV,Adult,Aurobindo Pharma Limited,"Lamivudine/Nevirapine/Zidovudine 150/200/300mg, tablets, 60 Tabs",Lamivudine/Nevirapine/Zidovudine,Generic,150/300/200mg,Tablet - FDC,60,"24,000",196800.00,8.2,0.14,"Aurobindo Unit III, India",TRUE,Weight Captured Separately,null,202.31
"25,323",108-VN-T30,FPQ-16194,SCMS-285500,ASN-33269,Vietnam,PMO - US,Direct Drop,EXW,Air,4/14/2015,5/13/2015,03-Sep-15,03-Sep-15,03-Sep-15,ARV,Adult,HETERO LABS LIMITED,"Nevirapine 200mg, tablets, 60 Tabs",Nevirapine,Generic,200mg,Tablet,60,"2,500",5400.00,2.16,0.04,Hetero Unit III Hyderabad IN,TRUE,Weight Captured Separately,null,6.36
"25,412",111-MZ-T30,FPQ-7270,SCMS-103120,ASN-10799,Mozambique,PMO - US,Direct Drop,EXW,Ocean,03-04-11,3/30/2011,22-Nov-11,22-Nov-11,22-Nov-11,HRDT,HIV test,"Trinity Biotech, Plc","HIV 1/2, Uni-Gold HIV Kit, 20 Tests","HIV 1/2, Uni-Gold HIV Kit",Uni-Gold,,Test kit,20,"1,065",34080.00,32,1.6,"Trinity Biotech, Plc",TRUE,Weight Captured Separately,null,56.23
"37,089",122-HT-T30,FPQ-8635,SCMS-132170,ASN-14729,Haiti,PMO - US,Direct Drop,EXW,Air,12-07-11,01-05-12,10-May-12,10-May-12,10-May-12,ANTM,Malaria,THE MEDICAL EXPORT GROUP BV,"Chloroquine 150mg base (as phosphate), tablets, 1000 Tabs",Chloroquine base (as phosphate),Generic,150mg,Tablet,"1,000","11,000",100540.00,9.14,0.01,"Micro Labs, Hosur, India",TRUE,5051,"$37,744.27 ",140.96
"25,915",105-SS-T30,FPQ-15569,SCMS-272170,ASN-32109,South Sudan,PMO - US,Direct Drop,EXW,Air,12/29/2014,2/20/2015,02-Jul-15,07-Jul-15,07-Jul-15,HRDT,HIV test - Ancillary,"Orgenics, Ltd","Chase Buffer, Determine, 100 Tests, 2.5ml x 1 Vial","Chase Buffer, Determine, 100 Tests, 2.5ml x 1 Vial",Determine,,Test kit - Ancillary,1,45,225.00,5,5,"Alere Medical Co., Ltd.",TRUE,Weight Captured Separately,null,0.26
"37,152",114-UG-T30,FPQ-4320,SCMS-58160,ASN-5935,Uganda,PMO - US,Direct Drop,EXW,Air,11/16/2009,11/25/2009,02-Feb-10,02-Feb-10,02-Feb-10,ARV,Pediatric,EMCURE PHARMACEUTICALS LTD,"Atazanavir 150mg, capsules, 60 Caps",Atazanavir,Generic,150mg,Capsule,60,240,6261.60,26.09,0.43,"Emcure Plot No.P-2, I.T-B.T. Park, Phase II, MIDC, Hinjwadi, Pune, India",TRUE,25,$915.09 ,12.27
"37,157",111-MZ-T30,FPQ-7807,SCMS-111300,ASN-12116,Mozambique,PMO - US,Direct Drop,EXW,Air,5/31/2011,6/13/2011,26-Oct-11,26-Oct-11,26-Oct-11,HRDT,HIV test,"Orgenics, Ltd","HIV 1/2, Determine Complete HIV Kit, 100 Tests","HIV 1/2, Determine Complete HIV Kit",Determine,,Test kit,100,120,9600.00,80,0.8,Inverness Japan,TRUE,55,"$3,267.66 ",15.84
"37,177",161-ZA-T30,FPQ-7175,SCMS-103460,ASN-10839,South Africa,PMO - US,Direct Drop,DDP,Ocean,03-10-11,3/24/2011,02-Sep-11,02-Sep-11,02-Sep-11,ARV,Adult,Aurobindo Pharma Limited,"Zidovudine 300mg, tablets, 60 Tabs",Zidovudine,Generic,300mg,Tablet,60,"66,793",487588.90,7.3,0.12,"Aurobindo Unit III, India",TRUE,3458,"$3,787.72 ",804.52
"39,242",102-KE-T30,FPQ-4591,SCMS-58382,ASN-7489,Kenya,PMO - US,Direct Drop,EXW,Air,11/18/2009,5/27/2010,29-Jul-10,29-Jul-10,29-Jul-10,HRDT,HIV test,"Orgenics, Ltd","HIV 1/2, Determine Complete HIV Kit, 100 Tests","HIV 1/2, Determine Complete HIV Kit",Determine,,Test kit,100,3,240.00,80,0.8,Inverness Japan,TRUE,1411,"$13,150.21 ",0.52
"37,251",102-SD-T30,FPQ-6991,SCMS-100301,ASN-10451,Sudan,PMO - US,Direct Drop,EXW,Air,02-05-11,03-02-11,29-Apr-11,29-Apr-11,29-Apr-11,HRDT,HIV test - Ancillary,"Standard Diagnostics, Inc.","HIV 1/2, Bioline 3.0 Diluent, 25 Tests, Bottle x 5 ml","HIV 1/2, Bioline 3.0 Diluent, 25 Tests",Bioline,,Test kit - Ancillary,1,13,11.70,0.9,0.9,"Standard Diagnostics, Korea",TRUE,1,$137.50 ,0.02
"37,277",106-HT-T30,FPQ-12590,SCMS-210460,ASN-25570,Haiti,PMO - US,Direct Drop,EXW,Air,8/21/2013,10/24/2013,03-Jun-14,03-Jun-14,05-Jun-14,ARV,Pediatric,Aurobindo Pharma Limited,"Abacavir 20mg/ml, oral solution w/syringe, Bottle, 240 ml",Abacavir,Generic,20mg/ml,Oral solution,240,450,3073.50,6.83,0.03,"Aurobindo Unit III, India",TRUE,180,"$1,773.70 ",3.8
"37,324",103-UG-T30,FPQ-10289,SCMS-153580,ASN-16006,Uganda,PMO - US,Direct Drop,EXW,Air,07-11-12,7/31/2012,29-Aug-12,29-Aug-12,29-Aug-12,ARV,Adult,MYLAN LABORATORIES LTD (FORMERLY MATRIX LABORATORIES),"Efavirenz/Lamivudine/Tenofovir Disoproxil Fumarate 600/300/300mg, tablets, 30 Tabs",Efavirenz/Lamivudine/Tenofovir Disoproxil Fumarate,Generic,600/300/300mg,Tablet - FDC,30,"205,042",2458453.58,11.99,0.4,Mylan (formerly Matrix) Nashik,TRUE,24556,"$146,850.66 ","3,446.75"
"26,260",102-BI-T30,FPQ-15492,SCMS-269300,ASN-32092,Burundi,PMO - US,Direct Drop,EXW,Air,12-04-14,1/26/2015,07-Jul-15,07-Jul-15,08-Jul-15,HRDT,HIV test,"Orgenics, Ltd","HIV 1/2, Determine Complete HIV Kit, 100 Tests","HIV 1/2, Determine Complete HIV Kit",Determine,,Test kit,100,"1,582",126560.00,80,0.8,"Alere Medical Co., Ltd.",TRUE,Weight Captured Separately,null,148.96
"26,619",105-SS-T30,FPQ-15569,SCMS-272160,ASN-31337,South Sudan,PMO - US,Direct Drop,EXW,Air,12/29/2014,2/20/2015,03-Jun-15,03-Jun-15,05-Jun-15,HRDT,HIV test - Ancillary,"Orgenics, Ltd","Chase Buffer, Determine, 100 Tests, 2.5ml x 1 Vial","Chase Buffer, Determine, 100 Tests, 2.5ml x 1 Vial",Determine,,Test kit - Ancillary,1,45,225.00,5,5,"Alere Medical Co., Ltd.",TRUE,Weight Captured Separately,null,0.26
"37,379",106-HT-T30,FPQ-12682,SCMS-209700,ASN-24413,Haiti,PMO - US,Direct Drop,EXW,Air,8/23/2013,10-08-13,25-Mar-14,25-Mar-14,26-Mar-14,ARV,Pediatric,CIPLA LIMITED,"Abacavir 60mg, dispersible tablets, 60 Tabs",Abacavir,Generic,60mg,Chewable/dispersible tablet,60,741,3705.00,5,0.08,"Cipla, Patalganga, India",TRUE,66,"$1,572.92 ",4.58
"26,895",901-CM-T30,FPQ-12837,SCMS-204290,ASN-23339,Cameroon,PMO - US,Direct Drop,EXW,Air,8/19/2013,8/23/2013,08-Jan-14,08-Jan-14,10-Jan-14,ARV,Adult,Aurobindo Pharma Limited,"Efavirenz/Lamivudine/Tenofovir Disoproxil Fumarate 600/300/300mg, tablets, 30 Tabs",Efavirenz/Lamivudine/Tenofovir Disoproxil Fumarate,Generic,600/300/300mg,Tablet - FDC,30,"1,531",17070.65,11.15,0.37,"Aurobindo Unit VII, IN",TRUE,Weight Captured Separately,null,21.12
"27,297",105-GY-T30,FPQ-16480,SCMS-293560,ASN-33483,Guyana,PMO - US,Direct Drop,EXW,Air,6/24/2015,7/17/2015,28-Aug-15,28-Aug-15,28-Aug-15,HRDT,HIV test,"Trinity Biotech, Plc","HIV 1/2, Uni-Gold HIV Kit, 20 Tests","HIV 1/2, Uni-Gold HIV Kit",Uni-Gold,,Test kit,20,"1,543",49376.00,32,1.6,"Trinity Biotech, Plc",TRUE,Weight Captured Separately,null,58.12
"37,417",110-ZM-T30,FPQ-6263,SCMS-87270,ASN-8664,Zambia,PMO - US,Direct Drop,EXW,Air,09-08-10,10-07-10,14-Dec-10,14-Dec-10,14-Dec-10,HRDT,HIV test,"Standard Diagnostics, Inc.","HIV 1/2, Bioline 3.0 Kit, Lancets, Capillary pipets, Alcohol swabs included, 25 Tests","HIV 1/2, Bioline 3.0 Kit, Lancets, Capillary pipets, Alcohol swabs included",Bioline,,Test kit,25,120,2400.00,20,0.8,"Standard Diagnostics, Korea",TRUE,40,$771.88 ,5.17
"27,964",106-HT-T30,FPQ-15038,SCMS-263080,ASN-31775,Haiti,PMO - US,Direct Drop,EXW,Air,10/22/2014,1/28/2015,13-May-15,13-May-15,15-May-15,ARV,Adult,JANSSEN SCIENCES IRELAND UC (FORMERLY JANSSEN R&D IRELAND),"Etravirine 100mg [Intelence], tablets, 120 Tabs",Etravirine,Intelence,100mg,Tablet,120,140,5040.00,36,0.3,"Janssen-Cilag, Latina, IT",TRUE,Weight Captured Separately,null,5.18
"29,616",108-VN-T30,FPQ-16194,SCMS-285500,ASN-33267,Vietnam,PMO - US,Direct Drop,EXW,Air,4/14/2015,5/13/2015,03-Sep-15,03-Sep-15,03-Sep-15,ARV,Adult,HETERO LABS LIMITED,"Efavirenz/Lamivudine/Tenofovir Disoproxil Fumarate 600/300/300mg, tablets, 30 Tabs",Efavirenz/Lamivudine/Tenofovir Disoproxil Fumarate,Generic,600/300/300mg,Tablet - FDC,30,"17,952",170544.00,9.5,0.32,Hetero Unit III Hyderabad IN,TRUE,Weight Captured Separately,null,200.73
"37,475",108-VN-T30,FPQ-10287,SCMS-156281,ASN-17806,Vietnam,PMO - US,Direct Drop,EXW,Air,7/25/2012,8/14/2012,02-Feb-13,02-Feb-13,02-Feb-13,ARV,Pediatric,MYLAN LABORATORIES LTD (FORMERLY MATRIX LABORATORIES),"Lamivudine/Zidovudine 30/60mg, tablets, 60 Tabs",Lamivudine/Zidovudine,Generic,30/60mg,Tablet - FDC,60,"3,434",7726.50,2.25,0.04,Mylan (formerly Matrix) Nashik,TRUE,876,"$2,183.92 ",10.83
"37,481",107-RW-T30,FPQ-5792,SCMS-75790,ASN-7839,Rwanda,PMO - US,Direct Drop,EXW,Air,06-07-10,7/22/2010,09-Sep-10,09-Sep-10,09-Sep-10,HRDT,HIV test,"Orgenics, Ltd","HIV 1/2, Determine HIV Kit, without Lancets, 100 Tests","HIV 1/2, Determine HIV Kit, without Lancets",Determine,,Test kit,100,"5,000",388500.00,77.7,0.78,Inverness Japan,TRUE,1136,"$49,573.62 ",837.61
"30,363",105-SS-T30,FPQ-15569,SCMS-272160,ASN-31321,South Sudan,PMO - US,Direct Drop,EXW,Air,12/29/2014,2/20/2015,03-Jun-15,03-Jun-15,05-Jun-15,HRDT,HIV test,"Orgenics, Ltd","HIV 1/2, Determine Complete HIV Kit, 100 Tests","HIV 1/2, Determine Complete HIV Kit",Determine,,Test kit,100,90,8010.00,89,0.89,"Alere Medical Co., Ltd.",TRUE,Weight Captured Separately,null,9.43
"30,915",107-RW-T30,FPQ-14813,SCMS-261782,ASN-33340,Rwanda,PMO - US,Direct Drop,EXW,Air,10-09-14,12/15/2014,28-Aug-15,28-Aug-15,30-Aug-15,ARV,Adult,EMCURE PHARMACEUTICALS LTD,"Atazanavir/Ritonavir 300/100mg, tablets, 30 Tabs",Atazanavir/Ritonavir,Generic,300/100mg,Tablet,30,"16,585",298530.00,18,0.6,"Emcure Plot No.P-2, I.T-B.T. Park, Phase II, MIDC, Hinjwadi, Pune, India",TRUE,Weight Captured Separately,null,306.89
"37,496",111-MZ-T30,FPQ-13775,SCMS-229680,ASN-25195,Mozambique,PMO - US,Direct Drop,EXW,Air,2/21/2014,2/28/2014,13-Jun-14,13-Jun-14,13-Jun-14,HRDT,HIV test,"Trinity Biotech, Plc","HIV 1/2, Uni-Gold HIV Kit, 20 Tests","HIV 1/2, Uni-Gold HIV Kit",Uni-Gold,,Test kit,20,286,9152.00,32,1.6,"Trinity Biotech, Plc",TRUE,88,"$1,088.93 ",9.41
"37,506",108-VN-T30,FPQ-4720,SCMS-62370,ASN-6189,Vietnam,PMO - US,Direct Drop,FCA,Air,01-04-09,01-11-10,22-Mar-10,22-Mar-10,22-Mar-10,ARV,Adult,ABBVIE LOGISTICS (FORMERLY ABBOTT LOGISTICS BV),"Lopinavir/Ritonavir 200/50mg [Aluvia], tablets, 120 Tabs",Lopinavir/Ritonavir,Aluvia,200/50mg,Tablet,120,"4,165",342363.00,82.2,0.68,ABBVIE Ludwigshafen Germany,TRUE,1010,"$5,417.87 ",738.13
"31,324",106-HT-T30,FPQ-16241,SCMS-288900,ASN-32495,Haiti,PMO - US,Direct Drop,EXW,Ocean,05-05-15,5/27/2015,10-Aug-15,10-Aug-15,11-Aug-15,ARV,Adult,HETERO LABS LIMITED,"Efavirenz/Lamivudine/Tenofovir Disoproxil Fumarate 600/300/300mg, tablets, 30 Tabs",Efavirenz/Lamivudine/Tenofovir Disoproxil Fumarate,Generic,600/300/300mg,Tablet - FDC,30,"109,350",1038825.00,9.5,0.32,Hetero Unit III Hyderabad IN,TRUE,Weight Captured Separately,null,"1,222.70"
"37,526",108-VN-T30,FPQ-10643,SCMS-160990,ASN-17709,Vietnam,PMO - US,Direct Drop,EXW,Air,9/18/2012,9/24/2012,04-Feb-13,04-Feb-13,04-Feb-13,ARV,Adult,MICRO LABS LIMITED,"Lamivudine 150mg, tablets, 60 Tabs",Lamivudine,Generic,150mg,Tablet,60,"13,570",24968.80,1.84,0.03,"Micro labs, Verna, Goa, India",TRUE,568,"$1,646.50 ",35.01
"37,531",161-ZA-T30,FPQ-5303,SCMS-68952,ASN-7507,South Africa,PMO - US,Direct Drop,DDP,Air,3/18/2010,3/19/2010,24-Aug-10,24-Aug-10,24-Aug-10,ARV,Pediatric,Aurobindo Pharma Limited,"Lamivudine 10mg/ml, oral solution w/syringe, Bottle, 240 ml",Lamivudine,Generic,10mg/ml,Oral solution,240,"3,184",9552.00,3,0.01,"Aurobindo Unit III, India",TRUE,1205,"$3,283.62 ",20.59
"37,578",104-CI-T30,FPQ-6037,SCMS-80620,ASN-8761,Côte d'Ivoire,PMO - US,Direct Drop,EXW,Air,7/14/2010,7/30/2010,24-Nov-10,24-Nov-10,24-Nov-10,HRDT,HIV test,"CHEMBIO DIAGNOSTIC SYSTEMS, INC.","HIV 1/2, Stat-Pak HIV, Kit, 20 Tests","HIV 1/2, Stat-Pak HIV, Kit",Stat-Pak,,Test kit,20,"2,825",76275.00,27,1.35,Chembio Diagnostics Sys. Inc.,TRUE,1038,"$3,360.75 ",164.45
"37,612",103-ZW-T30,FPQ-13969,SCMS-239170,ASN-26975,Zimbabwe,PMO - US,Direct Drop,EXW,Ocean,04-08-14,5/15/2014,10-Sep-14,10-Sep-14,30-Oct-14,ARV,Pediatric,ABBVIE LOGISTICS (FORMERLY ABBOTT LOGISTICS BV),"Lopinavir/Ritonavir 100/25mg [Aluvia], tablets, 60 Tabs",Lopinavir/Ritonavir,Generic,100/25mg,Tablet,60,"41,840",248529.60,5.94,0.1,ABBVIE Ludwigshafen Germany,TRUE,4528,"$25,189.51 ",255.49
"31,430",108-VN-T30,FPQ-13034,SCMS-210020,ASN-24765,Vietnam,PMO - US,Direct Drop,FCA,Air,10-04-13,10-10-13,04-Apr-14,04-Apr-14,08-May-14,ARV,Adult,ABBVIE LOGISTICS (FORMERLY ABBOTT LOGISTICS BV),"Ritonavir 100mg [Norvir], film coated tablets, 30 Tabs",Ritonavir,Norvir,100mg,Tablet,30,100,2326.00,23.26,0.78,ABBVIE Ludwigshafen Germany,TRUE,Weight Captured Separately,null,2.88
"37,650",200-ZW-T30,FPQ-6488,SCMS-90650,ASN-10818,Zimbabwe,PMO - US,Direct Drop,FCA,Air,10/26/2010,11-10-10,12-Jul-11,12-Jul-11,12-Jul-11,ARV,Pediatric,ABBVIE LOGISTICS (FORMERLY ABBOTT LOGISTICS BV),"Lopinavir/Ritonavir 80/20mg/ml [Kaletra], oral solution, cool, Bottle 5 x 60 ml",Lopinavir/Ritonavir,Kaletra,80/20mg/ml,Oral solution,300,"1,083",39161.28,36.16,0.12,ABBVIE (Abbott) Logis. UK,TRUE,1257,"$22,837.98 ",84.43
"37,664",133-NG-T30,FPQ-10765,SCMS-162440,ASN-17529,Nigeria,PMO - US,Direct Drop,EXW,Air,10-05-12,10/16/2012,09-Jan-13,10-Jan-13,10-Jan-13,HRDT,HIV test,"Orgenics, Ltd","HIV 1/2, Determine Complete HIV Kit, 100 Tests","HIV 1/2, Determine Complete HIV Kit",Determine,,Test kit,100,"2,744",244216.00,89,0.89,"Alere Medical Co., Ltd.",TRUE,1186,"$24,927.19 ",342.39
"32,150",108-VN-T30,FPQ-15823,SCMS-277270,ASN-33526,Vietnam,PMO - US,Direct Drop,FCA,Air,2/13/2015,03-04-15,14-Sep-15,14-Sep-15,14-Sep-15,ARV,Adult,ABBVIE LOGISTICS (FORMERLY ABBOTT LOGISTICS BV),"Lopinavir/Ritonavir 200/50mg [Aluvia], tablets, 120 Tabs",Lopinavir/Ritonavir,Aluvia,200/50mg,Tablet,120,300,18240.00,60.8,0.51,ABBVIE Ludwigshafen Germany,TRUE,Weight Captured Separately,null,21.47
"32,986",106-HT-T30,FPQ-16241,SCMS-288910,ASN-33289,Haiti,PMO - US,Direct Drop,EXW,Air,05-05-15,5/27/2015,10-Aug-15,10-Aug-15,11-Aug-15,ARV,Pediatric,HETERO LABS LIMITED,"Lamivudine 10mg/ml, oral solution, Bottle, 240 ml",Lamivudine,Generic,10mg/ml,Oral solution,240,"2,292",3506.76,1.53,0.01,Hetero Unit III Hyderabad IN,TRUE,Weight Captured Separately,null,4.13
"37,753",108-VN-T30,FPQ-11417,SCMS-174410,ASN-18761,Vietnam,PMO - US,Direct Drop,EXW,Air,01-10-13,1/22/2013,05-Jun-13,05-Jun-13,05-Jun-13,ARV,Adult,HETERO LABS LIMITED,"Nevirapine 200mg, tablets, 60 Tabs",Nevirapine,Generic,200mg,Tablet,60,"23,003",50836.63,2.21,0.04,Hetero Unit III Hyderabad IN,TRUE,1483,"$11,346.48 ",62.88
"33,218",106-HT-T30,FPQ-14083,SCMS-240190,ASN-26906,Haiti,PMO - US,Direct Drop,EXW,Ocean,05-11-14,06-02-14,20-Oct-14,20-Oct-14,24-Oct-14,ARV,Pediatric,Aurobindo Pharma Limited,"Nevirapine 10mg/ml, oral suspension, Bottle, 240 ml",Nevirapine,Generic,10mg/ml,Oral suspension,240,"3,300",4983.00,1.51,0.01,"Aurobindo Unit III, India",TRUE,Weight Captured Separately,null,5.12
"33,314",151-NG-T30,FPQ-16553,SCMS-296470,ASN-33749,Nigeria,PMO - US,Direct Drop,EXW,Air,07-07-15,08-04-15,02-Sep-15,02-Sep-15,09-Sep-15,ARV,Pediatric,CIPLA LIMITED,"Abacavir/Lamivudine 60/30mg, dispersible tablets, 60 Tabs",Abacavir/Lamivudine,Generic,60/30mg,Chewable/dispersible tablet - FDC,60,"13,429",67145.00,5,0.08,"Cipla, Patalganga, India",TRUE,Weight Captured Separately,null,79.03
"33,379",106-HT-T30,FPQ-14083,SCMS-240202,ASN-28246,Haiti,PMO - US,Direct Drop,EXW,Ocean,05-11-14,7/31/2014,17-Nov-14,17-Nov-14,17-Nov-14,ARV,Adult,MYLAN LABORATORIES LTD (FORMERLY MATRIX LABORATORIES),"Lamivudine/Nevirapine/Zidovudine 150/200/300mg, tablets, 60 Tabs",Lamivudine/Nevirapine/Zidovudine,Generic,150/300/200mg,Tablet - FDC,60,"33,624",272354.40,8.1,0.13,Mylan (formerly Matrix) Nashik,TRUE,Weight Captured Separately,null,279.98
"37,835",107-RW-T30,FPQ-12518,SCMS-198220,ASN-21423,Rwanda,PMO - US,Direct Drop,EXW,Air,6/21/2013,08-09-13,20-Sep-13,20-Sep-13,20-Sep-13,HRDT,HIV test,"SHANGHAI KEHUA BIOENGINEERING CO.,LTD.  (KHB)","HIV 1/2, SKB Colloidal Gold, Diagnostic Kit, Antibody, 50 Tests","HIV 1/2, Colloidal Gold, Diagnostic Kit, Antibody",Colloidal Gold,,Test kit,1,"28,000",686000.00,24.5,24.5,"KHB Test Kit Facility, Shanghai China",TRUE,18667,"$289,653.20 ",848.58
"39,495",104-CI-T30,FPQ-6975,SCMS-98300,ASN-10837,Côte d'Ivoire,PMO - US,Direct Drop,FCA,Air,01-04-11,1/28/2011,10-Jun-11,10-Jun-11,10-Jun-11,ARV,Adult,Hoffmann-La Roche ltd Basel,"Saquinavir 500mg [Invirase], tablets, 120 Tabs",Saquinavir,Invirase,500mg,Tablet,120,"1,464",154437.73,105.49,0.88,Roche Madrid,TRUE,255,"$4,204.67 ",254.82
"37,872",108-VN-T30,FPQ-12539,SCMS-199740,ASN-22827,Vietnam,PMO - US,Direct Drop,EXW,Air,07-11-13,7/25/2013,12-Dec-13,12-Dec-13,12-Dec-13,ARV,Adult,CIPLA LIMITED,"Lamivudine/Nevirapine/Zidovudine 150/200/300mg, tablets, 60 Tabs",Lamivudine/Nevirapine/Zidovudine,Generic,150/300/200mg,Tablet - FDC,60,"10,762",87172.20,8.1,0.13,"Cipla, Goa, India",TRUE,1485,"$2,702.63 ",107.83
"37,887",161-ZA-T30,FPQ-5303,SCMS-68720,ASN-7593,South Africa,PMO - US,Direct Drop,DDP,Air,3/18/2010,3/19/2010,19-Jul-10,13-Oct-10,13-Oct-10,ARV,Adult,CIPLA LIMITED,"Tenofovir Disoproxil Fumarate 300mg, tablets, 30 Tabs",Tenofovir Disoproxil Fumarate,Generic,300mg,Tablet,30,"63,785",498798.70,7.82,0.26,"Cipla, Goa, India",TRUE,4141,"$5,404.34 ","1,075.41"
"37,924",109-TZ-T30,FPQ-13945,SCMS-235360,ASN-26124,Tanzania,PMO - US,Direct Drop,EXW,Air,3/27/2014,05-06-14,15-Jul-14,15-Jul-14,12-Aug-14,HRDT,HIV test,"Trinity Biotech, Plc","HIV 1/2, Uni-Gold HIV Kit, 20 Tests","HIV 1/2, Uni-Gold HIV Kit",Uni-Gold,,Test kit,20,369,11808.00,32,1.6,"Trinity Biotech, Plc",TRUE,113,"$1,661.01 ",12.14
"37,925",161-ZA-T30,FPQ-5303,SCMS-68910,ASN-7468,South Africa,PMO - US,Direct Drop,DDP,Air,3/18/2010,3/19/2010,24-Aug-10,04-Aug-10,04-Aug-10,ARV,Adult,Aurobindo Pharma Limited,"Efavirenz 600mg, tablets, 30 Tabs",Efavirenz,Generic,600mg,Tablet,30,"25,190",117637.30,4.67,0.16,"Aurobindo Unit III, India",TRUE,2131,"$5,886.90 ",253.63
"37,960",103-ZW-T30,FPQ-9905,SCMS-148300,ASN-17258,Zimbabwe,PMO - US,Direct Drop,FCA,Air,5/29/2012,7/18/2012,13-Dec-12,13-Dec-12,13-Dec-12,ARV,Pediatric,ABBVIE LOGISTICS (FORMERLY ABBOTT LOGISTICS BV),"Lopinavir/Ritonavir 80/20mg/ml [Kaletra], oral solution, cool, Bottle 5 x 60 ml",Lopinavir/Ritonavir,Kaletra,80/20mg/ml,Oral solution,300,"1,500",46230.00,30.82,0.1,ABBVIE (Abbott) Logis. UK,TRUE,1374,"$21,730.49 ",64.81
"37,963",108-VN-T30,FPQ-6818,SCMS-98050,ASN-11023,Vietnam,PMO - US,Direct Drop,EXW,Air,1/17/2011,2/15/2011,22-Jun-11,22-Jun-11,22-Jun-11,ARV,Adult,MYLAN LABORATORIES LTD (FORMERLY MATRIX LABORATORIES),"Nevirapine 200mg, tablets, 60 Tabs",Nevirapine,Generic,200mg,Tablet,60,"1,556",4045.60,2.6,0.04,Mylan (formerly Matrix) Nashik,TRUE,2113,"$10,784.69 ",6.68
"37,979",103-ZW-T30,FPQ-9905,SCMS-148290,ASN-16417,Zimbabwe,PMO - US,Direct Drop,FCA,Air,5/29/2012,7/18/2012,08-Nov-12,08-Nov-12,08-Nov-12,ARV,Pediatric,ABBVIE LOGISTICS (FORMERLY ABBOTT LOGISTICS BV),"Lopinavir/Ritonavir 80/20mg/ml [Kaletra], oral solution, cool, Bottle 5 x 60 ml",Lopinavir/Ritonavir,Kaletra,80/20mg/ml,Oral solution,300,"1,500",46230.00,30.82,0.1,ABBVIE (Abbott) Logis. UK,TRUE,1374,"$15,593.13 ",64.81
"37,987",161-ZA-T30,FPQ-5648,SCMS-75990,ASN-8794,South Africa,PMO - US,Direct Drop,DDP,Ocean,06-02-10,6/17/2010,12-Jan-11,12-Jan-11,12-Jan-11,ARV,Adult,Aurobindo Pharma Limited,"Tenofovir Disoproxil Fumarate 300mg, tablets, 30 Tabs",Tenofovir Disoproxil Fumarate,Generic,300mg,Tablet,30,"3,619",25007.29,6.91,0.23,"Aurobindo Unit III, India",TRUE,338,"$6,147.09 ",53.92
"37,994",103-ML-T30,FPQ-15006,SCMS-260760,ASN-30806,Mali,PMO - US,Direct Drop,EXW,Air,10-07-14,11/19/2014,04-Apr-15,04-Apr-15,11-May-15,HRDT,HIV test,"Orgenics, Ltd","HIV 1/2, Determine Complete HIV Kit, 100 Tests","HIV 1/2, Determine Complete HIV Kit",Determine,,Test kit,100,434,34720.00,80,0.8,"Alere Medical Co., Ltd.",TRUE,169,"$4,498.98 ",35.69
"37,997",104-CI-T30,FPQ-6998,SCMS-97570,ASN-9882,Côte d'Ivoire,PMO - US,Direct Drop,FCA,Air,01-11-11,1/21/2011,15-Mar-11,15-Mar-11,15-Mar-11,ARV,Adult,ABBVIE LOGISTICS (FORMERLY ABBOTT LOGISTICS BV),"Lopinavir/Ritonavir 200/50mg [Aluvia], tablets, 120 Tabs",Lopinavir/Ritonavir,Aluvia,200/50mg,Tablet,120,"20,280",733324.80,36.16,0.3,ABBVIE Ludwigshafen Germany,TRUE,5089,"$31,318.31 ","1,209.99"
"34,140",109-TZ-T30,FPQ-16453,SCMS-293550,ASN-33357,Tanzania,PMO - US,Direct Drop,EXW,Air,06-08-15,6/25/2015,24-Aug-15,24-Aug-15,28-Aug-15,HRDT,HIV test,"Orgenics, Ltd","HIV 1/2, Determine Complete HIV Kit, 100 Tests","HIV 1/2, Determine Complete HIV Kit",Determine,,Test kit,100,"1,900",152000.00,80,0.8,"Alere Medical Co., Ltd.",TRUE,Weight Captured Separately,null,178.9
"38,045",106-HT-T30,FPQ-14895,SCMS-258590,ASN-29615,Haiti,PMO - US,Direct Drop,EXW,Air,9/24/2014,11/14/2014,05-Jan-15,05-Jan-15,05-Jan-15,ARV,Pediatric,Aurobindo Pharma Limited,"Nevirapine 50mg, dispersible tablets (tablets for oral suspension), 30 Tabs",Nevirapine,Generic,50mg,Chewable/dispersible tablet,30,"2,118",2647.50,1.25,0.04,"Aurobindo Unit III, India",TRUE,134,"$1,987.82 ",2.72
"34,526",108-VN-T30,FPQ-16123,SCMS-283040,ASN-33511,Vietnam,PMO - US,Direct Drop,FCA,Air,3/26/2015,04-02-15,08-Sep-15,08-Sep-15,08-Sep-15,ARV,Adult,ABBVIE LOGISTICS (FORMERLY ABBOTT LOGISTICS BV),"Ritonavir 100mg [Norvir], film coated tablets, 30 Tabs",Ritonavir,Norvir,100mg,Tablet,30,450,10467.00,23.26,0.78,ABBVIE Ludwigshafen Germany,TRUE,Weight Captured Separately,null,12.32
"38,099",106-HT-T30,FPQ-14083,SCMS-240160,ASN-27525,Haiti,PMO - US,Direct Drop,EXW,Ocean,05-11-14,06-02-14,30-Oct-14,30-Oct-14,12-Nov-14,ARV,Adult,HETERO LABS LIMITED,"Lamivudine/Tenofovir Disoproxil Fumarate 300/300mg, tablets, 30 Tabs",Lamivudine/Tenofovir Disoproxil Fumarate,Generic,300/300mg,Tablet - FDC,30,"33,936",156784.32,4.62,0.15,Hetero Unit III Hyderabad IN,TRUE,14925,"$22,100.46 ",161.17
"38,111",114-UG-T30,FPQ-15674,SCMS-277510,ASN-32498,Uganda,PMO - US,Direct Drop,EXW,Air,01-12-15,2/23/2015,20-Jun-15,20-Jun-15,23-Jun-15,ARV,Adult,MYLAN LABORATORIES LTD (FORMERLY MATRIX LABORATORIES),"Atazanavir/Ritonavir 300/100mg, tablets, 30 Tabs",Atazanavir/Ritonavir,Generic,300/100mg,Tablet,30,"12,370",241215.00,19.5,0.65,Mylan (formerly Matrix) Nashik,TRUE,1652,"$7,172.90 ",283.91
"38,120",107-RW-T30,FPQ-10092,SCMS-149420,ASN-15288,Rwanda,PMO - US,Direct Drop,EXW,Air,06-04-12,06-12-12,29-Jun-12,29-Jun-12,29-Jun-12,ARV,Adult,Aurobindo Pharma Limited,"Nevirapine 200mg, tablets, 60 Tabs",Nevirapine,Generic,200mg,Tablet,60,"22,500",52875.00,2.35,0.04,"Aurobindo Unit III, India",TRUE,2145,"$17,858.68 ",74.13
"38,157",111-MZ-T30,FPQ-8527,SCMS-130160,ASN-13822,Mozambique,PMO - US,Direct Drop,EXW,Air,10-05-11,12/29/2011,02-May-12,02-May-12,02-May-12,HRDT,HIV test,"Orgenics, Ltd","HIV 1/2, Determine Complete HIV Kit, 100 Tests","HIV 1/2, Determine Complete HIV Kit",Determine,,Test kit,100,"1,133",90640.00,80,0.8,"Alere Medical Co., Ltd.",TRUE,539,"$10,925.46 ",149.56
"38,183",104-CI-T30,FPQ-12622,SCMS-201211,ASN-23979,Côte d'Ivoire,PMO - US,Direct Drop,EXW,Air,7/16/2013,8/15/2013,31-Jan-14,31-Jan-14,03-Feb-14,HRDT,HIV test,"Standard Diagnostics, Inc.","HIV 1/2, Bioline 3.0 Kit, Lancets, Capillary pipets, Alcohol swabs included, 25 Tests","HIV 1/2, Bioline 3.0 Kit, Lancets, Capillary pipets, Alcohol swabs included",Bioline,,Test kit,25,"2,400",49200.00,20.5,0.82,"Standard Diagnostics, Korea",TRUE,831,"$9,254.06 ",60.86
"38,192",133-NG-T30,FPQ-10765,SCMS-162440,ASN-17526,Nigeria,PMO - US,Direct Drop,EXW,Air,10-05-12,10/16/2012,09-Jan-13,08-Jan-13,08-Jan-13,HRDT,HIV test,"Orgenics, Ltd","HIV 1/2, Determine Complete HIV Kit, 100 Tests","HIV 1/2, Determine Complete HIV Kit",Determine,,Test kit,100,"2,744",244216.00,89,0.89,"Alere Medical Co., Ltd.",TRUE,1186,"$24,927.19 ",342.39
"38,237",113-ZW-T30,FPQ-7521,SCMS-108010,ASN-15475,Zimbabwe,PMO - US,Direct Drop,EXW,Air,04-07-11,05-05-11,23-Jul-12,23-Jul-12,23-Jul-12,HRDT,HIV test,"Orgenics, Ltd","HIV 1/2, Determine Complete HIV Kit, 100 Tests","HIV 1/2, Determine Complete HIV Kit",Determine,,Test kit,100,"4,309",344720.00,80,0.8,Inverness Japan,TRUE,2124,"$40,520.83 ",568.79
"35,258",111-MZ-T30,FPQ-15323,SCMS-264760,ASN-29854,Mozambique,PMO - US,Direct Drop,EXW,Air,11-12-14,11/19/2014,13-Jan-15,13-Jan-15,16-Jan-15,HRDT,HIV test,"Trinity Biotech, Plc","HIV 1/2, Uni-Gold HIV Kit, 20 Tests","HIV 1/2, Uni-Gold HIV Kit",Uni-Gold,,Test kit,20,27,864.00,32,1.6,"Trinity Biotech, Plc",TRUE,Weight Captured Separately,null,1.02
"38,247",105-GY-T30,FPQ-12057,SCMS-189030,ASN-20003,Guyana,PMO - US,Direct Drop,EXW,Air,4/15/2013,5/23/2013,01-Jul-13,01-Jul-13,01-Jul-13,ARV,Pediatric,Aurobindo Pharma Limited,"Zidovudine 100mg, capsules, 100 Caps",Zidovudine,Generic,100mg,Capsule,100,118,542.80,4.6,0.05,"Aurobindo Unit III, India",TRUE,16,$693.16 ,0.67
"38,253",108-VN-T30,FPQ-6818,SCMS-97852,ASN-11311,Vietnam,PMO - US,Direct Drop,EXW,Air,1/17/2011,2/15/2011,27-Jul-11,27-Jul-11,27-Jul-11,ARV,Adult,MYLAN LABORATORIES LTD (FORMERLY MATRIX LABORATORIES),"Tenofovir Disoproxil Fumarate 300mg, tablets, 30 Tabs",Tenofovir Disoproxil Fumarate,Generic,300mg,Tablet,30,"8,388",54522.00,6.5,0.22,Mylan (formerly Matrix) Nashik,TRUE,544,"$9,141.18 ",89.96
"38,266",101-CD-T30,FPQ-12073,SCMS-186710,ASN-20472,"Congo, DRC",PMO - US,Direct Drop,EXW,Air,04-12-13,05-08-13,20-Sep-13,20-Sep-13,20-Sep-13,HRDT,HIV test,"Orgenics, Ltd","HIV 1/2, Determine Complete HIV Kit, 100 Tests","HIV 1/2, Determine Complete HIV Kit",Determine,,Test kit,100,"2,917",233360.00,80,0.8,"Alere Medical Co., Ltd.",TRUE,1361,"$24,410.67 ",288.67
"38,273",161-ZA-T30,FPQ-7175,SCMS-104100,ASN-13302,South Africa,PMO - US,Direct Drop,DDP,Ocean,03-10-11,3/28/2011,12-Jan-12,27-Jan-12,27-Jan-12,ARV,Adult,CIPLA LIMITED,"Nevirapine 200mg, tablets, 60 Tabs",Nevirapine,Generic,200mg,Tablet,60,"96,770",263214.40,2.72,0.05,"Cipla, Goa, India",TRUE,10536,"$4,957.81 ",434.3
"34,960",109-TZ-T30,FPQ-7909,SCMS-114980,ASN-12870,Tanzania,PMO - US,Direct Drop,EXW,Air,6/24/2011,7/18/2011,29-Sep-11,20-Sep-11,20-Sep-11,HRDT,HIV test,"Standard Diagnostics, Inc.","HIV 1/2, Bioline 3.0 Kit, Lancets, Capillary pipets, Alcohol swabs included, 25 Tests","HIV 1/2, Bioline 3.0 Kit, Lancets, Capillary pipets, Alcohol swabs included",Bioline,,Test kit,25,"10,000",200000.00,20,0.8,"Standard Diagnostics, Korea",TRUE,Weight Captured Separately,null,330
"38,294",106-HT-T30,FPQ-12590,SCMS-210480,ASN-23855,Haiti,PMO - US,Direct Drop,EXW,Ocean,8/21/2013,10/24/2013,09-May-14,09-May-14,12-May-14,ARV,Adult,CIPLA LIMITED,"Lamivudine/Tenofovir Disoproxil Fumarate 300/300mg, tablets, 30 Tabs",Lamivudine/Tenofovir Disoproxil Fumarate,Generic,300/300mg,Tablet - FDC,30,"4,176",19209.60,4.6,0.15,"Cipla, Kurkumbh, India",TRUE,426,"$2,251.94 ",23.76
"38,299",108-VN-T30,FPQ-10811,SCMS-164580,ASN-18662,Vietnam,PMO - US,Direct Drop,EXW,Air,10/15/2012,11-07-12,03-Apr-13,03-Apr-13,03-Apr-13,ARV,Adult,HETERO LABS LIMITED,"Zidovudine 300mg, tablets, 60 Tabs",Zidovudine,Generic,300mg,Tablet,60,418,2403.50,5.75,0.1,Hetero Unit III Hyderabad IN,TRUE,1089,"$2,006.63 ",2.97
"38,308",106-HT-T30,FPQ-16241,SCMS-289480,ASN-32512,Haiti,PMO - US,Direct Drop,EXW,Air,05-05-15,5/29/2015,02-Jul-15,02-Jul-15,06-Jul-15,ARV,Pediatric,Aurobindo Pharma Limited,"Nevirapine 50mg, dispersible tablets (tablets for oral suspension), 30 Tabs",Nevirapine,Generic,50mg,Chewable/dispersible tablet,30,"2,303",2878.75,1.25,0.04,"Aurobindo Unit III, India",TRUE,143,"$2,251.42 ",3.39
"38,312",114-UG-T30,FPQ-4373,SCMS-58230,ASN-6154,Uganda,PMO - US,Direct Drop,FCA,Air,11/25/2009,12-02-09,10-Mar-10,10-Mar-10,10-Mar-10,ARV,Adult,ABBVIE LOGISTICS (FORMERLY ABBOTT LOGISTICS BV),"Ritonavir 100mg [Norvir], capsules, cool, 4 x 84 Caps",Ritonavir,Norvir,100mg,Capsule,336,21,805.56,38.36,0.11,ABBVIE (Abbott) Logis. UK,TRUE,58,$776.62 ,1.58
"38,318",114-UG-T30,FPQ-10788,SCMS-162720,ASN-18773,Uganda,PMO - US,Direct Drop,CIP,Air,10-10-12,10/25/2012,11-Apr-13,11-Apr-13,11-Apr-13,ARV,Adult,MERCK SHARP & DOHME IDEA GMBH (FORMALLY MERCK SHARP & DOHME B.V.),"Raltegravir 400mg [Isentress], tablets, 60 Tabs",Raltegravir,Isentress,400mg,Tablet,60,786,43623.00,55.5,0.92,"MSD, Haarlem, NL",TRUE,79,"$2,158.88 ",53.96
"38,368",161-ZA-T30,FPQ-5303,SCMS-68950,ASN-7080,South Africa,PMO - US,Direct Drop,DDP,Air,3/18/2010,3/19/2010,09-Jun-10,07-Jul-10,07-Jul-10,ARV,Adult,Aurobindo Pharma Limited,"Nevirapine 200mg, tablets, 60 Tabs",Nevirapine,Generic,200mg,Tablet,60,"38,400",112128.00,2.92,0.05,"Aurobindo Unit III, India",TRUE,4528,"$6,369.79 ",241.75
"38,396",901-CM-T30,FPQ-12837,SCMS-204300,ASN-21700,Cameroon,PMO - US,Direct Drop,EXW,Air,8/19/2013,8/23/2013,18-Oct-13,18-Oct-13,18-Oct-13,ARV,Adult,Aurobindo Pharma Limited,"Nevirapine 200mg, tablets, 60 Tabs",Nevirapine,Generic,200mg,Tablet,60,"38,976",87696.00,2.25,0.04,"Aurobindo Unit III, India",TRUE,4117,"$35,943.58 ",108.48
"38,409",109-TZ-T30,FPQ-6936,SCMS-100640,ASN-10166,Tanzania,PMO - US,Direct Drop,EXW,Air,12/27/2010,2/25/2011,26-Apr-11,26-Apr-11,26-Apr-11,HRDT,HIV test,"Trinity Biotech, Plc","HIV 1/2, Uni-Gold HIV Kit, 20 Tests","HIV 1/2, Uni-Gold HIV Kit",Uni-Gold,,Test kit,20,625,20000.00,32,1.6,"Trinity Biotech, Plc",TRUE,200,"$2,918.12 ",33
"38,417",133-NG-T30,FPQ-14305,SCMS-240830,ASN-27471,Nigeria,PMO - US,Direct Drop,EXW,Air,5/16/2014,06-02-14,19-Aug-14,27-Aug-14,04-Sep-14,HRDT,HIV test,"Orgenics, Ltd","HIV 1/2, Determine Complete HIV Kit, 100 Tests","HIV 1/2, Determine Complete HIV Kit",Determine,,Test kit,100,"5,884",523676.00,89,0.89,"Alere Medical Co., Ltd.",TRUE,3435,"$34,730.62 ",538.34
"36,005",107-RW-T30,FPQ-14813,SCMS-261783,ASN-33614,Rwanda,PMO - US,Direct Drop,EXW,Air,10-09-14,12/15/2014,27-Aug-15,27-Aug-15,27-Aug-15,ARV,Adult,EMCURE PHARMACEUTICALS LTD,"Atazanavir/Ritonavir 300/100mg, tablets, 30 Tabs",Atazanavir/Ritonavir,Generic,300/100mg,Tablet,30,"4,011",72198.00,18,0.6,"Emcure Plot No.P-2, I.T-B.T. Park, Phase II, MIDC, Hinjwadi, Pune, India",TRUE,Weight Captured Separately,null,74.22
"38,431",105-DO-T30,FPQ-13790,SCMS-231360,ASN-25470,Dominican Republic,PMO - US,Direct Drop,EXW,Air,2/26/2014,3/20/2014,24-Apr-14,24-Apr-14,24-Apr-14,HRDT,HIV test,"Orgenics, Ltd","HIV 1/2, Determine Complete HIV Kit, 100 Tests","HIV 1/2, Determine Complete HIV Kit",Determine,,Test kit,100,"2,400",230400.00,96,0.96,"Alere Medical Co., Ltd.",TRUE,978,"$10,159.15 ",236.85
"38,480",108-VN-T30,FPQ-11418,SCMS-176230,ASN-19651,Vietnam,PMO - US,Direct Drop,EXW,Air,1/29/2013,02-05-13,21-Jun-13,21-Jun-13,21-Jun-13,ARV,Adult,MICRO LABS LIMITED,"Efavirenz 600mg, tablets, 30 Tabs",Efavirenz,Generic,600mg,Tablet,30,"7,882",25458.86,3.23,0.11,"Micro labs, Verna, Goa, India",TRUE,472,"$6,969.97 ",31.49
"38,504",102-SD-T30,FPQ-8261,SCMS-120473,ASN-13349,Sudan,PMO - US,Direct Drop,EXW,Air,8/29/2011,09-07-11,07-Feb-12,07-Feb-12,07-Feb-12,HRDT,HIV test,"Trinity Biotech, Plc","HIV 1/2, Uni-Gold HIV Kit, 20 Tests","HIV 1/2, Uni-Gold HIV Kit",Uni-Gold,,Test kit,20,10,320.00,32,1.6,"Trinity Biotech, Plc",TRUE,4,$593.80 ,0.53
"36,322",106-HT-T30,FPQ-15038,SCMS-262841,ASN-31571,Haiti,PMO - US,Direct Drop,EXW,Ocean,10/22/2014,12/24/2014,17-Jun-15,17-Jun-15,18-Jun-15,ARV,Adult,MYLAN LABORATORIES LTD (FORMERLY MATRIX LABORATORIES),"Lamivudine/Zidovudine 150/300mg, tablets, 60 Tabs",Lamivudine/Zidovudine,Generic,150/300mg,Tablet - FDC,60,"53,010",344034.90,6.49,0.11,Mylan (formerly Matrix) Nashik,TRUE,Weight Captured Separately,null,353.67
"36,785",151-NG-T30,FPQ-16553,SCMS-296470,ASN-33750,Nigeria,PMO - US,Direct Drop,EXW,Air,07-07-15,08-04-15,02-Sep-15,02-Sep-15,09-Sep-15,ARV,Pediatric,CIPLA LIMITED,"Abacavir/Lamivudine 60/30mg, dispersible tablets, 60 Tabs",Abacavir/Lamivudine,Generic,60/30mg,Chewable/dispersible tablet - FDC,60,"6,424",32120.00,5,0.08,"Cipla, Patalganga, India",TRUE,Weight Captured Separately,null,37.81
"37,076",110-ZM-T30,FPQ-16528,SCMS-294910,ASN-33650,Zambia,PMO - US,Direct Drop,EXW,Air,6/30/2015,7/28/2015,18-Aug-15,18-Aug-15,21-Aug-15,ARV,Adult,HETERO LABS LIMITED,"Efavirenz 600mg, tablets, 30 Tabs",Efavirenz,Generic,600mg,Tablet,30,"56,352",183144.00,3.25,0.11,"Hetero, Jadcherla, unit 5, IN",TRUE,Weight Captured Separately,null,215.56
"38,510",106-HT-T30,FPQ-16241,SCMS-288890,ASN-32682,Haiti,PMO - US,Direct Drop,EXW,Ocean,05-05-15,5/27/2015,13-Aug-15,13-Aug-15,14-Aug-15,ARV,Adult,HETERO LABS LIMITED,"Lamivudine/Nevirapine/Zidovudine 150/200/300mg, tablets, 60 Tabs",Lamivudine/Nevirapine/Zidovudine,Generic,150/300/200mg,Tablet - FDC,60,"55,536",449841.60,8.1,0.13,"Hetero, Jadcherla, unit 5, IN",TRUE,Weight Captured Separately,null,529.46
"38,571",108-VN-T30,FPQ-15823,SCMS-277330,ASN-33152,Vietnam,PMO - US,Direct Drop,FCA,Air,2/13/2015,03-04-15,13-Aug-15,13-Aug-15,13-Aug-15,ARV,Adult,ABBVIE LOGISTICS (FORMERLY ABBOTT LOGISTICS BV),"Ritonavir 100mg [Norvir], film coated tablets, 30 Tabs",Ritonavir,Norvir,100mg,Tablet,30,100,2326.00,23.26,0.78,ABBVIE Ludwigshafen Germany,TRUE,Weight Captured Separately,null,2.74
"38,843",103-CM-T30,FPQ-16474,SCMS-291910,ASN-33569,Cameroon,PMO - US,Direct Drop,EXW,Air,06-09-15,6/25/2015,11-Aug-15,11-Aug-15,11-Aug-15,HRDT,HIV test,"Orgenics, Ltd","HIV 1/2, Determine Complete HIV Kit, 100 Tests","HIV 1/2, Determine Complete HIV Kit",Determine,,Test kit,100,120,9600.00,80,0.8,"Alere Medical Co., Ltd.",TRUE,Weight Captured Separately,null,11.3
"38,590",107-RW-T30,FPQ-4954,SCMS-64480,ASN-7476,Rwanda,PMO - US,Direct Drop,CIP,Air,1/29/2010,02-09-10,13-Jul-10,13-Jul-10,13-Jul-10,ARV,Adult,Aurobindo Pharma Limited,"Didanosine 250mg, delayed-release capsules, 30 Caps",Didanosine,Generic,250mg,Delayed-release capsules,30,599,7966.70,13.3,0.44,"Aurobindo Unit III, India",TRUE,41,$717 ,17.18
"38,596",110-ZM-T30,FPQ-4691,SCMS-60711,ASN-6612,Zambia,PMO - US,Direct Drop,EXW,Air,12/16/2009,12/22/2009,03-May-10,03-May-10,03-May-10,HRDT,HIV test,"Orgenics, Ltd","HIV 1/2, Determine Complete HIV Kit, 100 Tests","HIV 1/2, Determine Complete HIV Kit",Determine,,Test kit,100,"2,807",202104.00,72,0.72,Inverness Japan,TRUE,1360,"$20,067.34 ",435.74
"38,992",105-SS-T30,FPQ-15569,SCMS-272160,ASN-31338,South Sudan,PMO - US,Direct Drop,EXW,Air,12/29/2014,2/20/2015,03-Jun-15,03-Jun-15,05-Jun-15,HRDT,HIV test - Ancillary,"Orgenics, Ltd","Chase Buffer, Determine, 100 Tests, 2.5ml x 1 Vial","Chase Buffer, Determine, 100 Tests, 2.5ml x 1 Vial",Determine,,Test kit - Ancillary,1,100,500.00,5,5,"Alere Medical Co., Ltd.",TRUE,Weight Captured Separately,null,0.59
"38,611",901-NA-T30,FPQ-14689,SCMS-253440,ASN-29095,Namibia,PMO - US,Direct Drop,EXW,Air,7/30/2014,8/29/2014,19-Nov-14,19-Nov-14,19-Nov-14,ARV,Adult,HETERO LABS LIMITED,"Lamivudine/Nevirapine/Zidovudine 150/200/300mg, tablets, 60 Tabs",Lamivudine/Nevirapine/Zidovudine,Generic,150/300/200mg,Tablet - FDC,60,"33,696",279339.84,8.29,0.14,"Hetero, Jadcherla, unit 5, IN",TRUE,4262,"$27,262.44 ",287.16
"39,489",105-GY-T30,FPQ-14694,SCMS-252360,ASN-28009,Guyana,PMO - US,Direct Drop,EXW,Air,7/28/2014,8/13/2014,17-Sep-14,17-Sep-14,10-Nov-14,HRDT,HIV test,"Trinity Biotech, Plc","HIV 1/2, Uni-Gold HIV Kit, 20 Tests","HIV 1/2, Uni-Gold HIV Kit",Uni-Gold,,Test kit,20,"2,653",84896.00,32,1.6,"Trinity Biotech, Plc",TRUE,Weight Captured Separately,null,87.27
"38,619",106-HT-T30,FPQ-14895,SCMS-261120,ASN-30809,Haiti,PMO - US,Direct Drop,EXW,Air,9/24/2014,11/14/2014,27-Mar-15,27-Mar-15,30-Mar-15,ARV,Adult,MYLAN LABORATORIES LTD (FORMERLY MATRIX LABORATORIES),"Lamivudine/Nevirapine/Zidovudine 150/200/300mg, tablets, 60 Tabs",Lamivudine/Nevirapine/Zidovudine,Generic,150/300/200mg,Tablet - FDC,60,"24,992",202435.20,8.1,0.13,Mylan (formerly Matrix) Nashik,TRUE,3458,"$19,839.26 ",208.1
"38,632",106-HT-T30,FPQ-14083,SCMS-240130,ASN-28761,Haiti,PMO - US,Direct Drop,EXW,Ocean,05-11-14,06-02-14,09-Jan-15,09-Jan-15,12-Jan-15,ARV,Adult,MICRO LABS LIMITED,"Lamivudine 150mg, tablets, 60 Tabs",Lamivudine,Generic,150mg,Tablet,60,960,1651.20,1.72,0.03,"Micro labs, Verna, Goa, India",TRUE,8385,"$12,336.45 ",1.7
"38,662",102-MW-T30,FPQ-9568,SCMS-144180,ASN-15302,Malawi,PMO - US,Direct Drop,EXW,Air,04-11-12,4/23/2012,04-Jul-12,04-Jul-12,04-Jul-12,HRDT,HIV test,"Orgenics, Ltd","HIV 1/2, Determine Complete HIV Kit, 100 Tests","HIV 1/2, Determine Complete HIV Kit",Determine,,Test kit,100,246,19680.00,80,0.8,"Alere Medical Co., Ltd.",TRUE,114,"$3,278.11 ",27.59
"38,759",161-ZA-T30,FPQ-7400,SCMS-104200,ASN-11475,South Africa,PMO - US,Direct Drop,DDP,Ocean,03-11-11,3/30/2011,24-Sep-11,24-Sep-11,24-Sep-11,ARV,Pediatric,GLAXOSMITHKLINE EXPORT LIMITED,"Abacavir 20mg/ml [Ziagen], oral solution, Bottle, 240 ml",Abacavir,Ziagen,20mg/ml,Oral solution,240,"20,000",185600.00,9.28,0.04,GSK Mississauga (Canada),TRUE,7683,"$7,073.56 ",306.24
"38,762",151-NG-T30,FPQ-7339,SCMS-104040,ASN-10453,Nigeria,PMO - US,Direct Drop,EXW,Air,03-09-11,3/25/2011,18-Apr-11,18-Apr-11,18-Apr-11,ARV,Pediatric,Aurobindo Pharma Limited,"Nevirapine 10mg/ml, oral suspension w/syringe, Bottle, 240 ml",Nevirapine,Generic,10mg/ml,Oral suspension,240,"4,000",7800.00,1.95,0.01,"Aurobindo Unit III, India",TRUE,1573,"$9,316.91 ",12.87
"38,793",113-ZW-T30,FPQ-7521,SCMS-108000,ASN-12242,Zimbabwe,PMO - US,Direct Drop,EXW,Air,04-07-11,05-05-11,19-Oct-11,19-Oct-11,19-Oct-11,HRDT,HIV test,"Orgenics, Ltd","HIV 1/2, Determine Complete HIV Kit, 100 Tests","HIV 1/2, Determine Complete HIV Kit",Determine,,Test kit,100,"2,856",228480.00,80,0.8,Inverness Japan,TRUE,1102,"$26,846.59 ",376.99
"38,796",111-MZ-T30,FPQ-10880,SCMS-164000,ASN-18369,Mozambique,PMO - US,Direct Drop,EXW,Air,10/18/2012,11-06-12,20-Mar-13,20-Mar-13,20-Mar-13,HRDT,HIV test,"Orgenics, Ltd","HIV 1/2, Determine Complete HIV Kit, 100 Tests","HIV 1/2, Determine Complete HIV Kit",Determine,,Test kit,100,"2,938",235040.00,80,0.8,"Alere Medical Co., Ltd.",TRUE,1329,"$13,394.09 ",290.74
"38,827",102-GY-T30,FPQ-5497,SCMS-71640,ASN-6866,Guyana,PMO - US,Direct Drop,EXW,Air,4/15/2010,4/26/2010,28-May-10,28-May-10,28-May-10,HRDT,HIV test,"CHEMBIO DIAGNOSTIC SYSTEMS, INC.","HIV 1/2, Stat-Pak HIV, Kit, 20 Tests","HIV 1/2, Stat-Pak HIV, Kit",Stat-Pak,,Test kit,20,5,135.00,27,1.35,Chembio Diagnostics Sys. Inc.,TRUE,1,$283.21 ,0.29
"38,831",106-HT-T30,FPQ-7438,SCMS-106610,ASN-10879,Haiti,PMO - US,Direct Drop,EXW,Air,3/29/2011,4/20/2011,06-Jun-11,06-Jun-11,06-Jun-11,HRDT,HIV test,"SHANGHAI KEHUA BIOENGINEERING CO.,LTD.  (KHB)","HIV 1/2, SKB Colloidal Gold, Diagnostic Kit, Antibody, 50 Tests","HIV 1/2, Colloidal Gold, Diagnostic Kit, Antibody",Colloidal Gold,,Test kit,1,260,5980.00,23,23,"KHB Test Kit Facility, Shanghai China",TRUE,197,"$2,708.04 ",9.87
"40,255",108-VN-T30,FPQ-13034,SCMS-210040,ASN-24697,Vietnam,PMO - US,Direct Drop,FCA,Air,10-04-13,10-10-13,07-Apr-14,07-Apr-14,08-May-14,ARV,Adult,ABBVIE LOGISTICS (FORMERLY ABBOTT LOGISTICS BV),"Ritonavir 100mg [Norvir], film coated tablets, 30 Tabs",Ritonavir,Norvir,100mg,Tablet,30,400,9304.00,23.26,0.78,ABBVIE Ludwigshafen Germany,TRUE,Weight Captured Separately,null,11.51
"38,913",133-NG-T30,FPQ-10765,SCMS-162440,ASN-17523,Nigeria,PMO - US,Direct Drop,EXW,Air,10-05-12,10/16/2012,09-Jan-13,09-Jan-13,09-Jan-13,HRDT,HIV test,"Orgenics, Ltd","HIV 1/2, Determine Complete HIV Kit, 100 Tests","HIV 1/2, Determine Complete HIV Kit",Determine,,Test kit,100,792,70488.00,89,0.89,"Alere Medical Co., Ltd.",TRUE,350,"$8,363.61 ",98.82
"40,365",106-HT-T30,FPQ-15038,SCMS-262840,ASN-31821,Haiti,PMO - US,Direct Drop,EXW,Ocean,10/22/2014,12/24/2014,03-Jul-15,03-Jul-15,13-Jul-15,ARV,Pediatric,MYLAN LABORATORIES LTD (FORMERLY MATRIX LABORATORIES),"Lamivudine/Zidovudine 30/60mg, tablets, 60 Tabs",Lamivudine/Zidovudine,Generic,30/60mg,Tablet - FDC,60,"6,000",11940.00,1.99,0.03,Mylan (formerly Matrix) Nashik,TRUE,Weight Captured Separately,null,12.27
"38,949",161-ZA-T30,FPQ-6262,SCMS-83880,ASN-10012,South Africa,PMO - US,Direct Drop,DDP,Air,8/31/2010,9/21/2010,07-Mar-11,07-Mar-11,07-Mar-11,ARV,Pediatric,ASPEN PHARMACARE,"Abacavir 20mg/ml [Ziagen], oral solution, Bottle, 240 ml",Abacavir,Ziagen,20mg/ml,Oral solution,240,"40,000",400800.00,10.02,0.04,GSK Mississauga (Canada),TRUE,Weight Captured Separately,"$11,770.87 ",864.12
"40,555",109-TZ-T30,FPQ-5174,SCMS-66910,ASN-6721,Tanzania,PMO - US,Direct Drop,FCA,Air,03-01-10,03-12-10,11-Jun-10,04-Jun-10,04-Jun-10,ARV,Adult,ABBVIE LOGISTICS (FORMERLY ABBOTT LOGISTICS BV),"Lopinavir/Ritonavir 200/50mg [Aluvia], tablets, 120 Tabs",Lopinavir/Ritonavir,Aluvia,200/50mg,Tablet,120,"2,855",103236.80,36.16,0.3,ABBVIE Ludwigshafen Germany,TRUE,Weight Captured Separately,null,222.58
"38,955",133-NG-T30,FPQ-16302,SCMS-287610,ASN-32234,Nigeria,PMO - US,Direct Drop,EXW,Air,05-04-15,05-12-15,12-Jun-15,12-Jun-15,12-Jun-15,HRDT,HIV test,"Trinity Biotech, Plc","HIV 1/2, Uni-Gold HIV Kit, 20 Tests","HIV 1/2, Uni-Gold HIV Kit",Uni-Gold,,Test kit,20,"12,485",399520.00,32,1.6,"Trinity Biotech, Plc",TRUE,3655,"$25,636.67 ",470.24
"40,935",108-VN-T30,FPQ-15692,SCMS-274350,ASN-32776,Vietnam,PMO - US,Direct Drop,EXW,Air,1/28/2015,2/17/2015,27-Jul-15,27-Jul-15,27-Jul-15,ARV,Adult,MYLAN LABORATORIES LTD (FORMERLY MATRIX LABORATORIES),"Lamivudine/Zidovudine 150/300mg, tablets, 60 Tabs",Lamivudine/Zidovudine,Generic,150/300mg,Tablet - FDC,60,"13,000",84370.00,6.49,0.11,Mylan (formerly Matrix) Nashik,TRUE,Weight Captured Separately,null,99.3
"39,014",133-NG-T30,FPQ-7088,SCMS-100510,ASN-10729,Nigeria,PMO - US,Direct Drop,EXW,Air,02-04-11,03-02-11,25-May-11,25-May-11,25-May-11,HRDT,HIV test,"CHEMBIO DIAGNOSTIC SYSTEMS, INC.","HIV 1/2, Stat-Pak HIV, Kit, 20 Tests","HIV 1/2, Stat-Pak HIV, Kit",Stat-Pak,,Test kit,20,"1,052",30508.00,29,1.45,Chembio Diagnostics Sys. Inc.,TRUE,334,"$2,335.90 ",50.34
"41,298",111-MZ-T30,FPQ-15276,SCMS-263010,ASN-31456,Mozambique,PMO - US,Direct Drop,FCA,Air,10/28/2014,11-07-14,06-May-15,06-May-15,11-Jun-15,ARV,Adult,ABBVIE LOGISTICS (FORMERLY ABBOTT LOGISTICS BV),"Ritonavir 100mg [Norvir], film coated tablets, 60 Tabs",Ritonavir,Norvir,100mg,Tablet,60,120,822.00,6.85,0.11,ABBVIE Ludwigshafen Germany,TRUE,Weight Captured Separately,null,0.97
"39,025",104-CI-T30,FPQ-4698,SCMS-64941,ASN-9384,Côte d'Ivoire,PMO - US,Direct Drop,CIP,Air,12/28/2009,02-12-10,28-Jan-11,28-Jan-11,28-Jan-11,ARV,Adult,MERCK SHARP & DOHME IDEA GMBH (FORMALLY MERCK SHARP & DOHME B.V.),"Indinavir 400mg [Crixivan], capsules, 180 Caps",Indinavir,Crixivan,400mg,Capsule,180,"1,015",50750.00,50,0.28,"MSD, Haarlem, NL",TRUE,257,"$1,167.97 ",109.42
"39,029",161-ZA-T30,FPQ-6262,SCMS-83770,ASN-10574,South Africa,PMO - US,Direct Drop,DDP,Ocean,8/31/2010,9/24/2010,26-Apr-11,08-Jun-11,08-Jun-11,ARV,Adult,Aurobindo Pharma Limited,"Efavirenz 600mg, tablets, 30 Tabs",Efavirenz,Generic,600mg,Tablet,30,"20,060",90871.80,4.53,0.15,"Aurobindo Unit III, India",TRUE,1726,"$35,753.93 ",195.92
"39,045",161-ZA-T30,FPQ-6262,SCMS-83790,ASN-9176,South Africa,PMO - US,Direct Drop,DDP,Ocean,8/31/2010,9/24/2010,01-Feb-11,01-Feb-11,01-Feb-11,ARV,Pediatric,Aurobindo Pharma Limited,"Efavirenz 200mg, capsule, 90 Caps",Efavirenz,Generic,200mg,Capsule,90,"19,271",192324.58,9.98,0.11,"Aurobindo Unit III, India",TRUE,2555,"$2,347.77 ",414.65
"39,053",102-SS-T30,FPQ-9038,SCMS-137190,ASN-14092,South Sudan,PMO - US,Direct Drop,EXW,Air,1/17/2012,2/15/2012,18-Apr-12,18-Apr-12,18-Apr-12,HRDT,HIV test - Ancillary,"Orgenics, Ltd","Capillary Tubes, for Determine, EDTA, 50uL,100 Pcs","HIV, Capillary Tubes, for Determine, EDTA, 50uL,100 Pcs",Determine,,Test kit - Ancillary,100,339,2712.00,8,0.08,"Alere Medical Co., Ltd.",TRUE,175,"$4,803.06 ",3.8
"41,943",108-VN-T30,FPQ-15692,SCMS-274370,ASN-32262,Vietnam,PMO - US,Direct Drop,EXW,Air,1/28/2015,2/17/2015,13-Jul-15,13-Jul-15,14-Jul-15,ARV,Adult,HETERO LABS LIMITED,"Efavirenz/Lamivudine/Tenofovir Disoproxil Fumarate 600/300/300mg, tablets, 30 Tabs",Efavirenz/Lamivudine/Tenofovir Disoproxil Fumarate,Generic,600/300/300mg,Tablet - FDC,30,"9,600",96000.00,10,0.33,Hetero Unit III Hyderabad IN,TRUE,Weight Captured Separately,null,112.99
"39,075",117-ET-T30,FPQ-9209,SCMS-134720,ASN-14235,Ethiopia,PMO - US,Direct Drop,EXW,Air,1/18/2012,1/23/2012,27-Mar-12,27-Mar-12,27-Mar-12,HRDT,HIV test,"CHEMBIO DIAGNOSTIC SYSTEMS, INC.","HIV 1/2, Stat-Pak HIV, Kit, 20 Tests","HIV 1/2, Stat-Pak HIV, Kit",Stat-Pak,,Test kit,20,135,3915.00,29,1.45,Chembio Diagnostics Sys. Inc.,TRUE,47,$379.65 ,5.49
"39,088",151-NG-T30,FPQ-12803,SCMS-206330,ASN-23373,Nigeria,PMO - US,Direct Drop,FCA,Air,8/13/2013,9/17/2013,30-Dec-13,30-Dec-13,30-Dec-13,ARV,Pediatric,ABBVIE LOGISTICS (FORMERLY ABBOTT LOGISTICS BV),"Lopinavir/Ritonavir 100/25mg [Aluvia], tablets, 60 Tabs",Lopinavir/Ritonavir,Generic,100/25mg,Tablet,60,"5,513",32747.22,5.94,0.1,ABBVIE Ludwigshafen Germany,TRUE,640,"$6,185.25 ",40.51
"41,992",133-NG-T30,FPQ-15504,SCMS-270771,ASN-32757,Nigeria,PMO - US,Direct Drop,EXW,Air,12-08-14,3/13/2015,30-Jun-15,06-Jul-15,08-Jul-15,HRDT,HIV test,"Orgenics, Ltd","HIV 1/2, Determine Complete HIV Kit, 100 Tests","HIV 1/2, Determine Complete HIV Kit",Determine,,Test kit,100,"4,697",418033.00,89,0.89,"Alere Medical Co., Ltd.",TRUE,Weight Captured Separately,null,492.02
"39,133",109-TZ-T30,FPQ-11919,SCMS-205480,ASN-22109,Tanzania,PMO - US,Direct Drop,EXW,Air,3/25/2013,09-11-13,02-Dec-13,02-Dec-13,02-Dec-13,HRDT,HIV test,"Orgenics, Ltd","HIV 1/2, Determine Complete HIV Kit, 100 Tests","HIV 1/2, Determine Complete HIV Kit",Determine,,Test kit,100,3,240.00,80,0.8,"Alere Medical Co., Ltd.",TRUE,2,$925.04 ,0.3
"42,073",A01-BF-T50,FPQ-15908,SCMS-285180,ASN-32998,Burkina Faso,PMO - US,Direct Drop,EXW,Air,2/19/2015,4/22/2015,11-Jul-15,11-Jul-15,20-Jul-15,ARV,Adult,HETERO LABS LIMITED,"Lamivudine 300mg, tablets, 30 Tabs",Lamivudine,Generic,300mg,Tablet,30,140,280.00,2,0.07,Hetero Unit III Hyderabad IN,TRUE,Weight Captured Separately,null,0.33
"39,182",161-ZA-T30,FPQ-7175,SCMS-103440,ASN-11439,South Africa,PMO - US,Direct Drop,DDP,Ocean,03-10-11,3/24/2011,04-Oct-11,04-Oct-11,04-Oct-11,ARV,Adult,Aurobindo Pharma Limited,"Efavirenz 600mg, tablets, 30 Tabs",Efavirenz,Generic,600mg,Tablet,30,"191,011",861459.61,4.51,0.15,"Aurobindo Unit III, India",TRUE,16234,"$14,439.17 ","1,421.41"
"39,184",104-CI-T30,FPQ-7325,SCMS-106600,ASN-11740,Côte d'Ivoire,PMO - US,Direct Drop,EXW,Air,03-09-11,05-05-11,08-Sep-11,08-Sep-11,08-Sep-11,HRDT,HIV test,"Orgenics, Ltd","HIV 1/2, Determine Complete HIV Kit, 100 Tests","HIV 1/2, Determine Complete HIV Kit",Determine,,Test kit,100,"2,821",225680.00,80,0.8,Inverness Japan,TRUE,1346,"$34,282.33 ",372.37
"39,208",107-RW-T30,FPQ-3859,SCMS-49100,ASN-6888,Rwanda,PMO - US,Direct Drop,CIP,Air,6/30/2009,7/15/2009,29-May-10,29-May-10,29-May-10,ARV,Adult,EMCURE PHARMACEUTICALS LTD,"Efavirenz 600mg, tablets, 30 Tabs",Efavirenz,Generic,600mg,Tablet,30,31,185.69,5.99,0.2,"Emcure Plot No.P-2, I.T-B.T. Park, Phase II, MIDC, Hinjwadi, Pune, India",TRUE,4,$889.55 ,0.36
"39,223",103-KE-T30,FPQ-10018,SCMS-149610,ASN-15669,Kenya,PMO - US,Direct Drop,EXW,Air,06-05-12,6/14/2012,09-Jul-12,28-Jul-12,28-Jul-12,HRDT,HIV test,"Orgenics, Ltd","HIV 1/2, Determine Complete HIV Kit, 100 Tests","HIV 1/2, Determine Complete HIV Kit",Determine,,Test kit,100,"4,440",395160.00,89,0.89,"Alere Medical Co., Ltd.",TRUE,1445,"$10,719.64 ",554.01
"42,190",108-VN-T30,FPQ-16194,SCMS-285490,ASN-33143,Vietnam,PMO - US,Direct Drop,EXW,Air,4/14/2015,5/13/2015,07-Sep-15,07-Sep-15,07-Sep-15,ARV,Adult,HETERO LABS LIMITED,"Lamivudine 150mg, tablets, 60 Tabs",Lamivudine,Generic,150mg,Tablet,60,"5,300",9540.00,1.8,0.03,Hetero Unit III Hyderabad IN,TRUE,Weight Captured Separately,null,11.23
"39,263",108-VN-T30,FPQ-6384,SCMS-87780,ASN-9408,Vietnam,PMO - US,Direct Drop,EXW,Air,9/30/2010,10/18/2010,16-Feb-11,16-Feb-11,16-Feb-11,ARV,Adult,HETERO LABS LIMITED,"Nevirapine 200mg, tablets, 60 Tabs",Nevirapine,Generic,200mg,Tablet,60,"9,023",21925.89,2.43,0.04,Hetero Unit III Hyderabad IN,TRUE,5359,"$18,473.57 ",47.27
"39,291",114-UG-T30,FPQ-14407,SCMS-244440,ASN-27804,Uganda,PMO - US,Direct Drop,FCA,Air,06-11-14,6/23/2014,23-Sep-14,23-Sep-14,23-Sep-14,ARV,Pediatric,ABBVIE LOGISTICS (FORMERLY ABBOTT LOGISTICS BV),"Lopinavir/Ritonavir 80/20mg/ml [Kaletra], oral solution, cool, Bottle 5 x 60 ml",Lopinavir/Ritonavir,Kaletra,80/20mg/ml,Oral solution,300,75,2311.50,30.82,0.1,ABBVIE (Abbott) Logis. UK,TRUE,120,"$1,487.76 ",2.38
"39,343",161-ZA-T30,FPQ-7175,SCMS-104090,ASN-12990,South Africa,PMO - US,Direct Drop,DDP,Ocean,03-10-11,3/28/2011,31-Jan-12,31-Jan-12,31-Jan-12,ARV,Adult,CIPLA LIMITED,"Nevirapine 200mg, tablets, 60 Tabs",Nevirapine,Generic,200mg,Tablet,60,"82,075",223244.00,2.72,0.05,"Cipla, Goa, India",TRUE,8969,"$7,175.27 ",368.35
"39,353",161-ZA-T30,FPQ-6262,SCMS-84220,ASN-9172,South Africa,PMO - US,Direct Drop,DDP,Ocean,8/31/2010,9/28/2010,09-Feb-11,09-Feb-11,09-Feb-11,ARV,Adult,CIPLA LIMITED,"Tenofovir Disoproxil Fumarate 300mg, tablets, 30 Tabs",Tenofovir Disoproxil Fumarate,Generic,300mg,Tablet,30,"116,000",815480.00,7.03,0.23,"Cipla, Goa, India",TRUE,7965,"$13,688.03 ","1,758.17"
"39,391",108-VN-T30,FPQ-15692,SCMS-274390,ASN-32267,Vietnam,PMO - US,Direct Drop,EXW,Air,1/28/2015,2/17/2015,10-Jul-15,07-Jul-15,07-Jul-15,ARV,Adult,HETERO LABS LIMITED,"Efavirenz/Lamivudine/Tenofovir Disoproxil Fumarate 600/300/300mg, tablets, 30 Tabs",Efavirenz/Lamivudine/Tenofovir Disoproxil Fumarate,Generic,600/300/300mg,Tablet - FDC,30,"17,760",177600.00,10,0.33,Hetero Unit III Hyderabad IN,TRUE,2523,"$4,784.19 ",209.04
"39,393",127-KE-T30,FPQ-8155,SCMS-119190,ASN-12468,Kenya,PMO - US,Direct Drop,EXW,Air,08-05-11,8/28/2011,04-Nov-11,04-Nov-11,04-Nov-11,HRDT,HIV test,"Orgenics, Ltd","HIV 1/2, Determine Complete HIV Kit, 100 Tests","HIV 1/2, Determine Complete HIV Kit",Determine,,Test kit,100,"6,105",543345.00,89,0.89,"Alere Medical Co., Ltd.",TRUE,1051,"$11,208.38 ",896.52
"39,427",104-CI-T30,FPQ-4698,SCMS-64940,ASN-8199,Côte d'Ivoire,PMO - US,Direct Drop,CIP,Air,12/28/2009,02-12-10,21-Sep-10,21-Sep-10,21-Sep-10,ARV,Adult,MERCK SHARP & DOHME IDEA GMBH (FORMALLY MERCK SHARP & DOHME B.V.),"Indinavir 400mg [Crixivan], capsules, 180 Caps",Indinavir,Crixivan,400mg,Capsule,180,"1,000",50000.00,50,0.28,"MSD, Haarlem, NL",TRUE,254,$881.33 ,107.8
"39,441",110-ZM-T30,FPQ-9074,SCMS-134320,ASN-15274,Zambia,PMO - US,Direct Drop,EXW,Air,12/22/2011,1/27/2012,26-Jun-12,26-Jun-12,26-Jun-12,ARV,Pediatric,CIPLA LIMITED,"Lamivudine/Nevirapine/Stavudine 60/100/12mg, dispersible tablets, 60 Tabs",Lamivudine/Nevirapine/Stavudine,Generic,60/100/12mg,Chewable/dispersible tablet - FDC,60,"70,000",301000.00,4.3,0.07,"Cipla, Goa, India",TRUE,5999,"$25,383.34 ",422
"42,778",105-SS-T30,FPQ-15569,SCMS-272160,ASN-31335,South Sudan,PMO - US,Direct Drop,EXW,Air,12/29/2014,2/20/2015,03-Jun-15,03-Jun-15,05-Jun-15,HRDT,HIV test - Ancillary,"Orgenics, Ltd","Chase Buffer, Determine, 100 Tests, 2.5ml x 1 Vial","Chase Buffer, Determine, 100 Tests, 2.5ml x 1 Vial",Determine,,Test kit - Ancillary,1,15,75.00,5,5,"Alere Medical Co., Ltd.",TRUE,Weight Captured Separately,null,0.09
"44,121",102-SZ-T30,FPQ-12624,SCMS-200930,ASN-21890,Swaziland,PMO - US,Direct Drop,EXW,Air,7/18/2013,09-04-13,30-Nov-13,30-Nov-13,27-Mar-14,HRDT,HIV test,"Trinity Biotech, Plc","HIV 1/2, Uni-Gold HIV Kit, 20 Tests","HIV 1/2, Uni-Gold HIV Kit",Uni-Gold,,Test kit,20,200,6400.00,32,1.6,"Trinity Biotech, Plc",TRUE,Weight Captured Separately,null,7.92
"44,615",108-VN-T30,FPQ-16194,SCMS-285500,ASN-33266,Vietnam,PMO - US,Direct Drop,EXW,Air,4/14/2015,5/13/2015,03-Sep-15,03-Sep-15,03-Sep-15,ARV,Adult,HETERO LABS LIMITED,"Lamivudine 150mg, tablets, 60 Tabs",Lamivudine,Generic,150mg,Tablet,60,"5,700",10260.00,1.8,0.03,Hetero Unit III Hyderabad IN,TRUE,Weight Captured Separately,null,12.08
"44,724",108-VN-T30,FPQ-16194,SCMS-285460,ASN-33291,Vietnam,PMO - US,Direct Drop,EXW,Air,4/14/2015,05-11-15,01-Sep-15,01-Sep-15,01-Sep-15,ARV,Adult,Aurobindo Pharma Limited,"Efavirenz 600mg, tablets, 30 Tabs",Efavirenz,Generic,600mg,Tablet,30,"3,000",9900.00,3.3,0.11,"Aurobindo Unit III, India",TRUE,Weight Captured Separately,null,11.65
"39,547",104-CI-T30,FPQ-5209,SCMS-75380,ASN-7632,Côte d'Ivoire,PMO - US,Direct Drop,EXW,Air,2/25/2010,06-07-10,03-Aug-10,03-Aug-10,03-Aug-10,HRDT,HIV test,"Orgenics, Ltd","HIV 1/2, Determine HIV Kit, without Lancets, 100 Tests","HIV 1/2, Determine HIV Kit, without Lancets",Determine,,Test kit,100,"3,000",233100.00,77.7,0.78,Inverness Japan,TRUE,679,"$11,163.49 ",502.56
"39,556",153-NA-T30,FPQ-8072,SCMS-117200,ASN-12163,Namibia,PMO - US,Direct Drop,EXW,Air,7/22/2011,08-03-11,05-Oct-11,05-Oct-11,05-Oct-11,HRDT,HIV test,"Trinity Biotech, Plc","HIV 1/2, Uni-Gold HIV Kit, 20 Tests","HIV 1/2, Uni-Gold HIV Kit",Uni-Gold,,Test kit,20,750,24000.00,32,1.6,"Trinity Biotech, Plc",TRUE,248,"$6,654.24 ",39.6
"44,860",108-VN-T30,FPQ-16194,SCMS-285490,ASN-33146,Vietnam,PMO - US,Direct Drop,EXW,Air,4/14/2015,5/13/2015,07-Sep-15,07-Sep-15,07-Sep-15,ARV,Adult,HETERO LABS LIMITED,"Efavirenz/Lamivudine/Tenofovir Disoproxil Fumarate 600/300/300mg, tablets, 30 Tabs",Efavirenz/Lamivudine/Tenofovir Disoproxil Fumarate,Generic,600/300/300mg,Tablet - FDC,30,"2,196",20862.00,9.5,0.32,Hetero Unit III Hyderabad IN,TRUE,Weight Captured Separately,null,24.55
"39,589",106-HT-T30,FPQ-13797,SCMS-233970,ASN-27795,Haiti,PMO - US,Direct Drop,EXW,Air,3/20/2014,4/30/2014,14-Oct-14,14-Oct-14,20-Oct-14,ARV,Adult,CIPLA LIMITED,"Lamivudine/Tenofovir Disoproxil Fumarate 300/300mg, tablets, 30 Tabs",Lamivudine/Tenofovir Disoproxil Fumarate,Generic,300/300mg,Tablet - FDC,30,"8,806",40419.54,4.59,0.15,"Cipla, Kurkumbh, India",TRUE,979,"$6,161.47 ",41.55
"39,606",111-MZ-T30,FPQ-4739,SCMS-62690,ASN-5953,Mozambique,PMO - US,Direct Drop,EXW,Air,12-10-09,01-08-10,23-Feb-10,23-Feb-10,23-Feb-10,HRDT,HIV test,"Trinity Biotech, Plc","HIV 1/2, Uni-Gold HIV Kit, 20 Tests","HIV 1/2, Uni-Gold HIV Kit",Uni-Gold,,Test kit,20,"2,360",75520.00,32,1.6,"Trinity Biotech, Plc",TRUE,1636,"$21,087.70 ",162.82
"39,615",103-ML-T30,FPQ-15006,SCMS-260770,ASN-31163,Mali,PMO - US,Direct Drop,EXW,Air,10-07-14,11/19/2014,13-May-15,13-May-15,13-May-15,HRDT,HIV test,"Orgenics, Ltd","HIV 1/2, ImmunoComb TriSpot Ag - Ab Kit, 36 Tests","HIV 1/2, ImmunoComb TriSpot Ag - Ab Kit",ImmunoComb,,Test kit,36,65,8125.00,125,3.47,"Alere Medical Co., Ltd.",TRUE,24,"$1,059.59 ",8.35
"39,631",105-GH-T30,FPQ-13809,SCMS-234030,ASN-26373,Ghana,PMO - US,Direct Drop,EXW,Air,03-07-14,05-09-14,12-Jun-14,12-Jun-14,12-Jun-14,ARV,Pediatric,Aurobindo Pharma Limited,"Lamivudine 10mg/ml, oral solution, Bottle, 240 ml",Lamivudine,Generic,10mg/ml,Oral solution,240,"6,047",8647.21,1.43,0.01,"Aurobindo Unit III, India",TRUE,2323,"$7,326.63 ",8.89
"39,647",108-VN-T30,FPQ-7565,SCMS-107610,ASN-11722,Vietnam,PMO - US,Direct Drop,EXW,Air,4/21/2011,05-04-11,05-Sep-11,05-Sep-11,05-Sep-11,ARV,Adult,Aurobindo Pharma Limited,"Lamivudine/Nevirapine/Zidovudine 150/200/300mg, tablets, 60 Tabs",Lamivudine/Nevirapine/Zidovudine,Generic,150/300/200mg,Tablet - FDC,60,"20,000",219000.00,10.95,0.18,"Aurobindo Unit III, India",TRUE,2675,"$9,656.19 ",361.35
"45,147",114-UG-T30,FPQ-15303,SCMS-264980,ASN-33165,Uganda,PMO - US,Direct Drop,EXW,Air,11-11-14,11/25/2014,27-Jul-15,27-Jul-15,28-Jul-15,ARV,Adult,EMCURE PHARMACEUTICALS LTD,"Atazanavir/Ritonavir 300/100mg, tablets, 30 Tabs",Atazanavir/Ritonavir,Generic,300/100mg,Tablet,30,"6,907",124326.00,18,0.6,"Emcure Plot No.P-2, I.T-B.T. Park, Phase II, MIDC, Hinjwadi, Pune, India",TRUE,Weight Captured Separately,null,146.33
"39,659",102-BI-T30,FPQ-10907,SCMS-167290,ASN-17563,Burundi,PMO - US,Direct Drop,EXW,Air,11-07-12,11/21/2012,04-Jan-13,04-Jan-13,04-Jan-13,HRDT,HIV test,"Orgenics, Ltd","HIV 1/2, Determine Complete HIV Kit, 100 Tests","HIV 1/2, Determine Complete HIV Kit",Determine,,Test kit,100,"1,472",117760.00,80,0.8,"Alere Medical Co., Ltd.",TRUE,638,"$16,189.94 ",145.67
"39,661",107-RW-T30,FPQ-14705,SCMS-253160,ASN-27917,Rwanda,PMO - US,Direct Drop,EXW,Ocean,08-04-14,8/19/2014,12-Nov-14,12-Nov-14,24-Nov-14,ARV,Adult,Aurobindo Pharma Limited,"Lamivudine/Tenofovir Disoproxil Fumarate 300/300mg, tablets, 30 Tabs",Lamivudine/Tenofovir Disoproxil Fumarate,Generic,300/300mg,Tablet - FDC,30,"104,000",483600.00,4.65,0.16,"Aurobindo Unit VII, IN",TRUE,9684,"$7,898.15 ",497.14
"39,708",104-CI-T30,FPQ-3967,SCMS-52650,ASN-5060,Côte d'Ivoire,PMO - US,Direct Drop,FCA,Air,8/21/2009,09-11-09,23-Oct-09,23-Oct-09,23-Oct-09,ARV,Adult,ABBVIE LOGISTICS (FORMERLY ABBOTT LOGISTICS BV),"Ritonavir 100mg [Norvir], capsules, cool, 4 x 84 Caps",Ritonavir,Norvir,100mg,Capsule,336,300,11508.00,38.36,0.11,ABBVIE (Abbott) Logis. UK,TRUE,546,"$4,901.51 ",22.56
"39,724",161-ZA-T30,FPQ-6262,SCMS-83790,ASN-9195,South Africa,PMO - US,Direct Drop,DDP,Ocean,8/31/2010,9/24/2010,31-Dec-10,01-Feb-11,01-Feb-11,ARV,Pediatric,Aurobindo Pharma Limited,"Efavirenz 50mg, capsule, 30 Caps",Efavirenz,Generic,50mg,Capsule,30,"32,080",76671.20,2.39,0.08,"Aurobindo Unit III, India",TRUE,2666,"$21,695.97 ",165.3
"39,769",102-SD-T30,FPQ-8264,SCMS-121852,ASN-13538,Sudan,PMO - US,Direct Drop,EXW,Air,09-07-11,9/14/2011,20-Feb-12,20-Feb-12,20-Feb-12,HRDT,HIV test - Ancillary,"Orgenics, Ltd","Capillary Tubes, for Determine, EDTA, 50uL,100 Pcs","HIV, Capillary Tubes, for Determine, EDTA, 50uL,100 Pcs",Determine,,Test kit - Ancillary,100,2,16.00,8,0.08,"Alere Medical Co., Ltd.",TRUE,2,$980.70 ,0.03
"39,794",113-ZW-T30,FPQ-13032,SCMS-210170,ASN-22818,Zimbabwe,PMO - US,Direct Drop,EXW,Air,9/24/2013,10/18/2013,09-Dec-13,09-Dec-13,10-Dec-13,HRDT,HIV test - Ancillary,"Orgenics, Ltd","Chase Buffer, Determine, 100 Tests, 2.5ml x 1 Vial","Chase Buffer, Determine, 100 Tests, 2.5ml x 1 Vial",Determine,,Test kit - Ancillary,1,"2,000",10000.00,5,5,"Alere Medical Co., Ltd.",TRUE,864,"$14,314.83 ",12.37
"39,799",114-UG-T30,FPQ-12477,SCMS-198710,ASN-21405,Uganda,PMO - US,Direct Drop,EXW,Air,07-08-13,7/31/2013,29-Aug-13,29-Aug-13,29-Aug-13,ARV,Adult,MYLAN LABORATORIES LTD (FORMERLY MATRIX LABORATORIES),"Lamivudine/Nevirapine/Zidovudine 150/200/300mg, tablets, 60 Tabs",Lamivudine/Nevirapine/Zidovudine,Generic,150/300/200mg,Tablet - FDC,60,"50,000",405000.00,8.1,0.13,Mylan (formerly Matrix) Nashik,TRUE,6918,"$22,886.81 ",500.98
"46,114",A02-SL-T50,FPQ-16015,SCMS-285340,ASN-31819,Sierra Leone,PMO - US,Direct Drop,EXW,Air,04-03-15,4/20/2015,06-May-15,06-May-15,21-May-15,HRDT,HIV test,"Standard Diagnostics, Inc.","HIV 1/2, Bioline 3.0 Kit, Lancets, Capillary pipets, Alcohol swabs included, 25 Tests","HIV 1/2, Bioline 3.0 Kit, Lancets, Capillary pipets, Alcohol swabs included",Bioline,,Test kit,25,"1,500",30750.00,20.5,0.82,"Standard Diagnostics, Korea",TRUE,Weight Captured Separately,null,36.19
"46,310",A02-SL-T50,FPQ-16015,SCMS-285380,ASN-31929,Sierra Leone,PMO - US,Direct Drop,EXW,Air,04-03-15,4/20/2015,20-May-15,20-May-15,19-Jun-15,HRDT,HIV test,"Trinity Biotech, Plc","HIV 1/2, Uni-Gold HIV Kit, 20 Tests","HIV 1/2, Uni-Gold HIV Kit",Uni-Gold,,Test kit,20,400,12800.00,32,1.6,"Trinity Biotech, Plc",TRUE,Weight Captured Separately,null,15.07
"47,411",114-UG-T30,FPQ-12777,SCMS-202561,ASN-22987,Uganda,PMO - US,Direct Drop,EXW,Air,08-05-13,10/28/2013,12-Dec-13,12-Dec-13,13-Dec-13,ARV,Pediatric,Aurobindo Pharma Limited,"Nevirapine 10mg/ml, oral suspension w/syringe, Bottle, 100 ml",Nevirapine,Generic,10mg/ml,Oral suspension,100,700,910.00,1.3,0.01,"Aurobindo Unit III, India",TRUE,Weight Captured Separately,null,1.13
"39,850",101-CD-T30,FPQ-11081,SCMS-169010,ASN-17635,"Congo, DRC",PMO - US,Direct Drop,EXW,Air,11/26/2012,12-07-12,30-Apr-13,30-Apr-13,30-Apr-13,ANTM,Malaria,ACTION MEDEOR E.V.,"Sulfadoxine/Pyrimethamine 500/25mg, tablets, 1000 Tabs",Sulfadoxine/Pyrimethamine,Generic,500/25mg,Tablet - FDC,"1,000",415,10026.40,24.16,0.02,"Micro Labs, Hosur, India",TRUE,329,"$1,731.89 ",12.4
"39,873",108-VN-T30,FPQ-13524,SCMS-226231,ASN-27131,Vietnam,PMO - US,Direct Drop,FCA,Air,02-06-14,5/27/2014,16-Aug-14,16-Aug-14,25-Aug-14,ARV,Adult,ABBVIE LOGISTICS (FORMERLY ABBOTT LOGISTICS BV),"Lopinavir/Ritonavir 200/50mg [Aluvia], tablets, 120 Tabs",Lopinavir/Ritonavir,Aluvia,200/50mg,Tablet,120,"5,200",316264.00,60.82,0.51,ABBVIE Ludwigshafen Germany,TRUE,1272,"$3,824.06 ",325.12
"39,895",107-RW-T30,FPQ-15065,SCMS-263330,ASN-30481,Rwanda,PMO - US,Direct Drop,EXW,Air,10/15/2014,12/18/2014,18-Feb-15,18-Feb-15,19-Feb-15,HRDT,HIV test,"SHANGHAI KEHUA BIOENGINEERING CO.,LTD.  (KHB)","HIV 1/2, SKB Colloidal Gold, Diagnostic Kit, Antibody, 50 Tests","HIV 1/2, Colloidal Gold, Diagnostic Kit, Antibody",Colloidal Gold,,Test kit,1,"4,014",98343.00,24.5,24.5,"KHB Test Kit Facility, Shanghai China",TRUE,2676,"$35,281.73 ",101.1
"39,920",107-RW-T30,FPQ-6413,SCMS-87190,ASN-9870,Rwanda,PMO - US,Direct Drop,EXW,Air,9/21/2010,10-06-10,14-Apr-11,14-Apr-11,14-Apr-11,HRDT,HIV test,"Standard Diagnostics, Inc.","HIV 1/2, Bioline 3.0 Kit, (no accessories), 30 Tests","HIV 1/2, Bioline 3.0 Kit (no accessories)",Bioline,,Test kit,30,"1,600",38400.00,24,0.8,"Standard Diagnostics, Korea",TRUE,571,"$5,161.55 ",82.79
"39,933",108-VN-T30,FPQ-15040,SCMS-263630,ASN-31646,Vietnam,PMO - US,Direct Drop,EXW,Air,10/30/2014,12-08-14,01-Jun-15,01-Jun-15,01-Jun-15,ARV,Adult,MYLAN LABORATORIES LTD (FORMERLY MATRIX LABORATORIES),"Lamivudine/Zidovudine 150/300mg, tablets, 60 Tabs",Lamivudine/Zidovudine,Generic,150/300mg,Tablet - FDC,60,"16,800",109032.00,6.49,0.11,Mylan (formerly Matrix) Nashik,TRUE,1456,"$2,984 ",112.08
"39,966",119-NA-T30,FPQ-4398,SCMS-54910,ASN-5952,Namibia,PMO - US,Direct Drop,EXW,Air,10-07-09,10/13/2009,12-Feb-10,12-Feb-10,12-Feb-10,HRDT,HIV test,"Trinity Biotech, Plc","HIV 1/2, Uni-Gold HIV Kit, 20 Tests","HIV 1/2, Uni-Gold HIV Kit",Uni-Gold,,Test kit,20,"1,400",44800.00,32,1.6,"Trinity Biotech, Plc",TRUE,500,"$5,061.46 ",96.59
"39,967",104-CI-T30,FPQ-12714,SCMS-205000,ASN-21883,Côte d'Ivoire,PMO - US,Direct Drop,EXW,Air,7/30/2013,09-02-13,07-Oct-13,07-Oct-13,08-Oct-13,ARV,Pediatric,Aurobindo Pharma Limited,"Zidovudine 100mg, capsules, 100 Caps",Zidovudine,Generic,100mg,Capsule,100,670,3015.00,4.5,0.04,"Aurobindo Unit III, India",TRUE,76,"$1,921.02 ",3.73
"39,971",108-VN-T30,FPQ-10286,SCMS-155700,ASN-17019,Vietnam,PMO - US,Direct Drop,FCA,Air,7/25/2012,8/14/2012,11-Dec-12,11-Dec-12,11-Dec-12,ARV,Pediatric,ABBVIE LOGISTICS (FORMERLY ABBOTT LOGISTICS BV),"Lopinavir/Ritonavir 100/25mg [Aluvia], tablets, 60 Tabs",Lopinavir/Ritonavir,Generic,100/25mg,Tablet,60,104,1581.84,15.21,0.25,ABBVIE Ludwigshafen Germany,TRUE,18,$612.07 ,2.22
"40,033",114-UG-T30,FPQ-15303,SCMS-264940,ASN-31156,Uganda,PMO - US,Direct Drop,EXW,Air,11-11-14,11/25/2014,08-Apr-15,08-Apr-15,08-Apr-15,ARV,Pediatric,Aurobindo Pharma Limited,"Lopinavir/Ritonavir 100/25mg, tablets, 60 Tabs",Lopinavir/Ritonavir,Generic,100/25mg,Tablet,60,"4,250",34170.00,8.04,0.13,"Aurobindo Unit III, India",TRUE,424,"$1,488.99 ",40.22
"47,587",105-GY-T30,FPQ-14694,SCMS-252350,ASN-28008,Guyana,PMO - US,Direct Drop,EXW,Air,7/28/2014,8/14/2014,24-Sep-14,24-Sep-14,08-Oct-14,HRDT,HIV test,"Orgenics, Ltd","HIV 1/2, Determine Complete HIV Kit, 100 Tests","HIV 1/2, Determine Complete HIV Kit",Determine,,Test kit,100,605,60500.00,100,1,"Alere Medical Co., Ltd.",TRUE,Weight Captured Separately,null,62.19
"47,979",108-VN-T30,FPQ-15823,SCMS-277350,ASN-32256,Vietnam,PMO - US,Direct Drop,FCA,Air,2/13/2015,03-04-15,09-Jul-15,09-Jul-15,10-Jul-15,ARV,Adult,ABBVIE LOGISTICS (FORMERLY ABBOTT LOGISTICS BV),"Ritonavir 100mg [Norvir], film coated tablets, 30 Tabs",Ritonavir,Norvir,100mg,Tablet,30,300,6978.00,23.26,0.78,ABBVIE Ludwigshafen Germany,TRUE,Weight Captured Separately,null,8.21
"48,261",107-RW-T30,FPQ-16293,SCMS-294120,ASN-33515,Rwanda,PMO - US,Direct Drop,FCA,Air,6/15/2015,07-07-15,21-Aug-15,21-Aug-15,24-Aug-15,ARV,Pediatric,ABBVIE LOGISTICS (FORMERLY ABBOTT LOGISTICS BV),"Lopinavir/Ritonavir 80/20mg/ml [Kaletra], oral solution, cool, Bottle 5 x 60 ml",Lopinavir/Ritonavir,Kaletra,80/20mg/ml,Oral solution,300,350,10787.00,30.82,0.1,ABBVIE (Abbott) Logis. UK,TRUE,Weight Captured Separately,null,12.7
"48,624",106-HT-T30,FPQ-14083,SCMS-240190,ASN-26905,Haiti,PMO - US,Direct Drop,EXW,Ocean,05-11-14,06-02-14,20-Oct-14,20-Oct-14,24-Oct-14,ARV,Adult,Aurobindo Pharma Limited,"Efavirenz/Lamivudine/Tenofovir Disoproxil Fumarate 600/300/300mg, tablets, 30 Tabs",Efavirenz/Lamivudine/Tenofovir Disoproxil Fumarate,Generic,600/300/300mg,Tablet - FDC,30,"15,080",165276.80,10.96,0.37,"Aurobindo Unit VII, IN",TRUE,Weight Captured Separately,null,169.9
"48,821",106-HT-T30,FPQ-13797,SCMS-233960,ASN-27422,Haiti,PMO - US,Direct Drop,EXW,Air,3/20/2014,05-01-14,12-Sep-14,12-Sep-14,17-Sep-14,ARV,Pediatric,CIPLA LIMITED,"Zidovudine 10mg/ml, oral solution, Bottle, 240 ml",Zidovudine,Generic,10mg/ml,Oral solution,240,936,1825.20,1.95,0.01,"Cipla, Goa, India",TRUE,Weight Captured Separately,null,1.88
"40,205",105-SS-T30,FPQ-15569,SCMS-272140,ASN-31129,South Sudan,PMO - US,Direct Drop,EXW,Air,12/29/2014,2/20/2015,08-May-15,08-May-15,11-May-15,HRDT,HIV test,"Trinity Biotech, Plc","HIV 1/2, Uni-Gold HIV Kit, 20 Tests","HIV 1/2, Uni-Gold HIV Kit",Uni-Gold,,Test kit,20,35,1120.00,32,1.6,"Trinity Biotech, Plc",TRUE,191,"$2,796.58 ",1.32
"40,209",104-CI-T30,FPQ-6897,SCMS-101001,ASN-11637,Côte d'Ivoire,PMO - US,Direct Drop,FCA,Air,01-05-11,04-01-11,18-Aug-11,18-Aug-11,18-Aug-11,ARV,Adult,ABBVIE LOGISTICS (FORMERLY ABBOTT LOGISTICS BV),"Lopinavir/Ritonavir 200/50mg [Aluvia], tablets, 120 Tabs",Lopinavir/Ritonavir,Aluvia,200/50mg,Tablet,120,"16,695",562621.50,33.7,0.28,ABBVIE Ludwigshafen Germany,TRUE,4113,"$30,130.82 ",928.33
"40,214",107-RW-T30,FPQ-13851,SCMS-239030,ASN-28850,Rwanda,PMO - US,Direct Drop,EXW,Ocean,03-10-14,5/16/2014,19-Dec-14,19-Dec-14,19-Dec-14,ARV,Adult,MYLAN LABORATORIES LTD (FORMERLY MATRIX LABORATORIES),"Atazanavir/Ritonavir 300/100mg, tablets, 30 Tabs",Atazanavir/Ritonavir,Generic,300/100mg,Tablet,30,"28,869",577380.00,20,0.67,Mylan (formerly Matrix) Nashik,TRUE,3865,"$5,678.36 ",593.55
"40,286",107-RW-T30,FPQ-13157,SCMS-215450,ASN-23606,Rwanda,PMO - US,Direct Drop,FCA,Air,10/28/2013,12-02-13,22-Jan-14,22-Jan-14,24-Jan-14,ARV,Pediatric,ABBVIE LOGISTICS (FORMERLY ABBOTT LOGISTICS BV),"Lopinavir/Ritonavir 100/25mg [Aluvia], tablets, 60 Tabs",Lopinavir/Ritonavir,Generic,100/25mg,Tablet,60,500,2970.00,5.94,0.1,ABBVIE Ludwigshafen Germany,TRUE,65,$985.26 ,3.05
"48,825",108-VN-T30,FPQ-15692,SCMS-281670,ASN-32017,Vietnam,PMO - US,Direct Drop,EXW,Air,1/28/2015,3/19/2015,13-Jul-15,13-Jul-15,14-Jul-15,ARV,Adult,HETERO LABS LIMITED,"Tenofovir Disoproxil Fumarate 300mg, tablets, 30 Tabs",Tenofovir Disoproxil Fumarate,Generic,300mg,Tablet,30,"22,700",71505.00,3.15,0.1,Hetero Unit III Hyderabad IN,TRUE,Weight Captured Separately,null,84.16
"49,150",117-ET-T30,FPQ-9096,SCMS-133370,ASN-14783,Ethiopia,PMO - US,Direct Drop,EXW,Air,01-05-12,1/23/2012,09-May-12,09-May-12,09-May-12,HRDT,HIV test,"CHEMBIO DIAGNOSTIC SYSTEMS, INC.","HIV 1/2, Stat-Pak HIV, Kit, 20 Tests","HIV 1/2, Stat-Pak HIV, Kit",Stat-Pak,,Test kit,20,44,1276.00,29,1.45,Chembio Diagnostics Sys. Inc.,TRUE,Weight Captured Separately,null,1.79
"49,926",104-CI-T30,FPQ-10764,SCMS-162873,ASN-21204,Côte d'Ivoire,PMO - US,Direct Drop,EXW,Air,10-10-12,05-01-13,24-Jun-13,24-Jun-13,24-Jun-13,HRDT,HIV test,BIO-RAD LABORATORIES (FRANCE),"HIV 1/2, Genie III Kit, 50 Tests","HIV 1/2, Genie III Kit",Genie,,Test kit,50,900,81900.00,91,1.82,Bio-Rad Laboratories,TRUE,Weight Captured Separately,null,114.82
"40,373",109-TZ-T30,FPQ-6925,SCMS-97130,ASN-9833,Tanzania,PMO - US,Direct Drop,EXW,Air,12/27/2010,02-02-11,29-Mar-11,29-Mar-11,29-Mar-11,HRDT,HIV test,"Trinity Biotech, Plc","HIV 1/2, Uni-Gold HIV Kit, 20 Tests","HIV 1/2, Uni-Gold HIV Kit",Uni-Gold,,Test kit,20,30,960.00,32,1.6,"Trinity Biotech, Plc",TRUE,10,$910.73 ,1.58
"50,907",102-BI-T30,FPQ-15186,SCMS-260840,ASN-33517,Burundi,PMO - US,Direct Drop,EXW,Air,10/17/2014,11-12-14,21-Aug-15,21-Aug-15,21-Aug-15,HRDT,HIV test,"Orgenics, Ltd","HIV 1/2, Determine Complete HIV Kit, 100 Tests","HIV 1/2, Determine Complete HIV Kit",Determine,,Test kit,100,"2,018",161440.00,80,0.8,"Alere Medical Co., Ltd.",TRUE,Weight Captured Separately,null,190.01
"40,443",108-VN-T30,FPQ-15292,SCMS-268410,ASN-30672,Vietnam,PMO - US,Direct Drop,FCA,Air,12-05-14,12/18/2014,19-Mar-15,19-Mar-15,19-Mar-15,ARV,Adult,ABBVIE LOGISTICS (FORMERLY ABBOTT LOGISTICS BV),"Ritonavir 100mg [Norvir], film coated tablets, 30 Tabs",Ritonavir,Norvir,100mg,Tablet,30,128,2977.28,23.26,0.78,ABBVIE Ludwigshafen Germany,TRUE,1232,"$2,769.45 ",3.5
"40,479",109-TZ-T30,FPQ-14049,SCMS-239390,ASN-26381,Tanzania,PMO - US,Direct Drop,FCA,Air,04-11-14,5/16/2014,30-Sep-14,30-Sep-14,07-Oct-14,ARV,Pediatric,ABBVIE LOGISTICS (FORMERLY ABBOTT LOGISTICS BV),"Lopinavir/Ritonavir 80/20mg/ml [Kaletra], oral solution, cool, Bottle 5 x 60 ml",Lopinavir/Ritonavir,Kaletra,80/20mg/ml,Oral solution,300,304,9369.28,30.82,0.1,ABBVIE (Abbott) Logis. UK,TRUE,278,"$5,656.74 ",9.63
"40,484",102-KE-T30,FPQ-6406,SCMS-88211,ASN-9546,Kenya,PMO - US,Direct Drop,EXW,Air,9/27/2010,11/22/2010,10-Feb-11,10-Feb-11,10-Feb-11,HRDT,HIV test,"Orgenics, Ltd","HIV 1/2, Determine Complete HIV Kit, 100 Tests","HIV 1/2, Determine Complete HIV Kit",Determine,,Test kit,100,"8,563",762107.00,89,0.89,Inverness Japan,TRUE,1474,"$15,687.32 ","1,643.10"
"51,496",A02-SN-T50,FPQ-15907,SCMS-286880,ASN-32670,Senegal,PMO - US,Direct Drop,EXW,Air,2/19/2015,05-08-15,23-Jun-15,23-Jun-15,23-Jun-15,ARV,Adult,HETERO LABS LIMITED,"Lamivudine 300mg, tablets, 30 Tabs",Lamivudine,Generic,300mg,Tablet,30,100,200.00,2,0.07,Hetero Unit III Hyderabad IN,TRUE,Weight Captured Separately,null,0.24
"51,608",103-CM-T30,FPQ-16474,SCMS-291900,ASN-33189,Cameroon,PMO - US,Direct Drop,EXW,Air,06-09-15,6/25/2015,23-Jul-15,23-Jul-15,27-Jul-15,HRDT,HIV test,Orasure Technologies Inc.,"HIV 1/2, OraQuick Advance HIV Rapid Antibody Kit, 100 Tests","HIV 1/2, OraQuick Advance HIV Rapid Antibody Kit",OraQuick,,Test kit,100,25,8750.00,350,3.5,"Pacific Biotech, Thailand",TRUE,Weight Captured Separately,null,10.3
"40,498",104-CI-T30,FPQ-4381,SCMS-57380,ASN-6453,Côte d'Ivoire,PMO - US,Direct Drop,CIP,Air,11-05-09,11/17/2009,16-Apr-10,16-Apr-10,16-Apr-10,ARV,Pediatric,MERCK SHARP & DOHME IDEA GMBH (FORMALLY MERCK SHARP & DOHME B.V.),"Efavirenz 30mg/ml [Stocrin/Sustiva], oral solution, Bottle, 180 ml",Efavirenz,Stocrin/Sustiva,30mg/ml,Oral solution,180,"3,559",60360.64,16.96,0.09,"MSD, Haarlem, NL",TRUE,1061,"$2,454.99 ",118.31
"51,668",105-SS-T30,FPQ-15569,SCMS-272160,ASN-31331,South Sudan,PMO - US,Direct Drop,EXW,Air,12/29/2014,2/20/2015,03-Jun-15,03-Jun-15,05-Jun-15,HRDT,HIV test,"Orgenics, Ltd","HIV 1/2, Determine Complete HIV Kit, 100 Tests","HIV 1/2, Determine Complete HIV Kit",Determine,,Test kit,100,100,8900.00,89,0.89,"Alere Medical Co., Ltd.",TRUE,Weight Captured Separately,null,10.48
"40,580",800-CM-T30,FPQ-12571,SCMS-198570,ASN-21309,Cameroon,PMO - US,Direct Drop,EXW,Air,07-02-13,7/22/2013,27-Aug-13,27-Aug-13,27-Aug-13,HRDT,HIV test,"Orgenics, Ltd","HIV 1/2, Determine Complete HIV Kit, 100 Tests","HIV 1/2, Determine Complete HIV Kit",Determine,,Test kit,100,"5,000",400000.00,80,0.8,"Alere Medical Co., Ltd.",TRUE,2268,"$37,942.89 ",494.8
"40,584",116-ZA-T30,FPQ-7176,SCMS-104370,ASN-11395,South Africa,PMO - US,Direct Drop,DDP,Ocean,03-10-11,04-01-11,15-Aug-11,15-Sep-11,15-Sep-11,ARV,Adult,Aurobindo Pharma Limited,"Zidovudine 300mg, tablets, 60 Tabs",Zidovudine,Generic,300mg,Tablet,60,"7,548",55100.40,7.3,0.12,"Aurobindo Unit III, India",TRUE,391,$659.58 ,90.92
"51,818",104-CI-T30,FPQ-6252,SCMS-85430,ASN-8572,Côte d'Ivoire,PMO - US,Direct Drop,EXW,Air,8/26/2010,9/16/2010,24-Nov-10,24-Nov-10,24-Nov-10,HRDT,HIV test - Ancillary,"CHEMBIO DIAGNOSTIC SYSTEMS, INC.","HIV 1/2, Stat-Pak Buffer Only, 20 Tests","HIV 1/2, Stat-Pak Buffer Only",Stat-Pak,,Test kit - Ancillary,1,660,1650.00,2.5,2.5,Chembio Diagnostics Sys. Inc.,TRUE,Weight Captured Separately,null,3.56
"40,608",114-UG-T30,FPQ-4320,SCMS-58170,ASN-5732,Uganda,PMO - US,Direct Drop,EXW,Air,11/16/2009,11/24/2009,19-Jan-10,19-Jan-10,19-Jan-10,ARV,Adult,ASPEN PHARMACARE,"Darunavir 300mg [Prezista], tablets, 120 Tabs",Darunavir,Prezista,300mg,Tablet,120,120,10800.00,90,0.75,"Aspen-OSD, Port Elizabeth, SA",TRUE,18,"$1,190.02 ",21.17
"40,620",111-MZ-T30,FPQ-8116,SCMS-118370,ASN-12476,Mozambique,PMO - US,Direct Drop,EXW,Air,08-04-11,8/30/2011,22-Nov-11,05-Dec-11,05-Dec-11,HRDT,HIV test,"Orgenics, Ltd","HIV 1/2, Determine HIV Kit, without Lancets, 100 Tests","HIV 1/2, Determine HIV Kit, without Lancets",Determine,,Test kit,100,"2,591",201320.70,77.7,0.78,Inverness Japan,TRUE,994,"$12,838.85 ",332.18
"40,627",161-ZA-T30,FPQ-7175,SCMS-103950,ASN-11462,South Africa,PMO - US,Direct Drop,DDP,Ocean,03-10-11,3/28/2011,16-Sep-11,16-Sep-11,16-Sep-11,ARV,Adult,STRIDES ARCOLAB LIMITED,"Nevirapine 200mg, tablets, 60 Tabs",Nevirapine,Generic,200mg,Tablet,60,"150,000",430500.00,2.87,0.05,"Strides, Bangalore, India.",TRUE,9282,"$15,222.94 ",710.32
"40,657",117-ET-T30,FPQ-4867,SCMS-63000,ASN-5909,Ethiopia,PMO - US,Direct Drop,EXW,Air,01-05-10,01-12-10,29-Jan-10,29-Jan-10,29-Jan-10,HRDT,HIV test,"CHEMBIO DIAGNOSTIC SYSTEMS, INC.","HIV 1/2, Stat-Pak HIV, Kit, 20 Tests","HIV 1/2, Stat-Pak HIV, Kit",Stat-Pak,,Test kit,20,140,3780.00,27,1.35,Chembio Diagnostics Sys. Inc.,TRUE,38,$447.73 ,8.15
"40,665",117-ET-T30,FPQ-9954,SCMS-148510,ASN-16201,Ethiopia,PMO - US,Direct Drop,EXW,Air,5/21/2012,7/25/2012,04-Sep-12,04-Sep-12,04-Sep-12,HRDT,HIV test,"SHANGHAI KEHUA BIOENGINEERING CO.,LTD.  (KHB)","HIV 1/2, SKB Colloidal Gold, Diagnostic Kit, Antibody, 50 Tests","HIV 1/2, Colloidal Gold, Diagnostic Kit, Antibody",Colloidal Gold,,Test kit,1,"25,004",612598.00,24.5,24.5,"KHB Test Kit Facility, Shanghai China",TRUE,17367,"$161,962.32 ",858.86
"40,680",104-CI-T30,FPQ-12806,SCMS-206570,ASN-24432,Côte d'Ivoire,PMO - US,Direct Drop,EXW,Air,08-09-13,9/17/2013,27-Feb-14,27-Feb-14,26-Mar-14,ARV,Pediatric,Aurobindo Pharma Limited,"Nevirapine 50mg, dispersible tablets (tablets for oral suspension), 30 Tabs",Nevirapine,Generic,50mg,Chewable/dispersible tablet,30,"7,000",8750.00,1.25,0.04,"Aurobindo Unit III, India",TRUE,480,"$5,325.30 ",10.82
"53,922",105-SS-T30,FPQ-15569,SCMS-272170,ASN-32108,South Sudan,PMO - US,Direct Drop,EXW,Air,12/29/2014,2/20/2015,02-Jul-15,07-Jul-15,07-Jul-15,HRDT,HIV test - Ancillary,"Orgenics, Ltd","Chase Buffer, Determine, 100 Tests, 2.5ml x 1 Vial","Chase Buffer, Determine, 100 Tests, 2.5ml x 1 Vial",Determine,,Test kit - Ancillary,1,15,75.00,5,5,"Alere Medical Co., Ltd.",TRUE,Weight Captured Separately,null,0.09
"40,762",900-UG-T30,FPQ-10089,SCMS-149400,ASN-15430,Uganda,PMO - US,Direct Drop,EXW,Air,06-07-12,06-12-12,18-Jul-12,23-Jul-12,23-Jul-12,ARV,Adult,Aurobindo Pharma Limited,"Lopinavir/Ritonavir 200/50mg, tablets, 120 Tabs",Lopinavir/Ritonavir,Generic,200/50mg,Tablet,120,"10,679",272314.50,25.5,0.21,"Aurobindo Unit III, India",TRUE,2709,"$11,409.29 ",381.78
"40,779",111-MZ-T30,FPQ-13093,SCMS-211561,ASN-25196,Mozambique,PMO - US,Direct Drop,EXW,Air,10/15/2013,11/13/2013,02-May-14,02-May-14,02-May-14,HRDT,HIV test,"Orgenics, Ltd","HIV 1/2, Determine Complete HIV Kit, 100 Tests","HIV 1/2, Determine Complete HIV Kit",Determine,,Test kit,100,"8,898",711840.00,80,0.8,"Alere Medical Co., Ltd.",TRUE,3611,"$24,079.79 ",731.77
"53,971",800-LS-T30,FPQ-13954,SCMS-233580,ASN-25539,Lesotho,PMO - US,Direct Drop,EXW,Air,3/24/2014,04-02-14,07-May-14,07-May-14,09-May-14,HRDT,HIV test,"Trinity Biotech, Plc","HIV 1/2, Uni-Gold HIV Kit, 20 Tests","HIV 1/2, Uni-Gold HIV Kit",Uni-Gold,,Test kit,20,"2,500",80000.00,32,1.6,"Trinity Biotech, Plc",TRUE,Weight Captured Separately,null,82.24
"40,791",108-VN-T30,FPQ-7898,SCMS-113620,ASN-13100,Vietnam,PMO - US,Direct Drop,EXW,Air,6/27/2011,07-08-11,22-Dec-11,22-Dec-11,22-Dec-11,ARV,Adult,STRIDES ARCOLAB LIMITED,"Lamivudine 150mg, tablets, 60 Tabs",Lamivudine,Generic,150mg,Tablet,60,"23,355",54884.25,2.35,0.04,"Strides, Bangalore, India.",TRUE,1073,"$5,221.88 ",90.56
"40,798",161-ZA-T30,FPQ-7400,SCMS-104180,ASN-12268,South Africa,PMO - US,Direct Drop,DDP,Ocean,03-11-11,3/30/2011,18-Nov-11,18-Nov-11,18-Nov-11,ARV,Pediatric,GLAXOSMITHKLINE EXPORT LIMITED,"Abacavir 20mg/ml [Ziagen], oral solution, Bottle, 240 ml",Abacavir,Ziagen,20mg/ml,Oral solution,240,"20,000",185600.00,9.28,0.04,GSK Mississauga (Canada),TRUE,7293,"$6,560.34 ",306.24
"40,812",107-RW-T30,FPQ-3859,SCMS-49110,ASN-6538,Rwanda,PMO - US,Direct Drop,CIP,Air,6/30/2009,7/15/2009,29-Apr-10,29-Apr-10,29-Apr-10,ARV,Adult,EMCURE PHARMACEUTICALS LTD,"Efavirenz 600mg, tablets, 30 Tabs",Efavirenz,Generic,600mg,Tablet,30,"54,684",327557.16,5.99,0.2,"Emcure Plot No.P-2, I.T-B.T. Park, Phase II, MIDC, Hinjwadi, Pune, India",TRUE,3889,"$31,784.09 ",642.01
"40,821",901-CM-T30,FPQ-12528,SCMS-196500,ASN-22068,Cameroon,PMO - US,Direct Drop,EXW,Air,6/21/2013,6/28/2013,09-Nov-13,30-Oct-13,31-Oct-13,ARV,Adult,CIPLA LIMITED,"Lamivudine/Tenofovir Disoproxil Fumarate 300/300mg, tablets, 30 Tabs",Lamivudine/Tenofovir Disoproxil Fumarate,Generic,300/300mg,Tablet - FDC,30,"12,600",57960.00,4.6,0.15,"Cipla, Kurkumbh, India",TRUE,1278,"$15,106.61 ",71.7
"40,836",161-ZA-T30,FPQ-7175,SCMS-103380,ASN-12992,South Africa,PMO - US,Direct Drop,DDP,Ocean,03-10-11,3/24/2011,04-Jan-12,04-Jan-12,04-Jan-12,ARV,Adult,Aurobindo Pharma Limited,"Zidovudine 300mg, tablets, 60 Tabs",Zidovudine,Generic,300mg,Tablet,60,"6,384",46603.20,7.3,0.12,"Aurobindo Unit III, India",TRUE,331,"$5,766.83 ",76.9
"54,471",151-NG-T30,FPQ-14780,SCMS-254170,ASN-32901,Nigeria,PMO - US,Direct Drop,EXW,Air,8/13/2014,8/29/2014,05-Aug-15,05-Aug-15,10-Aug-15,ARV,Adult,EMCURE PHARMACEUTICALS LTD,"Atazanavir/Ritonavir 300/100mg, tablets, 30 Tabs",Atazanavir/Ritonavir,Generic,300/100mg,Tablet,30,"11,440",205920.00,18,0.6,"Emcure Plot No.P-2, I.T-B.T. Park, Phase II, MIDC, Hinjwadi, Pune, India",TRUE,Weight Captured Separately,null,211.69
"54,781",151-NG-T30,FPQ-16312,SCMS-287720,ASN-32933,Nigeria,PMO - US,Direct Drop,FCA,Air,05-04-15,05-07-15,07-Jul-15,07-Jul-15,07-Jul-15,ARV,Pediatric,ABBVIE LOGISTICS (FORMERLY ABBOTT LOGISTICS BV),"Lopinavir/Ritonavir 100/25mg [Aluvia], tablets, 60 Tabs",Lopinavir/Ritonavir,Generic,100/25mg,Tablet,60,"2,890",17166.60,5.94,0.1,ABBVIE Ludwigshafen Germany,TRUE,Weight Captured Separately,null,20.21
"40,851",901-CM-T30,FPQ-12837,SCMS-204330,ASN-21572,Cameroon,PMO - US,Direct Drop,EXW,Air,8/19/2013,8/23/2013,26-Sep-13,26-Sep-13,26-Sep-13,ARV,Adult,MYLAN LABORATORIES LTD (FORMERLY MATRIX LABORATORIES),"Zidovudine 300mg, tablets, 60 Tabs",Zidovudine,Generic,300mg,Tablet,60,"5,000",32500.00,6.5,0.11,Mylan (formerly Matrix) Nashik,TRUE,294,"$4,339.64 ",40.2
"54,957",108-VN-T30,FPQ-13976,SCMS-235630,ASN-28049,Vietnam,PMO - US,Direct Drop,FCA,Air,04-08-14,4/30/2014,07-Oct-14,07-Oct-14,08-Oct-14,ARV,Adult,ABBVIE LOGISTICS (FORMERLY ABBOTT LOGISTICS BV),"Ritonavir 100mg [Norvir], film coated tablets, 30 Tabs",Ritonavir,Norvir,100mg,Tablet,30,100,2326.00,23.26,0.78,ABBVIE Ludwigshafen Germany,TRUE,Weight Captured Separately,null,2.39
"40,894",110-ZM-T30,FPQ-11390,SCMS-173920,ASN-19077,Zambia,PMO - US,Direct Drop,EXW,Air,01-08-13,1/23/2013,05-Jun-13,06-Jun-13,06-Jun-13,HRDT,HIV test,"Orgenics, Ltd","HIV 1/2, Determine Complete HIV Kit, 100 Tests","HIV 1/2, Determine Complete HIV Kit",Determine,,Test kit,100,"2,950",236000.00,80,0.8,"Alere Medical Co., Ltd.",TRUE,1222,"$22,041.41 ",291.93
"40,901",161-ZA-T30,FPQ-6708,SCMS-93540,ASN-10567,South Africa,PMO - US,Direct Drop,DDP,Ocean,11/26/2010,12/14/2010,31-May-11,13-Jun-11,13-Jun-11,ARV,Adult,Aurobindo Pharma Limited,"Tenofovir Disoproxil Fumarate 300mg, tablets, 30 Tabs",Tenofovir Disoproxil Fumarate,Generic,300mg,Tablet,30,"108,677",722702.05,6.65,0.22,"Aurobindo Unit III, India",TRUE,10144,"$8,809.08 ","1,192.46"
"54,973",104-CI-T30,FPQ-8327,SCMS-124790,ASN-13658,Côte d'Ivoire,PMO - US,Direct Drop,FCA,Ocean,09-08-11,11/18/2011,23-Mar-12,23-Mar-12,23-Mar-12,ARV,Adult,ABBVIE LOGISTICS (FORMERLY ABBOTT LOGISTICS BV),"Lopinavir/Ritonavir 200/50mg [Aluvia], tablets, 120 Tabs",Lopinavir/Ritonavir,Aluvia,200/50mg,Tablet,120,"14,420",444424.40,30.82,0.26,ABBVIE Ludwigshafen Germany,TRUE,Weight Captured Separately,null,733.3
"55,087",133-NG-T30,FPQ-15504,SCMS-270760,ASN-31768,Nigeria,PMO - US,Direct Drop,EXW,Air,12-08-14,1/26/2015,30-Apr-15,30-Apr-15,05-May-15,HRDT,HIV test,"CHEMBIO DIAGNOSTIC SYSTEMS, INC.","HIV 1/2, Stat-Pak HIV, Kit, 20 Tests","HIV 1/2, Stat-Pak HIV, Kit",Stat-Pak,,Test kit,20,"1,620",51840.00,32,1.6,Chembio Diagnostics Sys. Inc.,TRUE,Weight Captured Separately,null,61.02
"40,934",108-VN-T30,FPQ-12051,SCMS-188570,ASN-21378,Vietnam,PMO - US,Direct Drop,FCA,Air,05-03-13,8/19/2013,16-Sep-13,16-Sep-13,16-Sep-13,ARV,Adult,ABBVIE LOGISTICS (FORMERLY ABBOTT LOGISTICS BV),"Ritonavir 100mg [Norvir], film coated tablets, 30 Tabs",Ritonavir,Norvir,100mg,Tablet,30,71,1651.46,23.26,0.78,ABBVIE Ludwigshafen Germany,TRUE,15,$493.42 ,2.04
"55,894",151-NG-T30,FPQ-14780,SCMS-254171,ASN-32962,Nigeria,PMO - US,Direct Drop,EXW,Air,8/13/2014,8/29/2014,23-Jul-15,23-Jul-15,28-Jul-15,ARV,Adult,EMCURE PHARMACEUTICALS LTD,"Atazanavir/Ritonavir 300/100mg, tablets, 30 Tabs",Atazanavir/Ritonavir,Generic,300/100mg,Tablet,30,"9,070",163260.00,18,0.6,"Emcure Plot No.P-2, I.T-B.T. Park, Phase II, MIDC, Hinjwadi, Pune, India",TRUE,Weight Captured Separately,null,167.83
"57,394",102-SZ-T30,FPQ-10537,SCMS-159090,ASN-16722,Swaziland,PMO - US,Direct Drop,EXW,Air,8/23/2012,09-12-12,19-Oct-12,19-Oct-12,19-Oct-12,HRDT,HIV test - Ancillary,"Orgenics, Ltd","Chase Buffer, Determine, 100 Tests, 2.5ml x 1 Vial","Chase Buffer, Determine, 100 Tests, 2.5ml x 1 Vial",Determine,,Test kit - Ancillary,1,220,1430.00,6.5,6.5,"Alere Medical Co., Ltd.",TRUE,Weight Captured Separately,null,2
"58,744",108-VN-T30,FPQ-16194,SCMS-285490,ASN-33145,Vietnam,PMO - US,Direct Drop,EXW,Air,4/14/2015,5/13/2015,07-Sep-15,07-Sep-15,07-Sep-15,ARV,Adult,HETERO LABS LIMITED,"Efavirenz/Lamivudine/Tenofovir Disoproxil Fumarate 600/300/300mg, tablets, 30 Tabs",Efavirenz/Lamivudine/Tenofovir Disoproxil Fumarate,Generic,600/300/300mg,Tablet - FDC,30,"17,760",168720.00,9.5,0.32,Hetero Unit III Hyderabad IN,TRUE,Weight Captured Separately,null,198.58
"40,950",105-GY-T30,FPQ-14048,SCMS-235780,ASN-28234,Guyana,PMO - US,Direct Drop,FCA,Air,04-09-14,8/26/2014,05-Nov-14,05-Nov-14,11-Nov-14,ARV,Pediatric,ABBVIE LOGISTICS (FORMERLY ABBOTT LOGISTICS BV),"Lopinavir/Ritonavir 80/20mg/ml [Kaletra], oral solution, cool, Bottle 5 x 60 ml",Lopinavir/Ritonavir,Kaletra,80/20mg/ml,Oral solution,300,12,729.84,60.82,0.2,ABBVIE (Abbott) Logis. UK,TRUE,39,$790.71 ,0.75
"40,963",133-NG-T30,FPQ-14995,SCMS-260700,ASN-29934,Nigeria,PMO - US,Direct Drop,EXW,Air,9/22/2014,10/29/2014,19-Jan-15,16-Jan-15,22-Jan-15,HRDT,HIV test,"Orgenics, Ltd","HIV 1/2, Determine Complete HIV Kit, 100 Tests","HIV 1/2, Determine Complete HIV Kit",Determine,,Test kit,100,"6,170",549130.00,89,0.89,"Alere Medical Co., Ltd.",TRUE,2498,"$30,648.28 ",564.51
"60,261",105-GY-T30,FPQ-6308,SCMS-85580,ASN-8349,Guyana,PMO - US,Direct Drop,EXW,Air,9/13/2010,9/17/2010,13-Oct-10,13-Oct-10,13-Oct-10,ARV,Adult,Aurobindo Pharma Limited,"Lopinavir/Ritonavir 200/50mg, tablets, 120 Tabs",Lopinavir/Ritonavir,Generic,200/50mg,Tablet,120,400,14400.00,36,0.3,"Aurobindo Unit III, India",TRUE,Weight Captured Separately,null,31.05
"41,022",161-ZA-T30,FPQ-6262,SCMS-83790,ASN-9199,South Africa,PMO - US,Direct Drop,DDP,Ocean,8/31/2010,9/24/2010,31-Jan-11,31-Jan-11,31-Jan-11,ARV,Adult,Aurobindo Pharma Limited,"Lamivudine 150mg, tablets, 60 Tabs",Lamivudine,Generic,150mg,Tablet,60,"236,129",559625.73,2.37,0.04,"Aurobindo Unit III, India",TRUE,11917,"$17,266.60 ","1,206.55"
"60,316",106-HT-T30,FPQ-13797,SCMS-233960,ASN-27423,Haiti,PMO - US,Direct Drop,EXW,Air,3/20/2014,05-01-14,12-Sep-14,12-Sep-14,17-Sep-14,ARV,Pediatric,CIPLA LIMITED,"Zidovudine 10mg/ml, oral solution, Bottle, 240 ml",Zidovudine,Generic,10mg/ml,Oral solution,240,864,1684.80,1.95,0.01,"Cipla, Goa, India",TRUE,Weight Captured Separately,null,1.73
"61,396",105-DO-T30,FPQ-7858,SCMS-117400,ASN-12551,Dominican Republic,PMO - US,Direct Drop,EXW,Air,6/21/2011,08-04-11,27-Oct-11,27-Oct-11,27-Oct-11,HRDT,HIV test,"Orgenics, Ltd","HIV 1/2, Determine Complete HIV Kit, 100 Tests","HIV 1/2, Determine Complete HIV Kit",Determine,,Test kit,100,"2,828",260176.00,92,0.92,Inverness Japan,TRUE,Weight Captured Separately,null,429.29
"41,045",107-RW-T30,FPQ-3859,SCMS-49080,ASN-5589,Rwanda,PMO - US,Direct Drop,CIP,Air,6/30/2009,7/16/2009,15-Dec-09,15-Dec-09,15-Dec-09,ARV,Adult,HETERO LABS LIMITED,"Nevirapine 200mg, tablets, 60 Tabs",Nevirapine,Generic,200mg,Tablet,60,"34,500",106605.00,3.09,0.05,Hetero Unit III Hyderabad IN,TRUE,2044,"$10,883.65 ",208.95
"61,436",114-UG-T30,FPQ-16569,SCMS-295010,ASN-33776,Uganda,PMO - US,Direct Drop,EXW,Air,07-06-15,7/28/2015,28-Aug-15,28-Aug-15,31-Aug-15,ARV,Adult,STRIDES ARCOLAB LIMITED,"Efavirenz 600mg, tablets, 30 Tabs",Efavirenz,Generic,600mg,Tablet,30,"61,751",194515.65,3.15,0.1,"Strides, Bangalore, India.",TRUE,Weight Captured Separately,null,228.94
"41,062",101-CD-T30,FPQ-12093,SCMS-189050,ASN-21267,"Congo, DRC",PMO - US,Direct Drop,FCA,Air,4/23/2013,5/23/2013,15-Jan-14,15-Jan-14,04-Feb-14,ARV,Pediatric,ABBVIE LOGISTICS (FORMERLY ABBOTT LOGISTICS BV),"Lopinavir/Ritonavir 100/25mg [Aluvia], tablets, 60 Tabs",Lopinavir/Ritonavir,Generic,100/25mg,Tablet,60,304,1805.76,5.94,0.1,ABBVIE Ludwigshafen Germany,TRUE,43,$453.31 ,2.23
"41,092",104-CI-T30,FPQ-9756,SCMS-147690,ASN-17354,Côte d'Ivoire,PMO - US,Direct Drop,EXW,Air,4/23/2012,06-06-12,31-Dec-12,31-Dec-12,31-Dec-12,ARV,Pediatric,Aurobindo Pharma Limited,"Abacavir/Lamivudine 60/30mg, tablets, 60 Tabs",Abacavir/Lamivudine,Generic,60/30mg,Tablet - FDC,60,"7,228",33248.80,4.6,0.08,"Aurobindo Unit III, India",TRUE,338,"$3,845.67 ",46.61
"41,096",101-CD-T30,FPQ-11103,SCMS-170580,ASN-18712,"Congo, DRC",PMO - US,Direct Drop,EXW,Air,12-07-12,01-03-13,11-Jul-13,19-Jul-13,19-Jul-13,ARV,Pediatric,Aurobindo Pharma Limited,"Nevirapine 50mg, dispersible tablets (tablets for oral suspension), 30 Tabs",Nevirapine,Generic,50mg,Chewable/dispersible tablet,30,492,615.00,1.25,0.04,"Aurobindo Unit III, India",TRUE,27,$938.06 ,0.76
"41,099",161-ZA-T30,FPQ-5303,SCMS-68740,ASN-8174,South Africa,PMO - US,Direct Drop,DDP,Air,3/18/2010,3/19/2010,01-Sep-10,11-Oct-10,11-Oct-10,ARV,Adult,CIPLA LIMITED,"Tenofovir Disoproxil Fumarate 300mg, tablets, 30 Tabs",Tenofovir Disoproxil Fumarate,Generic,300mg,Tablet,30,"83,238",650921.16,7.82,0.26,"Cipla, Goa, India",TRUE,5663,"$5,298.02 ","1,403.39"
"61,852",105-GY-T30,FPQ-16480,SCMS-293570,ASN-33568,Guyana,PMO - US,Direct Drop,EXW,Air,6/24/2015,7/17/2015,28-Aug-15,28-Aug-15,28-Aug-15,HRDT,HIV test,"Orgenics, Ltd","HIV 1/2, Determine Complete HIV Kit, 100 Tests","HIV 1/2, Determine Complete HIV Kit",Determine,,Test kit,100,305,30500.00,100,1,"Alere Medical Co., Ltd.",TRUE,Weight Captured Separately,null,35.9
"41,146",113-ZW-T30,FPQ-3998,SCMS-49710,ASN-4729,Zimbabwe,PMO - US,Direct Drop,EXW,Air,7/14/2009,7/21/2009,01-Sep-09,01-Sep-09,01-Sep-09,HRDT,HIV test,"Standard Diagnostics, Inc.","HIV 1/2, Bioline 3.0 Kit, Lancets, Capillary pipets, Alcohol swabs included, 25 Tests","HIV 1/2, Bioline 3.0 Kit, Lancets, Capillary pipets, Alcohol swabs included",Bioline,,Test kit,25,"2,000",40000.00,20,0.8,"Standard Diagnostics, Korea",TRUE,624,"$4,756.06 ",78.4
"41,162",133-NG-T30,FPQ-7553,SCMS-108710,ASN-11147,Nigeria,PMO - US,Direct Drop,EXW,Air,4/28/2011,5/18/2011,28-Jun-11,28-Jun-11,28-Jun-11,HRDT,HIV test,"CHEMBIO DIAGNOSTIC SYSTEMS, INC.","HIV 1/2, Stat-Pak HIV, Kit, 20 Tests","HIV 1/2, Stat-Pak HIV, Kit",Stat-Pak,,Test kit,20,"1,286",37294.00,29,1.45,Chembio Diagnostics Sys. Inc.,TRUE,482,"$2,386.35 ",61.54
"41,184",161-ZA-T30,FPQ-5648,SCMS-75510,ASN-8495,South Africa,PMO - US,Direct Drop,DDP,Air,06-02-10,6/17/2010,25-Nov-10,08-Dec-10,08-Dec-10,ARV,Adult,Aurobindo Pharma Limited,"Tenofovir Disoproxil Fumarate 300mg, tablets, 30 Tabs",Tenofovir Disoproxil Fumarate,Generic,300mg,Tablet,30,"59,681",412395.71,6.91,0.23,"Aurobindo Unit III, India",TRUE,5200,"$5,953.37 ",889.13
"62,169",A01-ZM-T50,FPQ-16227,SCMS-291880,ASN-33317,Zambia,PMO - US,Direct Drop,EXW,Air,4/23/2015,6/16/2015,31-Jul-15,31-Jul-15,02-Aug-15,HRDT,HIV test,"Trinity Biotech, Plc","HIV 1/2, Uni-Gold HIV Kit, 20 Tests","HIV 1/2, Uni-Gold HIV Kit",Uni-Gold,,Test kit,20,585,18720.00,32,1.6,"Trinity Biotech, Plc",TRUE,Weight Captured Separately,null,22.03
"41,214",109-TZ-T30,FPQ-12540,SCMS-198800,ASN-21501,Tanzania,PMO - US,Direct Drop,EXW,Air,07-03-13,7/16/2013,04-Oct-13,04-Oct-13,04-Oct-13,ARV,Adult,MYLAN LABORATORIES LTD (FORMERLY MATRIX LABORATORIES),"Efavirenz/Emtricitabine/Tenofovir Disoproxil Fumarate 600/200/300mg, tablets, 30 Tabs",Efavirenz/Emtricitabine/Tenofovir Disoproxil Fumarate,Generic,600/200/300mg,Tablet - FDC,30,"216,755",2653081.20,12.24,0.41,Mylan (formerly Matrix) Nashik,TRUE,28678,"$118,541.26 ","3,281.86"
"41,222",102-KE-T30,FPQ-8446,SCMS-124900,ASN-13150,Kenya,PMO - US,Direct Drop,EXW,Air,10-05-11,10/26/2011,17-Jan-12,17-Jan-12,17-Jan-12,HRDT,HIV test,"Orgenics, Ltd","HIV 1/2, Determine Complete HIV Kit, 100 Tests","HIV 1/2, Determine Complete HIV Kit",Determine,,Test kit,100,"6,100",542900.00,89,0.89,"Alere Medical Co., Ltd.",TRUE,3497,"$40,917.19 ",895.78
"41,232",106-HT-T30,FPQ-14083,SCMS-240170,ASN-27004,Haiti,PMO - US,Direct Drop,EXW,Air,05-11-14,06-02-14,25-Aug-14,25-Aug-14,28-Aug-14,ARV,Adult,HETERO LABS LIMITED,"Nevirapine 200mg, tablets, 60 Tabs",Nevirapine,Generic,200mg,Tablet,60,"10,050",21909.00,2.18,0.04,Hetero Unit III Hyderabad IN,TRUE,659,"$5,586.53 ",22.52
"41,238",101-AF-T30,FPQ-15746,SCMS-275090,ASN-30861,Afghanistan,PMO - US,Direct Drop,EXW,Air,1/20/2015,02-09-15,12-Jul-15,12-Jul-15,13-Jul-15,ANTM-6eg,Malaria,IMRES B.V.,"Quinine 600mg/2ml (as dihydrochloride), injection, 2ml x 100 Ampules",Quinine (as dihydrochloride),Generic,600mg/2ml,Injection,100,32,800.00,25,0.25,"Gland Pharma, Hyderabad, IN",TRUE,68,$555.49 ,0.94
"41,260",108-VN-T30,FPQ-15040,SCMS-263650,ASN-30553,Vietnam,PMO - US,Direct Drop,EXW,Air,10/30/2014,12-08-14,23-Mar-15,23-Mar-15,23-Mar-15,ARV,Adult,MYLAN LABORATORIES LTD (FORMERLY MATRIX LABORATORIES),"Efavirenz/Lamivudine/Tenofovir Disoproxil Fumarate 600/300/300mg, tablets, 30 Tabs",Efavirenz/Lamivudine/Tenofovir Disoproxil Fumarate,Generic,600/300/300mg,Tablet - FDC,30,"21,384",217047.60,10.15,0.34,Mylan (formerly Matrix) Nashik,TRUE,2406,"$4,219.32 ",223.12
"62,830",A01-CM-T50,FPQ-15905,SCMS-285090,ASN-32540,Cameroon,PMO - US,Direct Drop,EXW,Air,2/19/2015,4/17/2015,16-Jun-15,16-Jun-15,18-Jun-15,ARV,Adult,HETERO LABS LIMITED,"Lamivudine 300mg, tablets, 30 Tabs",Lamivudine,Generic,300mg,Tablet,30,"1,080",2160.00,2,0.07,Hetero Unit III Hyderabad IN,TRUE,Weight Captured Separately,null,2.54
"41,282",114-UG-T30,FPQ-12273,SCMS-198551,ASN-21866,Uganda,PMO - US,Direct Drop,EXW,Air,07-08-13,08-05-13,07-Nov-13,07-Nov-13,08-Nov-13,HRDT,HIV test,BIO-RAD LABORATORIES (FRANCE),"HIV, Multispot HIV-1/HIV-2 Rapid Test Kit, 50 Tests","HIV, Multispot HIV-1/HIV-2 Rapid Test Kit",Multispot,,Test kit,50,31,38750.00,"1,250",25,Bio-Rad Laboratories,TRUE,43,"$1,324.43 ",47.93
"41,288",116-ZA-T30,FPQ-7176,SCMS-104430,ASN-11056,South Africa,PMO - US,Direct Drop,DDP,Ocean,03-10-11,04-01-11,02-Sep-11,02-Sep-11,02-Sep-11,ARV,Adult,STRIDES ARCOLAB LIMITED,"Lamivudine 150mg, tablets, 60 Tabs",Lamivudine,Generic,150mg,Tablet,60,"75,000",182250.00,2.43,0.04,"Strides, Bangalore, India.",TRUE,3347,"$7,414.66 ",300.71
"62,948",108-VN-T30,FPQ-15692,SCMS-274350,ASN-32777,Vietnam,PMO - US,Direct Drop,EXW,Air,1/28/2015,2/17/2015,27-Jul-15,27-Jul-15,27-Jul-15,ARV,Adult,MYLAN LABORATORIES LTD (FORMERLY MATRIX LABORATORIES),"Lamivudine/Nevirapine/Zidovudine 150/200/300mg, tablets, 60 Tabs",Lamivudine/Nevirapine/Zidovudine,Generic,150/300/200mg,Tablet - FDC,60,"14,663",118770.30,8.1,0.13,Mylan (formerly Matrix) Nashik,TRUE,Weight Captured Separately,null,139.79
"66,062",108-VN-T30,FPQ-15823,SCMS-277290,ASN-33205,Vietnam,PMO - US,Direct Drop,FCA,Air,2/13/2015,03-02-15,12-Aug-15,12-Aug-15,12-Aug-15,ARV,Adult,ABBVIE LOGISTICS (FORMERLY ABBOTT LOGISTICS BV),"Lopinavir/Ritonavir 200/50mg [Aluvia], tablets, 120 Tabs",Lopinavir/Ritonavir,Aluvia,200/50mg,Tablet,120,"5,000",304000.00,60.8,0.51,ABBVIE Ludwigshafen Germany,TRUE,Weight Captured Separately,null,357.81
"41,302",106-HT-T30,FPQ-14895,SCMS-258630,ASN-30066,Haiti,PMO - US,Direct Drop,EXW,Air,9/24/2014,11/14/2014,11-Mar-15,11-Mar-15,16-Mar-15,ARV,Adult,MYLAN LABORATORIES LTD (FORMERLY MATRIX LABORATORIES),"Efavirenz/Lamivudine/Tenofovir Disoproxil Fumarate 600/300/300mg, tablets, 30 Tabs",Efavirenz/Lamivudine/Tenofovir Disoproxil Fumarate,Generic,600/300/300mg,Tablet - FDC,30,"75,000",768000.00,10.24,0.34,Mylan (formerly Matrix) Nashik,TRUE,9057,"$55,886.43 ",789.5
"41,304",103-ZW-T30,FPQ-15220,SCMS-261580,ASN-31449,Zimbabwe,PMO - US,Direct Drop,FCA,Air,10/27/2014,10/30/2014,22-Apr-15,22-Apr-15,23-Apr-15,ARV,Pediatric,ABBVIE LOGISTICS (FORMERLY ABBOTT LOGISTICS BV),"Lopinavir/Ritonavir 100/25mg [Aluvia], tablets, 60 Tabs",Lopinavir/Ritonavir,Generic,100/25mg,Tablet,60,"19,922",118336.68,5.94,0.1,ABBVIE Ludwigshafen Germany,TRUE,3991,"$34,670.93 ",139.28
"41,368",106-HT-T30,FPQ-4389,SCMS-58050,ASN-7024,Haiti,PMO - US,Direct Drop,FCA,Air,11-03-09,11/23/2009,29-Jun-10,29-Jun-10,29-Jun-10,ARV,Pediatric,ABBVIE LOGISTICS (FORMERLY ABBOTT LOGISTICS BV),"Lopinavir/Ritonavir 80/20mg/ml [Kaletra], oral solution, cool, Bottle 5 x 60 ml",Lopinavir/Ritonavir,Kaletra,80/20mg/ml,Oral solution,300,50,1808.00,36.16,0.12,ABBVIE (Abbott) Logis. UK,TRUE,100,"$3,806.01 ",3.9
"66,264",108-VN-T30,FPQ-16194,SCMS-285490,ASN-33144,Vietnam,PMO - US,Direct Drop,EXW,Air,4/14/2015,5/13/2015,07-Sep-15,07-Sep-15,07-Sep-15,ARV,Adult,HETERO LABS LIMITED,"Efavirenz/Lamivudine/Tenofovir Disoproxil Fumarate 600/300/300mg, tablets, 30 Tabs",Efavirenz/Lamivudine/Tenofovir Disoproxil Fumarate,Generic,600/300/300mg,Tablet - FDC,30,"17,760",168720.00,9.5,0.32,Hetero Unit III Hyderabad IN,TRUE,Weight Captured Separately,null,198.58
"41,399",106-HT-T30,FPQ-14895,SCMS-261050,ASN-30327,Haiti,PMO - US,Direct Drop,EXW,Air,9/24/2014,11/14/2014,24-Feb-15,24-Feb-15,24-Feb-15,ARV,Adult,HETERO LABS LIMITED,"Tenofovir Disoproxil Fumarate 300mg, tablets, 30 Tabs",Tenofovir Disoproxil Fumarate,Generic,300mg,Tablet,30,384,1363.20,3.55,0.12,Hetero Unit III Hyderabad IN,TRUE,42,"$2,391.08 ",1.4
"67,541",151-NG-T30,FPQ-4574,SCMS-59990,ASN-6680,Nigeria,PMO - US,Direct Drop,FCA,Air,11/19/2009,12/22/2009,21-May-10,21-May-10,21-May-10,ARV,Adult,Hoffmann-La Roche ltd Basel,"Saquinavir 500mg [Invirase], tablets, 120 Tabs",Saquinavir,Invirase,500mg,Tablet,120,"2,106",207249.44,98.41,0.82,Roche Basel,TRUE,Weight Captured Separately,null,446.83
"68,482",106-HT-T30,FPQ-9621,SCMS-147130,ASN-15788,Haiti,PMO - US,Direct Drop,FCA,Air,4/20/2012,6/13/2012,20-Aug-12,20-Aug-12,20-Aug-12,ARV,Pediatric,ABBVIE LOGISTICS (FORMERLY ABBOTT LOGISTICS BV),"Lopinavir/Ritonavir 80/20mg/ml [Kaletra], oral solution, cool, Bottle 5 x 60 ml",Lopinavir/Ritonavir,Kaletra,80/20mg/ml,Oral solution,300,40,1232.80,30.82,0.1,ABBVIE (Abbott) Logis. UK,TRUE,Weight Captured Separately,null,1.73
"41,431",106-HT-T30,FPQ-14895,SCMS-261700,ASN-30811,Haiti,PMO - US,Direct Drop,EXW,Air,9/24/2014,11/14/2014,26-Mar-15,26-Mar-15,30-Mar-15,ARV,Adult,HETERO LABS LIMITED,"Zidovudine 300mg, tablets, 60 Tabs",Zidovudine,Generic,300mg,Tablet,60,990,5445.00,5.5,0.09,Hetero Unit III Hyderabad IN,TRUE,69,$694.54 ,5.6
"69,202",101-CD-T30,FPQ-14722,SCMS-253310,ASN-29481,"Congo, DRC",PMO - US,Direct Drop,EXW,Air,08-11-14,8/27/2014,19-May-15,19-May-15,26-May-15,HRDT,HIV test,"Orgenics, Ltd","HIV 1/2, DoubleCheck Gold Kit, 20 Tests","HIV 1/2, DoubleCheck Gold Kit",DoubleCheck,,Test kit,20,540,19720.80,36.52,1.83,"Alere Medical Co., Ltd.",TRUE,Weight Captured Separately,null,20.27
"69,493",108-VN-T30,FPQ-15823,SCMS-277300,ASN-33327,Vietnam,PMO - US,Direct Drop,FCA,Air,2/13/2015,03-02-15,31-Aug-15,31-Aug-15,31-Aug-15,ARV,Adult,ABBVIE LOGISTICS (FORMERLY ABBOTT LOGISTICS BV),"Lopinavir/Ritonavir 200/50mg [Aluvia], tablets, 120 Tabs",Lopinavir/Ritonavir,Aluvia,200/50mg,Tablet,120,"2,700",164160.00,60.8,0.51,ABBVIE Ludwigshafen Germany,TRUE,Weight Captured Separately,null,193.22
"69,591",114-UG-T30,FPQ-13655,SCMS-226130,ASN-25990,Uganda,PMO - US,Direct Drop,EXW,Air,02-04-14,04-10-14,10-Jun-14,10-Jun-14,07-Jul-14,HRDT,HIV test,BIO-RAD LABORATORIES (FRANCE),"HIV, Multispot HIV-1/HIV-2 Rapid Test Kit, 50 Tests","HIV, Multispot HIV-1/HIV-2 Rapid Test Kit",Multispot,,Test kit,50,80,99402.40,"1,242.53",24.85,Bio-Rad Laboratories,TRUE,Weight Captured Separately,null,102.19
"41,568",108-VN-T30,FPQ-9576,SCMS-145290,ASN-15777,Vietnam,PMO - US,Direct Drop,EXW,Air,04-11-12,06-08-12,23-Aug-12,23-Aug-12,23-Aug-12,ARV,Pediatric,Aurobindo Pharma Limited,"Zidovudine 10mg/ml, oral solution w/syringe, Bottle, 240 ml",Zidovudine,Generic,10mg/ml,Oral solution,240,150,315.00,2.1,0.01,"Aurobindo Unit III, India",TRUE,58,$755.03 ,0.44
"41,578",103-ZW-T30,FPQ-9905,SCMS-148310,ASN-17808,Zimbabwe,PMO - US,Direct Drop,FCA,Air,5/29/2012,7/18/2012,09-Feb-13,09-Feb-13,09-Feb-13,ARV,Pediatric,ABBVIE LOGISTICS (FORMERLY ABBOTT LOGISTICS BV),"Lopinavir/Ritonavir 80/20mg/ml [Kaletra], oral solution, cool, Bottle 5 x 60 ml",Lopinavir/Ritonavir,Kaletra,80/20mg/ml,Oral solution,300,"1,500",46230.00,30.82,0.1,ABBVIE (Abbott) Logis. UK,TRUE,1374,"$15,509.16 ",64.81
"41,584",110-ZM-T30,FPQ-10531,SCMS-158520,ASN-16908,Zambia,PMO - US,Direct Drop,EXW,Air,8/21/2012,09-05-12,31-Oct-12,07-Nov-12,07-Nov-12,HRDT,HIV test,"Orgenics, Ltd","HIV 1/2, Determine Complete HIV Kit, 100 Tests","HIV 1/2, Determine Complete HIV Kit",Determine,,Test kit,100,"3,000",240000.00,80,0.8,"Alere Medical Co., Ltd.",TRUE,1428,"$25,760.94 ",336.48
"71,116",106-HT-T30,FPQ-13797,SCMS-233981,ASN-27709,Haiti,PMO - US,Direct Drop,EXW,Ocean,3/20/2014,5/30/2014,28-Oct-14,28-Oct-14,21-Nov-14,ARV,Adult,CIPLA LIMITED,"Lamivudine/Tenofovir Disoproxil Fumarate 300/300mg, tablets, 30 Tabs",Lamivudine/Tenofovir Disoproxil Fumarate,Generic,300/300mg,Tablet - FDC,30,"11,194",51380.46,4.59,0.15,"Cipla, Kurkumbh, India",TRUE,Weight Captured Separately,null,52.82
"41,623",161-ZA-T30,FPQ-6262,SCMS-83730,ASN-9947,South Africa,PMO - US,Direct Drop,DDP,Ocean,8/31/2010,9/24/2010,26-Apr-11,26-Apr-11,26-Apr-11,ARV,Adult,Aurobindo Pharma Limited,"Efavirenz 600mg, tablets, 30 Tabs",Efavirenz,Generic,600mg,Tablet,30,"100,591",455677.23,4.53,0.15,"Aurobindo Unit III, India",TRUE,8635,"$11,203.79 ",982.44
"41,640",105-SS-T30,FPQ-15569,SCMS-272150,ASN-31765,South Sudan,PMO - US,Direct Drop,EXW,Air,12/29/2014,2/20/2015,25-Jul-15,25-Jul-15,29-Jul-15,HRDT,HIV test,"Trinity Biotech, Plc","HIV 1/2, Uni-Gold HIV Kit, 20 Tests","HIV 1/2, Uni-Gold HIV Kit",Uni-Gold,,Test kit,20,450,14400.00,32,1.6,"Trinity Biotech, Plc",TRUE,164,"$1,871.07 ",16.95
"41,694",106-HT-T30,FPQ-13494,SCMS-225414,ASN-30328,Haiti,PMO - US,Direct Drop,EXW,Air,1/21/2014,2/19/2014,26-Feb-15,26-Feb-15,27-Feb-15,HRDT,HIV test,"Orgenics, Ltd","HIV 1/2, Determine Complete HIV Kit, 100 Tests","HIV 1/2, Determine Complete HIV Kit",Determine,,Test kit,100,"4,500",450000.00,100,1,"Alere Medical Co., Ltd.",TRUE,1825,"$15,408.29 ",462.6
"41,697",108-VN-T30,FPQ-10266,SCMS-153060,ASN-16145,Vietnam,PMO - US,Direct Drop,EXW,Air,07-11-12,07-12-12,09-Oct-12,09-Oct-12,09-Oct-12,ARV,Adult,HETERO LABS LIMITED,"Nevirapine 200mg, tablets, 60 Tabs",Nevirapine,Generic,200mg,Tablet,60,"6,414",14944.62,2.33,0.04,Hetero Unit III Hyderabad IN,TRUE,425,"$1,032.12 ",20.95
"41,723",114-UG-T30,FPQ-13696,SCMS-231520,ASN-25625,Uganda,PMO - US,Direct Drop,FCA,Air,2/19/2014,3/21/2014,25-Apr-14,25-Apr-14,28-Apr-14,ARV,Pediatric,ABBVIE LOGISTICS (FORMERLY ABBOTT LOGISTICS BV),"Lopinavir/Ritonavir 100/25mg [Aluvia], tablets, 60 Tabs",Lopinavir/Ritonavir,Generic,100/25mg,Tablet,60,"1,000",5940.00,5.94,0.1,ABBVIE Ludwigshafen Germany,TRUE,116,"$1,105.60 ",6.11
"41,780",161-ZA-T30,FPQ-6708,SCMS-93530,ASN-9845,South Africa,PMO - US,Direct Drop,DDP,Ocean,11/26/2010,12/14/2010,07-Apr-11,07-Apr-11,07-Apr-11,ARV,Adult,Aurobindo Pharma Limited,"Tenofovir Disoproxil Fumarate 300mg, tablets, 30 Tabs",Tenofovir Disoproxil Fumarate,Generic,300mg,Tablet,30,"120,000",798000.00,6.65,0.22,"Aurobindo Unit III, India",TRUE,11201,"$13,084.26 ","1,316.70"
"72,240",151-NG-T30,FPQ-16312,SCMS-287710,ASN-33334,Nigeria,PMO - US,Direct Drop,EXW,Air,05-04-15,05-07-15,07-Aug-15,07-Aug-15,10-Aug-15,ARV,Adult,EMCURE PHARMACEUTICALS LTD,"Atazanavir/Ritonavir 300/100mg, tablets, 30 Tabs",Atazanavir/Ritonavir,Generic,300/100mg,Tablet,30,"6,878",123804.00,18,0.6,"Emcure Plot No.P-2, I.T-B.T. Park, Phase II, MIDC, Hinjwadi, Pune, India",TRUE,Weight Captured Separately,null,145.72
"41,791",105-GH-T30,FPQ-13809,SCMS-234060,ASN-25862,Ghana,PMO - US,Direct Drop,EXW,Air,03-07-14,4/15/2014,17-Jun-14,17-Jun-14,24-Jun-14,ARV,Adult,CIPLA LIMITED,"Efavirenz/Emtricitabine/Tenofovir Disoproxil Fumarate 600/200/300mg, tablets, 30 Tabs",Efavirenz/Emtricitabine/Tenofovir Disoproxil Fumarate,Generic,600/200/300mg,Tablet - FDC,30,"24,917",284053.80,11.4,0.38,"Cipla, Goa, India",TRUE,3227,"$20,654.13 ",292.01
"72,256",106-HT-T30,FPQ-15038,SCMS-262840,ASN-31822,Haiti,PMO - US,Direct Drop,EXW,Ocean,10/22/2014,12/24/2014,03-Jul-15,03-Jul-15,13-Jul-15,ARV,Pediatric,MYLAN LABORATORIES LTD (FORMERLY MATRIX LABORATORIES),"Lamivudine/Nevirapine/Zidovudine 30/50/60mg, dispersible tablets, 60 Tabs",Lamivudine/Nevirapine/Zidovudine,Generic,30/50/60mg,Chewable/dispersible tablet - FDC,60,"6,500",22750.00,3.5,0.06,Mylan (formerly Matrix) Nashik,TRUE,Weight Captured Separately,null,23.39
"41,838",900-UG-T30,FPQ-10089,SCMS-149410,ASN-15468,Uganda,PMO - US,Direct Drop,EXW,Air,06-07-12,06-12-12,27-Jul-12,27-Jul-12,27-Jul-12,ARV,Adult,HETERO LABS LIMITED,"Nevirapine 200mg, tablets, 60 Tabs",Nevirapine,Generic,200mg,Tablet,60,"61,290",143418.60,2.34,0.04,Hetero Unit III Hyderabad IN,TRUE,3528,"$16,938.13 ",201.07
"72,467",A01-BF-T50,FPQ-15908,SCMS-285170,ASN-33458,Burkina Faso,PMO - US,Direct Drop,FCA,Air,2/19/2015,4/24/2015,04-Aug-15,04-Aug-15,04-Aug-15,ARV,Adult,ABBVIE LOGISTICS (FORMERLY ABBOTT LOGISTICS BV),"Ritonavir 100mg [Norvir], film coated tablets, 60 Tabs",Ritonavir,Norvir,100mg,Tablet,60,25,171.25,6.85,0.11,ABBVIE Ludwigshafen Germany,TRUE,Weight Captured Separately,null,0.2
"72,546",108-VN-T30,FPQ-12539,SCMS-199700,ASN-23139,Vietnam,PMO - US,Direct Drop,FCA,Air,07-11-13,7/30/2013,06-Jan-14,06-Jan-14,13-Jan-14,ARV,Adult,ABBVIE LOGISTICS (FORMERLY ABBOTT LOGISTICS BV),"Lopinavir/Ritonavir 200/50mg [Aluvia], tablets, 120 Tabs",Lopinavir/Ritonavir,Aluvia,200/50mg,Tablet,120,"4,033",245287.06,60.82,0.51,ABBVIE Ludwigshafen Germany,TRUE,Weight Captured Separately,null,303.42
"73,567",133-NG-T30,FPQ-15504,SCMS-270750,ASN-31313,Nigeria,PMO - US,Direct Drop,EXW,Air,12-08-14,1/26/2015,22-Apr-15,22-Apr-15,22-Apr-15,HRDT,HIV test,"Trinity Biotech, Plc","HIV 1/2, Uni-Gold HIV Kit, 20 Tests","HIV 1/2, Uni-Gold HIV Kit",Uni-Gold,,Test kit,20,"6,705",214560.00,32,1.6,"Trinity Biotech, Plc",TRUE,Weight Captured Separately,null,252.54
"41,878",127-KE-T30,FPQ-7684,SCMS-109250,ASN-11401,Kenya,PMO - US,Direct Drop,EXW,Air,05-05-11,5/19/2011,09-Aug-11,09-Aug-11,09-Aug-11,HRDT,HIV test,"Orgenics, Ltd","HIV 1/2, Determine Complete HIV Kit, 100 Tests","HIV 1/2, Determine Complete HIV Kit",Determine,,Test kit,100,"7,263",646407.00,89,0.89,Inverness Japan,TRUE,2069,"$14,307.97 ","1,066.57"
"41,892",108-VN-T30,FPQ-12051,SCMS-188710,ASN-21667,Vietnam,PMO - US,Direct Drop,EXW,Air,05-03-13,5/15/2013,28-Sep-13,28-Sep-13,28-Sep-13,ARV,Adult,HETERO LABS LIMITED,"Zidovudine 300mg, tablets, 60 Tabs",Zidovudine,Generic,300mg,Tablet,60,497,2857.75,5.75,0.1,Hetero Unit III Hyderabad IN,TRUE,117,$658.27 ,3.54
"41,902",108-VN-T30,FPQ-12539,SCMS-199850,ASN-23208,Vietnam,PMO - US,Direct Drop,EXW,Air,07-11-13,7/25/2013,07-Jan-14,07-Jan-14,07-Jan-14,ARV,Adult,HETERO LABS LIMITED,"Tenofovir Disoproxil Fumarate 300mg, tablets, 30 Tabs",Tenofovir Disoproxil Fumarate,Generic,300mg,Tablet,30,"13,307",47239.85,3.55,0.12,Hetero Unit III Hyderabad IN,TRUE,1018,"$1,681.58 ",58.44
"41,905",114-UG-T30,FPQ-15303,SCMS-264930,ASN-31155,Uganda,PMO - US,Direct Drop,EXW,Air,11-11-14,11/25/2014,08-Apr-15,08-Apr-15,08-Apr-15,ARV,Pediatric,Aurobindo Pharma Limited,"Lopinavir/Ritonavir 100/25mg, tablets, 60 Tabs",Lopinavir/Ritonavir,Generic,100/25mg,Tablet,60,"2,335",18773.40,8.04,0.13,"Aurobindo Unit III, India",TRUE,237,"$1,488.99 ",22.1
"41,910",102-BI-T30,FPQ-13443,SCMS-223470,ASN-24712,Burundi,PMO - US,Direct Drop,EXW,Air,01-06-14,02-03-14,24-Mar-14,24-Mar-14,24-Mar-14,HRDT,HIV test,"Orgenics, Ltd","HIV 1/2, Determine Complete HIV Kit, 100 Tests","HIV 1/2, Determine Complete HIV Kit",Determine,,Test kit,100,675,54000.00,80,0.8,"Alere Medical Co., Ltd.",TRUE,278,"$5,626.76 ",55.51
"41,916",161-ZA-T30,FPQ-7175,SCMS-103510,ASN-11888,South Africa,PMO - US,Direct Drop,DDP,Ocean,03-10-11,3/24/2011,10-Oct-11,10-Oct-11,10-Oct-11,ARV,Adult,Aurobindo Pharma Limited,"Efavirenz 600mg, tablets, 30 Tabs",Efavirenz,Generic,600mg,Tablet,30,"48,866",220385.66,4.51,0.15,"Aurobindo Unit III, India",TRUE,4154,"$9,951.37 ",363.64
"41,934",102-BI-T30,FPQ-13443,SCMS-223471,ASN-25595,Burundi,PMO - US,Direct Drop,EXW,Air,01-06-14,02-03-14,09-May-14,09-May-14,09-May-14,HRDT,HIV test,"Orgenics, Ltd","HIV 1/2, Determine Complete HIV Kit, 100 Tests","HIV 1/2, Determine Complete HIV Kit",Determine,,Test kit,100,"1,128",90240.00,80,0.8,"Alere Medical Co., Ltd.",TRUE,462,"$12,205.04 ",92.77
"73,724",106-HT-T30,FPQ-14895,SCMS-261013,ASN-33599,Haiti,PMO - US,Direct Drop,EXW,Air,9/24/2014,11/14/2014,02-Sep-15,02-Sep-15,03-Sep-15,ARV,Adult,EMCURE PHARMACEUTICALS LTD,"Atazanavir/Ritonavir 300/100mg, tablets, 30 Tabs",Atazanavir/Ritonavir,Generic,300/100mg,Tablet,30,"3,320",59760.00,18,0.6,"Emcure Plot No.P-2, I.T-B.T. Park, Phase II, MIDC, Hinjwadi, Pune, India",TRUE,Weight Captured Separately,null,61.43
"41,953",108-VN-T30,FPQ-7427,SCMS-105520,ASN-12083,Vietnam,PMO - US,Direct Drop,EXW,Air,3/31/2011,4/14/2011,19-Oct-11,19-Oct-11,19-Oct-11,ARV,Adult,HETERO LABS LIMITED,"Stavudine 30mg, capsules, 60 Caps",Stavudine,Generic,30mg,Capsule,60,"40,000",58000.00,1.45,0.02,Hetero Unit III Hyderabad IN,TRUE,2343,"$12,751.68 ",95.7
"73,804",108-VN-T30,FPQ-16194,SCMS-285500,ASN-33268,Vietnam,PMO - US,Direct Drop,EXW,Air,4/14/2015,5/13/2015,03-Sep-15,03-Sep-15,03-Sep-15,ARV,Adult,HETERO LABS LIMITED,"Efavirenz/Lamivudine/Tenofovir Disoproxil Fumarate 600/300/300mg, tablets, 30 Tabs",Efavirenz/Lamivudine/Tenofovir Disoproxil Fumarate,Generic,600/300/300mg,Tablet - FDC,30,"17,760",168720.00,9.5,0.32,Hetero Unit III Hyderabad IN,TRUE,Weight Captured Separately,null,198.58
"74,858",106-HT-T30,FPQ-9635,SCMS-148870,ASN-16439,Haiti,PMO - US,Direct Drop,FCA,Air,5/14/2012,6/28/2012,04-Oct-12,04-Oct-12,04-Oct-12,ARV,Pediatric,LAWRENCE LABORATORIES (SUBSIDIARY OF BRISTOL MYERS SQUIBB),"Stavudine 1mg/ml [Zerit], powder for oral solution, Bottle, 200 ml",Stavudine,Zerit,1mg/ml,Powder for oral solution,200,90,135.00,1.5,0.01,Bristol-Myers Squibb Anagni IT,TRUE,Weight Captured Separately,null,0.19
"75,912",100-DO-T30,FPQ-6126,SCMS-83590,ASN-8621,Dominican Republic,PMO - US,Direct Drop,EXW,Truck,8/19/2010,09-02-10,22-Oct-10,22-Oct-10,22-Oct-10,ARV,Adult,"ABBVIE, SRL (FORMALLY ABBOTT LABORATORIES INTERNATIONAL CO.)","Ritonavir 100mg [Norvir], capsules, cool, 2 x 84 Caps",Ritonavir,Norvir,100mg,Capsule,168,2,288.00,144,0.86,ABBVIE (Abbott) St. P'burg USA,TRUE,Weight Captured Separately,null,0.62
"42,000",101-KE-T30,FPQ-11883,SCMS-184980,ASN-20969,Kenya,PMO - US,Direct Drop,EXW,Air,3/25/2013,06-10-13,24-Aug-13,24-Aug-13,24-Aug-13,HRDT,HIV test,"SHANGHAI KEHUA BIOENGINEERING CO.,LTD.  (KHB)","HIV 1/2, SKB Colloidal Gold, Diagnostic Kit Set, (includes lancet, transfer pipette & alcohol prep pad), 50 Tests","HIV 1/2, Colloidal Gold, Diagnostic Kit Set (includes lancet, transfer pipette & alcohol prep pad)",Colloidal Gold,,Test kit,1,"20,000",600000.00,30,30,"KHB Test Kit Facility, Shanghai China",TRUE,18580,"$241,407.27 ",742.2
"76,505",106-HT-T30,FPQ-13797,SCMS-234000,ASN-26977,Haiti,PMO - US,Direct Drop,EXW,Ocean,3/20/2014,4/28/2014,20-Oct-14,20-Oct-14,24-Oct-14,ARV,Adult,MICRO LABS LIMITED,"Efavirenz 600mg, tablets, 30 Tabs",Efavirenz,Generic,600mg,Tablet,30,"3,260",9714.80,2.98,0.1,"Micro labs, Verna, Goa, India",TRUE,Weight Captured Separately,null,9.99
"42,038",102-KE-T30,FPQ-4587,SCMS-58380,ASN-5898,Kenya,PMO - US,Direct Drop,EXW,Air,11/18/2009,12-02-09,16-Feb-10,19-Feb-10,19-Feb-10,HRDT,HIV test,"Orgenics, Ltd","HIV 1/2, Determine Complete HIV Kit, 100 Tests","HIV 1/2, Determine Complete HIV Kit",Determine,,Test kit,100,"7,888",631040.00,80,0.8,Inverness Japan,TRUE,1357,"$12,965.93 ","1,360.52"
"42,659",161-ZA-T30,FPQ-7175,SCMS-123590,ASN-13167,South Africa,PMO - US,Direct Drop,DDP,Ocean,03-10-11,9/30/2011,16-Jan-12,23-Jan-12,23-Jan-12,ARV,Adult,Aurobindo Pharma Limited,"Efavirenz 600mg, tablets, 30 Tabs",Efavirenz,Generic,600mg,Tablet,30,"35,357",150620.82,4.26,0.14,"Aurobindo Unit III, India",TRUE,2806,"$7,292.27 ",248.52
"76,766",A01-ZM-T50,FPQ-16227,SCMS-291890,ASN-33362,Zambia,PMO - US,Direct Drop,EXW,Air,4/23/2015,6/16/2015,06-Aug-15,06-Aug-15,12-Aug-15,HRDT,HIV test,"Orgenics, Ltd","HIV 1/2, Determine Complete HIV Kit, 100 Tests","HIV 1/2, Determine Complete HIV Kit",Determine,,Test kit,100,530,42400.00,80,0.8,"Alere Medical Co., Ltd.",TRUE,Weight Captured Separately,null,49.9
"76,881",103-CM-T30,FPQ-16210,SCMS-289310,ASN-32567,Cameroon,PMO - US,Direct Drop,EXW,Air,4/28/2015,06-02-15,17-Jun-15,17-Jun-15,17-Jun-15,ARV,Pediatric,Aurobindo Pharma Limited,"Nevirapine 50mg, dispersible tablets (tablets for oral suspension), 30 Tabs",Nevirapine,Generic,50mg,Chewable/dispersible tablet,30,"4,416",5520.00,1.25,0.04,"Aurobindo Unit III, India",TRUE,Weight Captured Separately,null,6.5
"77,268",117-ET-T30,FPQ-9098,SCMS-133550,ASN-14780,Ethiopia,PMO - US,Direct Drop,EXW,Air,01-10-12,1/23/2012,08-May-12,08-May-12,08-May-12,HRDT,HIV test,"CHEMBIO DIAGNOSTIC SYSTEMS, INC.","HIV 1/2, Stat-Pak HIV, Kit, 20 Tests","HIV 1/2, Stat-Pak HIV, Kit",Stat-Pak,,Test kit,20,340,9860.00,29,1.45,Chembio Diagnostics Sys. Inc.,TRUE,Weight Captured Separately,null,13.82
"78,096",103-CM-T30,FPQ-10128,SCMS-151610,ASN-16495,Cameroon,PMO - US,Direct Drop,EXW,Air,6/22/2012,7/16/2012,04-Oct-12,04-Oct-12,04-Oct-12,HRDT,HIV test,HUMAN GMBH,"HIV 1/2, HEXAGON Rapid HIV Kit, 100 Tests","HIV 1/2, HEXAGON Rapid HIV Kit",Hexagon,,Test kit,100,30,3347.40,111.58,1.12,Human Diagnostic,TRUE,Weight Captured Separately,null,4.69
"42,125",108-VN-T30,FPQ-6384,SCMS-87730,ASN-9118,Vietnam,PMO - US,Direct Drop,EXW,Air,9/30/2010,10/15/2010,22-Dec-10,22-Dec-10,22-Dec-10,ARV,Adult,STRIDES ARCOLAB LIMITED,"Lamivudine 150mg, tablets, 60 Tabs",Lamivudine,Generic,150mg,Tablet,60,"15,153",35609.55,2.35,0.04,"Strides, Bangalore, India.",TRUE,3595,"$12,632.99 ",76.77
"79,236",108-VN-T30,FPQ-15692,SCMS-274360,ASN-32782,Vietnam,PMO - US,Direct Drop,EXW,Air,1/28/2015,2/17/2015,30-Jul-15,02-Aug-15,03-Aug-15,ARV,Adult,MYLAN LABORATORIES LTD (FORMERLY MATRIX LABORATORIES),"Lamivudine/Nevirapine/Zidovudine 150/200/300mg, tablets, 60 Tabs",Lamivudine/Nevirapine/Zidovudine,Generic,150/300/200mg,Tablet - FDC,60,"12,816",103809.60,8.1,0.13,Mylan (formerly Matrix) Nashik,TRUE,Weight Captured Separately,null,122.18
"79,424",133-NG-T30,FPQ-16329,SCMS-289120,ASN-33413,Nigeria,PMO - US,Direct Drop,EXW,Air,05-07-15,5/26/2015,07-Aug-15,07-Aug-15,10-Aug-15,HRDT,HIV test,"CHEMBIO DIAGNOSTIC SYSTEMS, INC.","HIV 1/2, Stat-Pak HIV, Kit, 20 Tests","HIV 1/2, Stat-Pak HIV, Kit",Stat-Pak,,Test kit,20,"1,564",50048.00,32,1.6,Chembio Diagnostics Sys. Inc.,TRUE,Weight Captured Separately,null,58.91
"42,156",106-HT-T30,FPQ-15038,SCMS-263000,ASN-30566,Haiti,PMO - US,Direct Drop,EXW,Ocean,10/22/2014,12/24/2014,20-Apr-15,20-Apr-15,28-Apr-15,ARV,Adult,HETERO LABS LIMITED,"Lamivudine/Tenofovir Disoproxil Fumarate 300/300mg, tablets, 30 Tabs",Lamivudine/Tenofovir Disoproxil Fumarate,Generic,300/300mg,Tablet - FDC,30,"18,273",84421.26,4.62,0.15,Hetero Unit III Hyderabad IN,TRUE,2001,"$7,842.40 ",86.79
"80,819",106-HT-T30,FPQ-14895,SCMS-261011,ASN-32760,Haiti,PMO - US,Direct Drop,EXW,Air,9/24/2014,11/14/2014,23-Jul-15,23-Jul-15,28-Jul-15,ARV,Adult,EMCURE PHARMACEUTICALS LTD,"Atazanavir/Ritonavir 300/100mg, tablets, 30 Tabs",Atazanavir/Ritonavir,Generic,300/100mg,Tablet,30,"4,846",87228.00,18,0.6,"Emcure Plot No.P-2, I.T-B.T. Park, Phase II, MIDC, Hinjwadi, Pune, India",TRUE,Weight Captured Separately,null,89.67
"81,823",111-MZ-T30,FPQ-15346,SCMS-266470,ASN-31352,Mozambique,PMO - US,Direct Drop,FCA,Air,11/21/2014,12-08-14,14-Apr-15,14-Apr-15,15-Jul-15,HRDT,HIV test,BIO-RAD LABORATORIES (FRANCE),"HIV, Multispot HIV-1/HIV-2 Rapid Test Kit, 50 Tests","HIV, Multispot HIV-1/HIV-2 Rapid Test Kit",Multispot,,Test kit,50,80,107651.20,"1,345.64",26.91,Bio-Rad Laboratories,TRUE,Weight Captured Separately,null,126.71
"82,159",151-NG-T30,FPQ-16553,SCMS-296460,ASN-33764,Nigeria,PMO - US,Direct Drop,EXW,Air,07-07-15,08-04-15,31-Aug-15,31-Aug-15,09-Sep-15,ARV,Pediatric,CIPLA LIMITED,"Abacavir 60mg, dispersible tablets, 60 Tabs",Abacavir,Generic,60mg,Chewable/dispersible tablet,60,800,3600.00,4.5,0.08,"Cipla, Patalganga, India",TRUE,Weight Captured Separately,null,4.24
"42,187",161-ZA-T30,FPQ-5303,SCMS-68950,ASN-7079,South Africa,PMO - US,Direct Drop,DDP,Air,3/18/2010,3/19/2010,09-Jun-10,11-Jun-10,11-Jun-10,ARV,Adult,Aurobindo Pharma Limited,"Nevirapine 200mg, tablets, 60 Tabs",Nevirapine,Generic,200mg,Tablet,60,"40,751",118992.92,2.92,0.05,"Aurobindo Unit III, India",TRUE,4806,"$6,369.79 ",256.55
"82,386",117-ET-T30,FPQ-7798,SO-39770,DN-2234,Ethiopia,PMO - US,From RDC,N/A - From RDC,Air,5/23/2011,N/A - From RDC,21-Jun-11,01-Jun-11,01-Jun-11,ARV,Adult,SCMS from RDC,"Lamivudine/Tenofovir Disoproxil Fumarate 300/300mg, tablets, 30 Tabs",Lamivudine/Tenofovir Disoproxil Fumarate,Generic,300/300mg,Tablet - FDC,30,"27,558",237825.54,8.63,0.29,Mylan (formerly Matrix) Nashik,TRUE,Weight Captured Separately,null,392.41
"82,434",101-CD-T30,FPQ-8840,SO-41134,DN-2496,"Congo, DRC",PMO - US,From RDC,N/A - From RDC,Air,11/21/2011,N/A - From RDC,16-Mar-12,14-Feb-12,14-Feb-12,ARV,Adult,SCMS from RDC,"Lamivudine/Nevirapine/Zidovudine 150/200/300mg, tablets, 60 Tabs",Lamivudine/Nevirapine/Zidovudine,Generic,150/300/200mg,Tablet - FDC,60,54,594.00,11,0.18,Mylan (formerly Matrix) Nashik,TRUE,Weight Captured Separately,null,0.83
"82,459",151-NG-T30,FPQ-8952,SO-41268,DN-2582,Nigeria,PMO - US,From RDC,N/A - From RDC,Air Charter,12-08-11,N/A - From RDC,20-Jun-12,16-Feb-12,16-Feb-12,ARV,Adult,SCMS from RDC,"Emtricitabine/Tenofovir Disoproxil Fumarate 200/300mg, tablets, 30 Tabs",Emtricitabine/Tenofovir Disoproxil Fumarate,Generic,200/300mg,Tablet - FDC,30,"95,243",854329.71,8.97,0.3,"Aurobindo Unit III, India",TRUE,14487,null,"1,197.77"
"82,593",102-BI-T30,FPQ-12065,SO-45151,DN-3260,Burundi,PMO - US,From RDC,N/A - From RDC,Air,4/22/2013,N/A - From RDC,06-Aug-13,21-May-13,18-Nov-14,ARV,Adult,SCMS from RDC,"Nevirapine 200mg, tablets, 60 Tabs",Nevirapine,Generic,200mg,Tablet,60,225,508.50,2.26,0.04,Hetero Unit III Hyderabad IN,TRUE,Weight Captured Separately,null,0.63
"42,274",161-ZA-T30,FPQ-6708,SCMS-93550,ASN-11432,South Africa,PMO - US,Direct Drop,DDP,Ocean,11/26/2010,12/14/2010,13-Jun-11,15-Sep-11,15-Sep-11,ARV,Adult,Aurobindo Pharma Limited,"Tenofovir Disoproxil Fumarate 300mg, tablets, 30 Tabs",Tenofovir Disoproxil Fumarate,Generic,300mg,Tablet,30,"76,097",506045.05,6.65,0.22,"Aurobindo Unit III, India",TRUE,7105,"$6,121.41 ",834.97
"42,275",102-GY-T30,FPQ-4068,SCMS-52271,ASN-4991,Guyana,PMO - US,Direct Drop,EXW,Air,8/13/2009,8/31/2009,16-Oct-09,16-Oct-09,16-Oct-09,HRDT,HIV test,"Orgenics, Ltd","HIV 1/2, Determine Complete HIV Kit, 100 Tests","HIV 1/2, Determine Complete HIV Kit",Determine,,Test kit,100,507,36504.00,72,0.72,Inverness Japan,TRUE,67,"$4,400.85 ",71.55
"42,295",108-VN-T30,FPQ-14516,SCMS-251680,ASN-29386,Vietnam,PMO - US,Direct Drop,EXW,Air,07-09-14,08-11-14,24-Dec-14,19-Dec-14,19-Dec-14,ARV,Adult,HETERO LABS LIMITED,"Efavirenz/Lamivudine/Tenofovir Disoproxil Fumarate 600/300/300mg, tablets, 30 Tabs",Efavirenz/Lamivudine/Tenofovir Disoproxil Fumarate,Generic,600/300/300mg,Tablet - FDC,30,"5,280",55440.00,10.5,0.35,Hetero Unit III Hyderabad IN,TRUE,1570,"$2,690.20 ",56.99
"82,629",106-HT-T30,FPQ-12674,SO-46240,DN-3467,Haiti,PMO - US,From RDC,N/A - From RDC,Air,8/21/2013,N/A - From RDC,31-Jan-14,07-Feb-14,24-Feb-14,ARV,Pediatric,SCMS from RDC,"Lamivudine/Stavudine 30/6mg, dispersible tablets, 60 Tabs",Lamivudine/Stavudine,Generic,30/6mg,Chewable/dispersible tablet - FDC,60,58,110.20,1.9,0.03,"Cipla, Goa, India",TRUE,Weight Captured Separately,null,0.14
"42,334",102-SD-T30,FPQ-5293,SCMS-68640,ASN-6657,Sudan,PMO - US,Direct Drop,EXW,Air,3/15/2010,3/24/2010,07-May-10,07-May-10,07-May-10,HRDT,HIV test,"Standard Diagnostics, Inc.","HIV 1/2, Bioline 3.0 Kit, Lancets, Capillary pipets, Alcohol swabs included, 25 Tests","HIV 1/2, Bioline 3.0 Kit, Lancets, Capillary pipets, Alcohol swabs included",Bioline,,Test kit,25,60,1200.00,20,0.8,"Standard Diagnostics, Korea",TRUE,353,"$3,843.25 ",2.59
"42,359",104-CI-T30,FPQ-4698,SCMS-62971,ASN-10264,Côte d'Ivoire,PMO - US,Direct Drop,FCA,Air,12/28/2009,1/15/2010,12-Apr-11,12-Apr-11,12-Apr-11,ARV,Adult,ABBVIE LOGISTICS (FORMERLY ABBOTT LOGISTICS BV),"Ritonavir 100mg [Norvir], film coated tablets, 60 Tabs",Ritonavir,Norvir,100mg,Tablet,60,"2,706",18536.10,6.85,0.11,ABBVIE Ludwigshafen Germany,TRUE,346,"$9,539.60 ",39.96
"82,641",109-TZ-T30,FPQ-12587,SO-46000,DN-3501,Tanzania,PMO - US,From RDC,N/A - From RDC,Truck,07-04-13,N/A - From RDC,31-Jan-14,19-Feb-14,24-Feb-14,ARV,Pediatric,SCMS from RDC,"Abacavir/Lamivudine 60/30mg, tablets, 60 Tabs",Abacavir/Lamivudine,Generic,60/30mg,Tablet - FDC,60,"23,964",95856.00,4,0.07,"Aurobindo Unit III, India",TRUE,Weight Captured Separately,null,118.57
"42,394",113-ZW-T30,FPQ-10041,SCMS-150030,ASN-15987,Zimbabwe,PMO - US,Direct Drop,EXW,Air,6/13/2012,07-02-12,18-Sep-12,18-Sep-12,18-Sep-12,HRDT,HIV test - Ancillary,"Orgenics, Ltd","Chase Buffer, Determine, 100 Tests, 2.5ml x 1 Vial","Chase Buffer, Determine, 100 Tests, 2.5ml x 1 Vial",Determine,,Test kit - Ancillary,1,"5,060",25300.00,5,5,"Alere Medical Co., Ltd.",TRUE,2486,"$46,552.30 ",35.47
"42,465",161-ZA-T30,FPQ-5303,SCMS-69050,ASN-8740,South Africa,PMO - US,Direct Drop,DDP,Air,3/18/2010,3/19/2010,15-Dec-10,08-Dec-10,08-Dec-10,ARV,Adult,Aurobindo Pharma Limited,"Zidovudine 300mg, tablets, 60 Tabs",Zidovudine,Generic,300mg,Tablet,60,"8,989",66788.27,7.43,0.12,"Aurobindo Unit III, India",TRUE,454,"$3,315.24 ",144
"42,499",107-RW-T30,FPQ-4047,SCMS-50830,ASN-7095,Rwanda,PMO - US,Direct Drop,CIP,Air,7/28/2009,8/18/2009,13-Jun-10,13-Jun-10,13-Jun-10,ARV,Adult,HETERO LABS LIMITED,"Lamivudine 150mg, tablets, 60 Tabs",Lamivudine,Generic,150mg,Tablet,60,"15,030",38927.70,2.59,0.04,Hetero Unit III Hyderabad IN,TRUE,933,"$3,847.96 ",76.3
"82,646",101-CD-T30,FPQ-12088,SO-45032,DN-3513,"Congo, DRC",PMO - US,From RDC,N/A - From RDC,Air,04-12-13,N/A - From RDC,26-Mar-14,26-Mar-14,28-Apr-14,ARV,Pediatric,SCMS from RDC,"Abacavir/Lamivudine 60/30mg, tablets, 60 Tabs",Abacavir/Lamivudine,Generic,60/30mg,Tablet - FDC,60,5,20.00,4,0.07,"Aurobindo Unit III, India",TRUE,Weight Captured Separately,null,0.02
"42,506",900-UG-T30,FPQ-10089,SCMS-149412,ASN-15775,Uganda,PMO - US,Direct Drop,EXW,Air,06-07-12,06-12-12,03-Aug-12,03-Aug-12,03-Aug-12,ARV,Adult,HETERO LABS LIMITED,"Lamivudine/Tenofovir Disoproxil Fumarate 300/300mg, tablets, 30 Tabs",Lamivudine/Tenofovir Disoproxil Fumarate,Generic,300/300mg,Tablet - FDC,30,"66,960",320738.40,4.79,0.16,Hetero Unit III Hyderabad IN,TRUE,7549,"$26,095.99 ",449.68
"42,571",110-PK-T30,FPQ-9899,SCMS-149800,ASN-19032,Pakistan,PMO - US,Direct Drop,EXW,Air,5/18/2012,07-09-12,09-Sep-13,09-Sep-13,09-Sep-13,HRDT,HIV test,INVERNESS MEDICAL INNOVATIONS HONG KONG LTD,"HIV 1/2, Determine Complete HIV Kit, 100 Tests","HIV 1/2, Determine Complete HIV Kit",Determine,,Test kit,100,"4,484",358720.00,80,0.8,"Alere Medical Co., Ltd.",TRUE,1948,"$21,689.39 ",502.93
"42,579",106-HT-T30,FPQ-11285,SCMS-176130,ASN-18522,Haiti,PMO - US,Direct Drop,FCA,Air,1/16/2013,02-05-13,20-Mar-13,20-Mar-13,20-Mar-13,ARV,Pediatric,ABBVIE LOGISTICS (FORMERLY ABBOTT LOGISTICS BV),"Lopinavir/Ritonavir 100/25mg [Aluvia], tablets, 60 Tabs",Lopinavir/Ritonavir,Generic,100/25mg,Tablet,60,936,5559.84,5.94,0.1,ABBVIE Ludwigshafen Germany,TRUE,128,"$1,637.86 ",6.88
"42,655",102-KE-T30,FPQ-4591,SCMS-58381,ASN-7200,Kenya,PMO - US,Direct Drop,EXW,Air,11/18/2009,12-02-09,07-Jul-10,08-Jul-10,08-Jul-10,HRDT,HIV test,"Orgenics, Ltd","HIV 1/2, Determine Complete HIV Kit, 100 Tests","HIV 1/2, Determine Complete HIV Kit",Determine,,Test kit,100,"6,636",530880.00,80,0.8,Inverness Japan,TRUE,1036,"$11,163.27 ","1,144.58"
"82,805",101-CD-T30,FPQ-16158,SO-51280,DN-4284,"Congo, DRC",PMO - US,From RDC,N/A - From RDC,Air,3/31/2015,N/A - From RDC,17-Aug-15,07-Aug-15,11-Aug-15,ARV,Adult,SCMS from RDC,"Lamivudine/Zidovudine 150/300mg, tablets, 60 Tabs",Lamivudine/Zidovudine,Generic,150/300mg,Tablet - FDC,60,"11,700",76284.00,6.52,0.11,Hetero Unit III Hyderabad IN,TRUE,Weight Captured Separately,null,89.79
"42,752",106-HT-T30,FPQ-13797,SCMS-233910,ASN-26209,Haiti,PMO - US,Direct Drop,EXW,Ocean,3/20/2014,4/30/2014,19-Jul-14,19-Jul-14,31-Jul-14,ARV,Adult,CIPLA LIMITED,"Efavirenz/Lamivudine/Tenofovir Disoproxil Fumarate 600/300/300mg, tablets, 30 Tabs",Efavirenz/Lamivudine/Tenofovir Disoproxil Fumarate,Generic,600/300/300mg,Tablet - FDC,30,"60,000",630000.00,10.5,0.35,Cipla Ltd A-42 MIDC Mahar. IN,TRUE,8113,"$8,217.80 ",647.64
"42,757",104-CI-T30,FPQ-4698,SCMS-62970,ASN-9989,Côte d'Ivoire,PMO - US,Direct Drop,FCA,Air,12/28/2009,1/15/2010,09-Mar-11,09-Mar-11,09-Mar-11,ARV,Adult,ABBVIE LOGISTICS (FORMERLY ABBOTT LOGISTICS BV),"Ritonavir 100mg [Norvir], film coated tablets, 60 Tabs",Ritonavir,Norvir,100mg,Tablet,60,"4,014",27495.90,6.85,0.11,ABBVIE Ludwigshafen Germany,TRUE,507,"$4,520.66 ",59.28
"82,809",114-UG-T30,FPQ-15294,SO-50052,DN-4309,Uganda,PMO - US,From RDC,N/A - From RDC,Truck,11-03-14,N/A - From RDC,31-Jul-15,23-Jul-15,23-Jul-15,ARV,Adult,SCMS from RDC,"Nevirapine 200mg, tablets, 60 Tabs",Nevirapine,Generic,200mg,Tablet,60,"9,566",20853.88,2.18,0.04,Hetero Unit III Hyderabad IN,TRUE,Weight Captured Separately,null,24.55
"42,780",161-ZA-T30,FPQ-7175,SCMS-103360,ASN-11201,South Africa,PMO - US,Direct Drop,DDP,Ocean,03-10-11,3/24/2011,02-Sep-11,02-Sep-11,02-Sep-11,ARV,Pediatric,Aurobindo Pharma Limited,"Efavirenz 50mg, capsule, 30 Caps",Efavirenz,Generic,50mg,Capsule,30,"97,753",238517.32,2.44,0.08,"Aurobindo Unit III, India",TRUE,5778,"$14,558.87 ",393.55
"42,797",161-ZA-T30,FPQ-6708,SCMS-93520,ASN-9844,South Africa,PMO - US,Direct Drop,DDP,Ocean,11/26/2010,12-06-10,26-Jun-11,07-Apr-11,07-Apr-11,ARV,Adult,Aurobindo Pharma Limited,"Tenofovir Disoproxil Fumarate 300mg, tablets, 30 Tabs",Tenofovir Disoproxil Fumarate,Generic,300mg,Tablet,30,"130,800",869820.00,6.65,0.22,"Aurobindo Unit III, India",TRUE,12208,"$13,829.57 ","1,435.20"
"42,811",108-VN-T30,FPQ-5317,SCMS-69240,ASN-7581,Vietnam,PMO - US,Direct Drop,EXW,Air,3/22/2010,3/25/2010,13-Aug-10,13-Aug-10,13-Aug-10,ARV,Adult,Aurobindo Pharma Limited,"Didanosine 250mg, delayed-release capsules, 30 Caps",Didanosine,Generic,250mg,Delayed-release capsules,30,168,2184.00,13,0.43,"Aurobindo Unit III, India",TRUE,2046,"$14,405.31 ",4.71
"42,848",109-TZ-T30,FPQ-8332,SCMS-121380,ASN-13025,Tanzania,PMO - US,Direct Drop,FCA,Air,8/30/2011,09-09-11,19-Jan-12,19-Jan-12,19-Jan-12,ARV,Pediatric,ABBVIE LOGISTICS (FORMERLY ABBOTT LOGISTICS BV),"Lopinavir/Ritonavir 100/25mg [Aluvia], tablets, 60 Tabs",Lopinavir/Ritonavir,Generic,100/25mg,Tablet,60,405,3122.55,7.71,0.13,ABBVIE Ludwigshafen Germany,TRUE,75,"$1,262.36 ",5.15
"42,851",102-SD-T30,FPQ-8264,SCMS-121843,ASN-12831,Sudan,PMO - US,Direct Drop,EXW,Air,09-07-11,9/14/2011,06-Jan-12,06-Jan-12,06-Jan-12,HRDT,HIV test - Ancillary,"Orgenics, Ltd","Capillary Tubes, for Determine, EDTA, 50uL,100 Pcs","HIV, Capillary Tubes, for Determine, EDTA, 50uL,100 Pcs",Determine,,Test kit - Ancillary,100,1,8.00,8,0.08,"Alere Medical Co., Ltd.",TRUE,2,$885.49 ,0.01
"82,811",114-UG-T30,FPQ-15639,SO-50660,DN-4310,Uganda,PMO - US,From RDC,N/A - From RDC,Truck,12/22/2014,N/A - From RDC,31-Jul-15,23-Jul-15,23-Jul-15,ARV,Adult,SCMS from RDC,"Lamivudine/Zidovudine 150/300mg, tablets, 60 Tabs",Lamivudine/Zidovudine,Generic,150/300mg,Tablet - FDC,60,"88,327",575892.04,6.52,0.11,Hetero Unit III Hyderabad IN,TRUE,Weight Captured Separately,null,677.82
"82,815",114-UG-T30,FPQ-15294,SO-50055,DN-4325,Uganda,PMO - US,From RDC,N/A - From RDC,Truck,11-03-14,N/A - From RDC,14-Aug-15,08-Aug-15,10-Aug-15,ARV,Adult,SCMS from RDC,"Abacavir/Lamivudine 600/300mg, tablets, 30 Tabs",Abacavir/Lamivudine,Generic,600/300mg,Tablet - FDC,30,"6,324",82907.64,13.11,0.44,Mylan (formerly Matrix) Nashik,TRUE,Weight Captured Separately,null,97.58
"82,819",151-NG-T30,FPQ-16541,SO-51800,DN-4344,Nigeria,PMO - US,From RDC,N/A - From RDC,Air,07-07-15,N/A - From RDC,31-Dec-15,28-Aug-15,02-Sep-15,ARV,Adult,SCMS from RDC,"Zidovudine 300mg, tablets, 60 Tabs",Zidovudine,Generic,300mg,Tablet,60,"5,721",30492.93,5.33,0.09,"Aurobindo Unit III, India",TRUE,Weight Captured Separately,null,35.89
"42,912",112-NG-T30,FPQ-9199,SCMS-140030,ASN-17119,Nigeria,PMO - US,Direct Drop,EXW,Air,03-01-12,5/15/2012,03-Dec-12,03-Dec-12,03-Dec-12,ACT,ACT,NOVARTIS PHARMA SERVICES AG,"Artemether/Lumefantrine 20/120mg [Coartem], scored tablets, Blister 30 x 24 Tabs",Artemether/Lumefantrine,Coartem,20/120mg,Tablet - FDC + blister,720,"2,500",105000.00,42,0.06,"Novartis Pharma Suffern, USA",TRUE,1725,"$11,954.71 ",147.21
"82,820",107-RW-T30,FPQ-16571,SO-51740,DN-4345,Rwanda,PMO - US,From RDC,N/A - From RDC,Air,07-07-15,N/A - From RDC,08-Sep-15,26-Aug-15,02-Sep-15,ARV,Pediatric,SCMS from RDC,"Lamivudine/Nevirapine/Zidovudine 30/50/60mg, dispersible tablets, 60 Tabs",Lamivudine/Nevirapine/Zidovudine,Generic,30/50/60mg,Chewable/dispersible tablet - FDC,60,"2,592",9201.60,3.55,0.06,"Mylan,  H-12 & H-13, India",TRUE,Weight Captured Separately,null,10.83
"42,980",117-ET-T30,FPQ-9210,SCMS-134760,ASN-14231,Ethiopia,PMO - US,Direct Drop,EXW,Air,1/18/2012,1/23/2012,02-Apr-12,02-Apr-12,02-Apr-12,HRDT,HIV test,"SHANGHAI KEHUA BIOENGINEERING CO.,LTD.  (KHB)","HIV 1/2, SKB Colloidal Gold, Diagnostic Kit, Antibody, 50 Tests","HIV 1/2, Colloidal Gold, Diagnostic Kit, Antibody",Colloidal Gold,,Test kit,1,924,22638.00,24.5,24.5,"KHB Test Kit Facility, Shanghai China",TRUE,656,"$6,488.44 ",31.74
"42,983",104-CI-T30,FPQ-9756,SCMS-147680,ASN-17003,Côte d'Ivoire,PMO - US,Direct Drop,EXW,Air,4/23/2012,01-06-12,23-Nov-12,23-Nov-12,23-Nov-12,ARV,Adult,MYLAN LABORATORIES LTD (FORMERLY MATRIX LABORATORIES),"Atazanavir/Ritonavir 300/100mg, tablets, 30 Tabs",Atazanavir/Ritonavir,Generic,300/100mg,Tablet,30,939,21127.50,22.5,0.75,Mylan (formerly Matrix) Nashik,TRUE,117,"$1,766.57 ",29.62
"82,856",102-SD-T30,FPQ-3812,SO-34550,DN-1624,Sudan,PMO - US,From RDC,N/A - From RDC,Air,06-03-09,N/A - From RDC,30-Nov-09,22-Nov-09,22-Nov-09,HRDT,HIV test,SCMS from RDC,"HIV 1/2, Uni-Gold HIV Kit, 20 Tests","HIV 1/2, Uni-Gold HIV Kit",Uni-Gold,,Test kit,20,"1,250",40000.00,32,1.6,"Trinity Biotech, Plc",TRUE,Weight Captured Separately,null,78.4
"43,045",109-TZ-T30,FPQ-7239,SCMS-102030,ASN-10560,Tanzania,PMO - US,Direct Drop,EXW,Air,2/25/2011,3/23/2011,06-Jun-11,06-Jun-11,06-Jun-11,HRDT,HIV test,"Standard Diagnostics, Inc.","HIV 1/2, Bioline 3.0 Kit, Lancets, Capillary pipets, Alcohol swabs included, 25 Tests","HIV 1/2, Bioline 3.0 Kit, Lancets, Capillary pipets, Alcohol swabs included",Bioline,,Test kit,25,"3,399",67980.00,20,0.8,"Standard Diagnostics, Korea",TRUE,1133,"$8,509.57 ",112.17
"43,059",106-HT-T30,FPQ-9066,SCMS-138550,ASN-15433,Haiti,PMO - US,Direct Drop,CIP,Air,01-06-12,2/24/2012,17-Jul-12,17-Jul-12,17-Jul-12,ARV,Pediatric,MERCK SHARP & DOHME IDEA GMBH (FORMALLY MERCK SHARP & DOHME B.V.),"Efavirenz 30mg/ml [Stocrin/Sustiva], oral solution, Bottle, 180 ml",Efavirenz,Stocrin/Sustiva,30mg/ml,Oral solution,180,"6,705",113716.80,16.96,0.09,"MSD Patheon, Canada",TRUE,1979,$853.07 ,159.43
"83,002",101-CD-T30,FPQ-8840,SO-41136,DN-2498,"Congo, DRC",PMO - US,From RDC,N/A - From RDC,Air,11/21/2011,N/A - From RDC,16-Mar-12,14-Feb-12,14-Feb-12,ARV,Adult,SCMS from RDC,"Abacavir 300mg, tablets, 60 Tabs",Abacavir,Generic,300mg,Tablet,60,9,131.67,14.63,0.24,Mylan (formerly Matrix) Nashik,TRUE,Weight Captured Separately,null,0.18
"43,079",108-VN-T30,FPQ-10644,SCMS-161060,ASN-17400,Vietnam,PMO - US,Direct Drop,EXW,Air,9/19/2012,9/24/2012,28-Dec-12,28-Dec-12,28-Dec-12,ARV,Adult,Aurobindo Pharma Limited,"Nevirapine 200mg, tablets, 60 Tabs",Nevirapine,Generic,200mg,Tablet,60,"14,055",31623.75,2.25,0.04,"Aurobindo Unit III, India",TRUE,1304,"$2,220.86 ",44.34
"43,085",800-LS-T30,FPQ-13954,SCMS-233590,ASN-25504,Lesotho,PMO - US,Direct Drop,EXW,Air,3/24/2014,04-03-14,25-Apr-14,25-Apr-14,05-May-14,HRDT,HIV test,"Orgenics, Ltd","HIV 1/2, Determine Complete HIV Kit, 100 Tests","HIV 1/2, Determine Complete HIV Kit",Determine,,Test kit,100,"2,104",168320.00,80,0.8,"Alere Medical Co., Ltd.",TRUE,856,"$11,063.78 ",173.03
"83,004",101-CD-T30,FPQ-8840,SO-41137,DN-2499,"Congo, DRC",PMO - US,From RDC,N/A - From RDC,Air,11/21/2011,N/A - From RDC,16-Mar-12,14-Feb-12,14-Feb-12,ARV,Adult,SCMS from RDC,"Abacavir 300mg, tablets, 60 Tabs",Abacavir,Generic,300mg,Tablet,60,55,804.65,14.63,0.24,Mylan (formerly Matrix) Nashik,TRUE,Weight Captured Separately,null,1.13
"43,136",102-KE-T30,FPQ-4250,SCMS-55902,ASN-5662,Kenya,PMO - US,Direct Drop,EXW,Air,9/16/2009,10/23/2009,18-Jan-10,18-Jan-10,18-Jan-10,HRDT,HIV test,"Orgenics, Ltd","HIV 1/2, Determine Complete HIV Kit, 100 Tests","HIV 1/2, Determine Complete HIV Kit",Determine,,Test kit,100,"3,000",240000.00,80,0.8,Inverness Japan,TRUE,907,"$9,014.80 ",470.4
"43,140",109-TZ-T30,FPQ-13418,SCMS-219190,ASN-25073,Tanzania,PMO - US,Direct Drop,EXW,Air,12/13/2013,12/27/2013,19-May-14,19-May-14,19-May-14,ARV,Adult,HETERO LABS LIMITED,"Nevirapine 200mg, tablets, 60 Tabs",Nevirapine,Generic,200mg,Tablet,60,"96,200",209716.00,2.18,0.04,Hetero Unit III Hyderabad IN,TRUE,6320,"$33,343.63 ",215.59
"83,047",111-MZ-T30,FPQ-9506,SO-41761,DN-2704,Mozambique,PMO - US,From RDC,N/A - From RDC,Truck,3/16/2012,N/A - From RDC,31-Jul-12,28-Jun-12,28-Jun-12,ARV,Pediatric,SCMS from RDC,"Nevirapine 10mg/ml, oral suspension w/syringe, Bottle, 240 ml",Nevirapine,Generic,10mg/ml,Oral suspension,240,"60,968",118887.60,1.95,0.01,"Aurobindo Unit III, India",TRUE,Weight Captured Separately,null,166.68
"43,229",104-CI-T30,FPQ-6252,SCMS-85420,ASN-8571,Côte d'Ivoire,PMO - US,Direct Drop,EXW,Air,8/26/2010,9/16/2010,24-Nov-10,24-Nov-10,24-Nov-10,HRDT,HIV test,"CHEMBIO DIAGNOSTIC SYSTEMS, INC.","HIV 1/2, Stat-Pak HIV, Kit, 20 Tests","HIV 1/2, Stat-Pak HIV, Kit",Stat-Pak,,Test kit,20,220,5940.00,27,1.35,Chembio Diagnostics Sys. Inc.,TRUE,115,"$7,883.32 ",12.81
"43,244",105-GY-T30,FPQ-8012,SCMS-116140,ASN-12868,Guyana,PMO - US,Direct Drop,FCA,Air,07-11-11,7/27/2011,30-Nov-11,30-Nov-11,30-Nov-11,ARV,Adult,ABBVIE LOGISTICS (FORMERLY ABBOTT LOGISTICS BV),"Lopinavir/Ritonavir 200/50mg [Aluvia], tablets, 120 Tabs",Lopinavir/Ritonavir,Aluvia,200/50mg,Tablet,120,"2,245",184539.00,82.2,0.68,ABBVIE Ludwigshafen Germany,TRUE,598,"$5,178.47 ",304.49
"83,322",107-RW-T30,FPQ-14111,SO-48813,DN-4181,Rwanda,PMO - US,From RDC,N/A - From RDC,Truck,4/22/2014,N/A - From RDC,30-Apr-15,27-Mar-15,07-Apr-15,ARV,Pediatric,SCMS from RDC,"Abacavir 20mg/ml, oral solution, Bottle, 240 ml",Abacavir,Generic,20mg/ml,Oral solution,240,503,3435.49,6.83,0.03,"Aurobindo Unit III, India",TRUE,Weight Captured Separately,null,3.53
"83,342",103-SS-T30,FPQ-16356,SO-51460,DN-4296,South Sudan,PMO - US,From RDC,N/A - From RDC,Air,5/14/2015,N/A - From RDC,25-Jun-15,19-Jun-15,23-Jun-15,ARV,Adult,SCMS from RDC,"Lamivudine/Nevirapine/Zidovudine 150/200/300mg, tablets, 60 Tabs",Lamivudine/Nevirapine/Zidovudine,Generic,150/300/200mg,Tablet - FDC,60,"18,600",150846.00,8.11,0.14,"Cipla, Goa, India",TRUE,Weight Captured Separately,null,177.55
"83,349",107-RW-T30,FPQ-16284,SO-51540,DN-4327,Rwanda,PMO - US,From RDC,N/A - From RDC,Air,5/27/2015,N/A - From RDC,18-Aug-15,06-Aug-15,11-Aug-15,ARV,Adult,SCMS from RDC,"Lamivudine/Nevirapine/Zidovudine 150/200/300mg, tablets, 60 Tabs",Lamivudine/Nevirapine/Zidovudine,Generic,150/300/200mg,Tablet - FDC,60,"1,479",11994.69,8.11,0.14,Hetero Unit III Hyderabad IN,TRUE,Weight Captured Separately,null,14.12
"83,517",104-CI-T30,FPQ-6495,SO-38750,DN-2295,Côte d'Ivoire,PMO - US,From RDC,N/A - From RDC,Air,10-04-10,N/A - From RDC,22-Jul-11,22-Jul-11,22-Jul-11,ARV,Pediatric,SCMS from RDC,"Nevirapine 10mg/ml, oral suspension w/syringe, Bottle, 240 ml",Nevirapine,Generic,10mg/ml,Oral suspension,240,"3,846",7499.70,1.95,0.01,"Aurobindo Unit III, India",TRUE,Weight Captured Separately,null,16.17
"83,531",109-TZ-T30,FPQ-6713,SO-38171,DN-2345,Tanzania,PMO - US,From RDC,N/A - From RDC,Truck,12-02-10,N/A - From RDC,03-Oct-11,16-Sep-11,16-Sep-11,ARV,Adult,SCMS from RDC,"Efavirenz/Emtricitabine/Tenofovir Disoproxil Fumarate 600/200/300mg, tablets, 30 Tabs",Efavirenz/Emtricitabine/Tenofovir Disoproxil Fumarate,Generic,600/200/300mg,Tablet - FDC,30,"68,235",1359241.20,19.92,0.66,Mylan (formerly Matrix) Nashik,TRUE,Weight Captured Separately,null,"2,242.75"
"43,383",114-UG-T30,FPQ-5277,SCMS-68330,ASN-6670,Uganda,PMO - US,Direct Drop,EXW,Air,03-12-10,3/18/2010,28-Apr-10,28-Apr-10,28-Apr-10,ARV,Adult,Aurobindo Pharma Limited,"Didanosine 250mg, delayed-release capsules, 30 Caps",Didanosine,Generic,250mg,Delayed-release capsules,30,60,780.00,13,0.43,"Aurobindo Unit III, India",TRUE,4,"$1,045.04 ",1.68
"43,390",161-ZA-T30,FPQ-6708,SCMS-93440,ASN-10855,South Africa,PMO - US,Direct Drop,DDP,Air,11/26/2010,12-06-10,12-Aug-11,12-Aug-11,12-Aug-11,ARV,Pediatric,GLAXOSMITHKLINE EXPORT LIMITED,"Abacavir 20mg/ml [Ziagen], oral solution, Bottle, 240 ml",Abacavir,Ziagen,20mg/ml,Oral solution,240,"60,000",601200.00,10.02,0.04,GSK Mississauga (Canada),TRUE,22956,"$27,372.24 ",991.98
"43,425",102-KE-T30,FPQ-4587,SCMS-58380,ASN-5899,Kenya,PMO - US,Direct Drop,EXW,Air,11/18/2009,12-02-09,16-Feb-10,19-Feb-10,19-Feb-10,HRDT,HIV test,"Orgenics, Ltd","HIV 1/2, Determine Complete HIV Kit, 100 Tests","HIV 1/2, Determine Complete HIV Kit",Determine,,Test kit,100,"7,110",568800.00,80,0.8,Inverness Japan,TRUE,1224,"$11,847.25 ","1,226.33"
"43,430",161-ZA-T30,FPQ-6708,SCMS-93640,ASN-9856,South Africa,PMO - US,Direct Drop,DDP,Ocean,11/26/2010,12/14/2010,05-Apr-11,05-Apr-11,05-Apr-11,ARV,Adult,CIPLA LIMITED,"Tenofovir Disoproxil Fumarate 300mg, tablets, 30 Tabs",Tenofovir Disoproxil Fumarate,Generic,300mg,Tablet,30,"105,707",725150.02,6.86,0.23,"Cipla, Goa, India",TRUE,7092,"$7,704.77 ","1,196.50"
"43,443",102-KE-T30,FPQ-4591,SCMS-58381,ASN-7198,Kenya,PMO - US,Direct Drop,EXW,Air,11/18/2009,12-02-09,07-Jul-10,07-Jul-10,07-Jul-10,HRDT,HIV test,"Orgenics, Ltd","HIV 1/2, Determine Complete HIV Kit, 100 Tests","HIV 1/2, Determine Complete HIV Kit",Determine,,Test kit,100,3,240.00,80,0.8,Inverness Japan,TRUE,1302,"$12,678.52 ",0.52
"83,587",102-BI-T30,FPQ-9229,SO-41531,DN-2636,Burundi,PMO - US,From RDC,N/A - From RDC,Air,1/25/2012,N/A - From RDC,26-Apr-12,04-May-12,04-May-12,ARV,Adult,SCMS from RDC,"Lamivudine/Zidovudine 150/300mg, tablets, 60 Tabs",Lamivudine/Zidovudine,Generic,150/300mg,Tablet - FDC,60,"1,728",13824.00,8,0.13,Hetero Unit III Hyderabad IN,TRUE,Weight Captured Separately,null,19.38
"43,480",161-ZA-T30,FPQ-5648,SCMS-75480,ASN-8340,South Africa,PMO - US,Direct Drop,DDP,Air,06-02-10,6/17/2010,13-Dec-10,13-Dec-10,13-Dec-10,ARV,Pediatric,Aurobindo Pharma Limited,"Nevirapine 10mg/ml, oral suspension w/syringe, Bottle, 240 ml",Nevirapine,Generic,10mg/ml,Oral suspension,240,"19,098",60158.70,3.15,0.01,"Aurobindo Unit III, India",TRUE,7367,"$3,444.28 ",129.7
"43,486",108-VN-T30,FPQ-14516,SCMS-249031,ASN-29589,Vietnam,PMO - US,Direct Drop,FCA,Air,07-09-14,08-11-14,15-Jan-15,15-Jan-15,24-Feb-15,ARV,Adult,ABBVIE LOGISTICS (FORMERLY ABBOTT LOGISTICS BV),"Ritonavir 100mg [Norvir], film coated tablets, 30 Tabs",Ritonavir,Norvir,100mg,Tablet,30,200,4652.00,23.26,0.78,ABBVIE Ludwigshafen Germany,TRUE,22,"$1,475.95 ",4.78
"83,764",104-CI-T30,FPQ-12800,SO-46391,DN-3548,Côte d'Ivoire,PMO - US,From RDC,N/A - From RDC,Air,08-09-13,N/A - From RDC,28-Feb-14,18-Feb-14,04-Mar-14,ARV,Pediatric,SCMS from RDC,"Lamivudine/Zidovudine 30/60mg, tablets, 60 Tabs",Lamivudine/Zidovudine,Generic,30/60mg,Tablet - FDC,60,"15,000",32250.00,2.15,0.04,Mylan (formerly Matrix) Nashik,TRUE,Weight Captured Separately,null,39.89
"43,526",200-UG-T30,FPQ-14628,SCMS-253250,ASN-28512,Uganda,PMO - US,Direct Drop,EXW,Air,7/23/2014,09-04-14,13-Nov-14,13-Nov-14,13-Nov-14,HRDT,HIV test,"Orgenics, Ltd","HIV 1/2, Determine Complete HIV Kit, 100 Tests","HIV 1/2, Determine Complete HIV Kit",Determine,,Test kit,100,"4,000",320000.00,80,0.8,"Alere Medical Co., Ltd.",TRUE,1624,"$14,692.80 ",328.96
"43,534",111-MZ-T30,FPQ-15844,SCMS-277860,ASN-31556,Mozambique,PMO - US,Direct Drop,EXW,Air,02-05-15,03-12-15,22-Apr-15,22-Apr-15,22-Apr-15,HRDT,HIV test,"Orgenics, Ltd","HIV 1/2, Determine Complete HIV Kit, 100 Tests","HIV 1/2, Determine Complete HIV Kit",Determine,,Test kit,100,"5,500",440000.00,80,0.8,"Alere Medical Co., Ltd.",TRUE,2139,"$19,193.57 ",517.88
"83,899",107-RW-T30,FPQ-15632,SO-50741,DN-4180,Rwanda,PMO - US,From RDC,N/A - From RDC,Air,12/23/2014,N/A - From RDC,30-Apr-15,27-Mar-15,07-Apr-15,ARV,Pediatric,SCMS from RDC,"Lamivudine/Zidovudine 30/60mg, dispersible tablets, 60 Tabs",Lamivudine/Zidovudine,Generic,30/60mg,Chewable/dispersible tablet - FDC,60,"3,813",7435.35,1.95,0.03,"Mylan,  H-12 & H-13, India",TRUE,Weight Captured Separately,null,8.75
"83,904",114-UG-T30,FPQ-14396,SO-49012,DN-4217,Uganda,PMO - US,From RDC,N/A - From RDC,Truck,06-04-14,N/A - From RDC,30-Apr-15,22-Apr-15,24-Apr-15,ARV,Pediatric,SCMS from RDC,"Lamivudine/Nevirapine/Zidovudine 30/50/60mg, dispersible tablets, 60 Tabs",Lamivudine/Nevirapine/Zidovudine,Generic,30/50/60mg,Chewable/dispersible tablet - FDC,60,832,2995.20,3.6,0.06,"Strides, Bangalore, India.",TRUE,Weight Captured Separately,null,3.08
"43,628",144-BW-T30,FPQ-4487,SCMS-57520,ASN-7210,Botswana,PMO - US,Direct Drop,EXW,Air,11-02-09,11/13/2009,13-Sep-10,13-Sep-10,13-Sep-10,HRDT,HIV test - Ancillary,"Trinity Biotech, Plc","#109436**HIV 1, Uni-Gold Recombigen HIV Control, Vial 2 x 0.5 ml","HIV 1, Uni-Gold Recombigen HIV Control, Vial 2 x 0.5 ml",Uni-Gold,,Test kit - Ancillary,2,15,465.00,31,15.5,"Trinity Biotech, Plc",TRUE,5,$592.46 ,1
"43,634",900-SS-T30,FPQ-11623,SCMS-178020,ASN-18785,South Sudan,PMO - US,Direct Drop,EXW,Air,02-08-13,2/27/2013,16-May-13,16-May-13,16-May-13,HRDT,HIV test,"Trinity Biotech, Plc","HIV 1/2, Uni-Gold HIV Kit, 20 Tests","HIV 1/2, Uni-Gold HIV Kit",Uni-Gold,,Test kit,20,52,1664.00,32,1.6,"Trinity Biotech, Plc",TRUE,24,"$1,170.36 ",2.06
"83,912",101-CD-T30,FPQ-16158,SO-51260,DN-4283,"Congo, DRC",PMO - US,From RDC,N/A - From RDC,Air,3/31/2015,N/A - From RDC,08-Jul-15,07-Aug-15,27-Aug-15,ARV,Adult,SCMS from RDC,"Lamivudine/Nevirapine/Zidovudine 150/200/300mg, tablets, 60 Tabs",Lamivudine/Nevirapine/Zidovudine,Generic,150/300/200mg,Tablet - FDC,60,"70,971",547896.12,7.72,0.13,"Hetero, Jadcherla, unit 5, IN",TRUE,Weight Captured Separately,null,644.87
"43,635",108-VN-T30,FPQ-12539,SCMS-199820,ASN-23647,Vietnam,PMO - US,Direct Drop,EXW,Air,07-11-13,08-02-13,13-Jun-14,13-Jun-14,31-Jul-14,ARV,Adult,MYLAN LABORATORIES LTD (FORMERLY MATRIX LABORATORIES),"Efavirenz/Lamivudine/Tenofovir Disoproxil Fumarate 600/300/300mg, tablets, 30 Tabs",Efavirenz/Lamivudine/Tenofovir Disoproxil Fumarate,Generic,600/300/300mg,Tablet - FDC,30,"13,907",155063.05,11.15,0.37,Mylan (formerly Matrix) Nashik,TRUE,1578,"$2,689.85 ",191.81
"83,914",103-SS-T30,FPQ-16212,SO-51450,DN-4287,South Sudan,PMO - US,From RDC,N/A - From RDC,Air,4/15/2015,N/A - From RDC,28-Jul-15,19-Jun-15,23-Jun-15,ARV,Adult,SCMS from RDC,"Efavirenz/Lamivudine/Tenofovir Disoproxil Fumarate 600/300/300mg, tablets, 30 Tabs",Efavirenz/Lamivudine/Tenofovir Disoproxil Fumarate,Generic,600/300/300mg,Tablet - FDC,30,"56,400",541440.00,9.6,0.32,Mylan (formerly Matrix) Nashik,TRUE,Weight Captured Separately,null,637.27
"43,693",110-ZM-T30,FPQ-15075,SCMS-260230,ASN-30881,Zambia,PMO - US,Direct Drop,EXW,Air,10/15/2014,10/22/2014,29-May-15,29-May-15,02-Jun-15,HRDT,HIV test,"Trinity Biotech, Plc","HIV 1/2, Uni-Gold HIV Kit, 20 Tests","HIV 1/2, Uni-Gold HIV Kit",Uni-Gold,,Test kit,20,"8,000",256000.00,32,1.6,"Trinity Biotech, Plc",TRUE,2328,"$14,581.51 ",301.31
"43,714",133-NG-T30,FPQ-9599,SCMS-144200,ASN-15953,Nigeria,PMO - US,Direct Drop,EXW,Air,3/27/2012,05-03-12,01-Aug-12,30-Aug-12,30-Aug-12,HRDT,HIV test,"Orgenics, Ltd","HIV 1/2, Determine Complete HIV Kit, 100 Tests","HIV 1/2, Determine Complete HIV Kit",Determine,,Test kit,100,"8,149",725261.00,89,0.89,"Alere Medical Co., Ltd.",TRUE,3886,"$86,928.23 ","1,016.82"
"83,930",151-NG-T30,FPQ-16541,SO-51790,DN-4343,Nigeria,PMO - US,From RDC,N/A - From RDC,Air,07-07-15,N/A - From RDC,30-Sep-15,28-Aug-15,02-Sep-15,ARV,Adult,SCMS from RDC,"Abacavir/Lamivudine 600/300mg, tablets, 30 Tabs",Abacavir/Lamivudine,Generic,600/300mg,Tablet - FDC,30,"5,025",65877.75,13.11,0.44,Mylan (formerly Matrix) Nashik,TRUE,Weight Captured Separately,null,77.54
"83,932",107-RW-T30,FPQ-16571,SO-51741,DN-4347,Rwanda,PMO - US,From RDC,N/A - From RDC,Air,07-07-15,N/A - From RDC,08-Sep-15,26-Aug-15,01-Sep-15,ARV,Pediatric,SCMS from RDC,"Lamivudine/Nevirapine/Zidovudine 30/50/60mg, dispersible tablets, 60 Tabs",Lamivudine/Nevirapine/Zidovudine,Generic,30/50/60mg,Chewable/dispersible tablet - FDC,60,"3,408",12098.40,3.55,0.06,"Strides, Bangalore, India.",TRUE,Weight Captured Separately,null,14.24
"43,786",114-UG-T30,FPQ-12156,SCMS-188340,ASN-19788,Uganda,PMO - US,Direct Drop,EXW,Air,4/23/2013,05-09-13,18-Jun-13,18-Jun-13,18-Jun-13,HRDT,HIV test,"Trinity Biotech, Plc","HIV 1/2, Uni-Gold HIV Kit, 20 Tests","HIV 1/2, Uni-Gold HIV Kit",Uni-Gold,,Test kit,20,427,13664.00,32,1.6,"Trinity Biotech, Plc",TRUE,139,"$2,473.96 ",16.9
"43,805",106-HT-T30,FPQ-13797,SCMS-234040,ASN-27086,Haiti,PMO - US,Direct Drop,EXW,Ocean,3/20/2014,05-05-14,20-Oct-14,20-Oct-14,24-Oct-14,ARV,Adult,HETERO LABS LIMITED,"Lamivudine/Zidovudine 150/300mg, tablets, 60 Tabs",Lamivudine/Zidovudine,Generic,150/300mg,Tablet - FDC,60,"9,227",60990.47,6.61,0.11,Hetero Unit III Hyderabad IN,TRUE,813,"$1,922.50 ",62.7
"43,807",161-ZA-T30,FPQ-7175,SCMS-103450,ASN-11509,South Africa,PMO - US,Direct Drop,DDP,Ocean,03-10-11,3/24/2011,13-Oct-11,13-Oct-11,13-Oct-11,ARV,Pediatric,Aurobindo Pharma Limited,"Nevirapine 10mg/ml, oral suspension w/syringe, Bottle, 240 ml",Nevirapine,Generic,10mg/ml,Oral suspension,240,"10,603",23962.78,2.26,0.01,"Aurobindo Unit III, India",TRUE,3818,"$11,234.10 ",39.54
"43,812",107-RW-T30,FPQ-3859,SCMS-48930,ASN-6667,Rwanda,PMO - US,Direct Drop,CIP,Air,6/30/2009,7/17/2009,13-Apr-10,13-Apr-10,13-Apr-10,ARV,Adult,Aurobindo Pharma Limited,"Abacavir 300mg, tablets, 60 Tabs",Abacavir,Generic,300mg,Tablet,60,"10,620",205284.60,19.33,0.32,"Aurobindo Unit III, India",TRUE,1050,"$18,475.61 ",402.36
"84,122",109-TZ-T30,FPQ-8297,SO-40620,DN-2443,Tanzania,PMO - US,From RDC,N/A - From RDC,Truck,8/22/2011,N/A - From RDC,10-Jan-12,22-Dec-11,22-Dec-11,ARV,Adult,SCMS from RDC,"Emtricitabine/Tenofovir Disoproxil Fumarate 200/300mg, tablets, 30 Tabs",Emtricitabine/Tenofovir Disoproxil Fumarate,Generic,200/300mg,Tablet - FDC,30,"23,940",214741.80,8.97,0.3,"Aurobindo Unit III, India",TRUE,Weight Captured Separately,null,354.32
"43,834",901-NA-T30,FPQ-14728,SCMS-252630,ASN-29184,Namibia,PMO - US,Direct Drop,EXW,Air,7/30/2014,8/19/2014,25-Nov-14,25-Nov-14,26-Nov-14,ARV,Adult,MYLAN LABORATORIES LTD (FORMERLY MATRIX LABORATORIES),"Efavirenz/Emtricitabine/Tenofovir Disoproxil Fumarate 600/200/300mg, tablets, 30 Tabs",Efavirenz/Emtricitabine/Tenofovir Disoproxil Fumarate,Generic,600/200/300mg,Tablet - FDC,30,"29,160",306180.00,10.5,0.35,"Mylan,  H-12 & H-13, India",TRUE,3402,"$17,118.80 ",314.75
"84,163",109-TZ-T30,FPQ-8303,SO-40530,DN-2634,Tanzania,PMO - US,From RDC,N/A - From RDC,Truck,8/22/2011,N/A - From RDC,31-May-12,30-Apr-12,30-Apr-12,ARV,Pediatric,SCMS from RDC,"Nevirapine 10mg/ml, oral suspension w/syringe, Bottle, 240 ml",Nevirapine,Generic,10mg/ml,Oral suspension,240,"24,307",47398.65,1.95,0.01,"Aurobindo Unit III, India",TRUE,Weight Captured Separately,null,78.21
"84,725",113-ZW-T30,FPQ-8464,SO-40882,DN-2682,Zimbabwe,PMO - US,From RDC,N/A - From RDC,Truck,10-04-11,N/A - From RDC,14-Aug-12,10-May-12,10-May-12,ARV,Adult,SCMS from RDC,"Lamivudine/Nevirapine/Stavudine 150/200/30mg, tablets, 60 Tabs",Lamivudine/Nevirapine/Stavudine,Generic,150/200/30mg,Tablet - FDC,60,"4,050",19035.00,4.7,0.08,"Strides, Bangalore, India.",TRUE,Weight Captured Separately,null,31.41
"43,897",110-ZM-T30,FPQ-4691,SCMS-60710,ASN-6292,Zambia,PMO - US,Direct Drop,EXW,Air,12/16/2009,12/22/2009,18-Mar-10,18-Mar-10,18-Mar-10,HRDT,HIV test,"Orgenics, Ltd","HIV 1/2, Determine Complete HIV Kit, 100 Tests","HIV 1/2, Determine Complete HIV Kit",Determine,,Test kit,100,"2,161",155592.00,72,0.72,Inverness Japan,TRUE,1051,"$16,633.36 ",335.46
"43,905",133-NG-T30,FPQ-12812,SCMS-210331,ASN-24418,Nigeria,PMO - US,Direct Drop,EXW,Air,8/13/2013,10/18/2013,19-Mar-14,19-Mar-14,19-Mar-14,HRDT,HIV test,"Trinity Biotech, Plc","HIV 1/2, Uni-Gold HIV Kit, 20 Tests","HIV 1/2, Uni-Gold HIV Kit",Uni-Gold,,Test kit,20,"24,250",776000.00,32,1.6,"Trinity Biotech, Plc",TRUE,7080,"$70,509.14 ",959.91
"43,912",106-HT-T30,FPQ-15038,SCMS-263170,ASN-31573,Haiti,PMO - US,Direct Drop,EXW,Air,10/22/2014,12/24/2014,11-May-15,11-May-15,13-May-15,ARV,Adult,Aurobindo Pharma Limited,"Lamivudine/Zidovudine 150/300mg, tablets, 60 Tabs",Lamivudine/Zidovudine,Generic,150/300mg,Tablet - FDC,60,"1,217",8239.09,6.77,0.11,"Aurobindo Unit III, India",TRUE,124,$976.44 ,8.47
"84,728",111-MZ-T30,FPQ-8157,SO-40384,DN-2680,Mozambique,PMO - US,From RDC,N/A - From RDC,Truck,08-04-11,N/A - From RDC,16-May-12,10-May-12,10-May-12,ARV,Adult,SCMS from RDC,"Lamivudine/Nevirapine/Stavudine 150/200/30mg, tablets, 60 Tabs",Lamivudine/Nevirapine/Stavudine,Generic,150/200/30mg,Tablet - FDC,60,"4,050",19035.00,4.7,0.08,"Strides, Bangalore, India.",TRUE,Weight Captured Separately,null,31.41
"84,866",110-ZM-T30,FPQ-12066,SO-46520,DN-3379,Zambia,PMO - US,From RDC,N/A - From RDC,Truck,4/19/2013,N/A - From RDC,20-Nov-13,29-Nov-13,12-Dec-13,ARV,Adult,SCMS from RDC,"Abacavir 300mg, tablets, 60 Tabs",Abacavir,Generic,300mg,Tablet,60,"11,833",135606.18,11.46,0.19,Mylan (formerly Matrix) Nashik,TRUE,Weight Captured Separately,null,167.74
"43,929",114-UG-T30,FPQ-8497,SCMS-124980,ASN-13223,Uganda,PMO - US,Direct Drop,FCA,Air,10-03-11,10/21/2011,14-Jan-12,14-Jan-12,14-Jan-12,ARV,Adult,Hoffmann-La Roche ltd Basel,"Saquinavir 500mg [Invirase], tablets, 120 Tabs",Saquinavir,Invirase,500mg,Tablet,120,98,12362.16,126.14,1.05,Roche Basel,TRUE,18,$586.16 ,20.4
"84,945",102-ZW-T30,FPQ-14557,SO-49250,DN-3879,Zimbabwe,PMO - US,From RDC,N/A - From RDC,Truck,07-02-14,N/A - From RDC,25-Aug-14,12-Sep-14,13-Oct-14,ARV,Pediatric,SCMS from RDC,"Abacavir 20mg/ml, [DON] oral solution, Bottle, 240 ml",Abacavir,Generic,20mg/ml,Oral solution,240,301,0.00,0,0,"Aurobindo Unit III, India",TRUE,Weight Captured Separately,null,0
"43,970",109-TZ-T30,FPQ-6203,SCMS-82770,ASN-8625,Tanzania,PMO - US,Direct Drop,EXW,Ocean,8/18/2010,8/25/2010,29-Dec-10,29-Dec-10,29-Dec-10,ARV,Adult,MYLAN LABORATORIES LTD (FORMERLY MATRIX LABORATORIES),"Efavirenz/Emtricitabine/Tenofovir Disoproxil Fumarate 600/200/300mg, tablets, 30 Tabs",Efavirenz/Emtricitabine/Tenofovir Disoproxil Fumarate,Generic,600/200/300mg,Tablet - FDC,30,"53,149",1057665.10,19.9,0.66,Mylan (formerly Matrix) Nashik,TRUE,5803,"$27,478.63 ","2,280.33"
"85,191",117-ET-T30,FPQ-7798,SO-39900,DN-2253,Ethiopia,PMO - US,From RDC,N/A - From RDC,Air,5/23/2011,N/A - From RDC,21-Jun-11,01-Jun-11,01-Jun-11,ARV,Adult,SCMS from RDC,"Efavirenz 600mg, tablets, 30 Tabs",Efavirenz,Generic,600mg,Tablet,30,"10,158",42866.76,4.22,0.14,"Aurobindo Unit III, India",TRUE,Weight Captured Separately,null,70.73
"43,989",109-TZ-T30,FPQ-3782,SCMS-47730,ASN-4489,Tanzania,PMO - US,Direct Drop,CIP,Air,06-11-09,6/29/2009,11-Aug-09,11-Aug-09,11-Aug-09,ARV,Adult,BRISTOL-MYERS SQUIBB,"Didanosine EC 400mg [Videx EC], delayed-release capsules, Blister 3 x 10 Caps",Didanosine EC,Videx EC,400mg,Delayed-release capsules - blister,30,"3,000",71010.00,23.67,0.79,"BMS Meymac, France",TRUE,363,$777 ,139.18
"43,998",161-ZA-T30,FPQ-7175,SCMS-103410,ASN-11587,South Africa,PMO - US,Direct Drop,DDP,Ocean,03-10-11,3/24/2011,14-Sep-11,14-Sep-11,14-Sep-11,ARV,Pediatric,Aurobindo Pharma Limited,"Efavirenz 50mg, capsule, 30 Caps",Efavirenz,Generic,50mg,Capsule,30,"45,232",110366.08,2.44,0.08,"Aurobindo Unit III, India",TRUE,2674,"$5,301.65 ",182.1
"85,603",107-RW-T30,FPQ-16284,SO-51550,DN-4330,Rwanda,PMO - US,From RDC,N/A - From RDC,Air,5/27/2015,N/A - From RDC,30-Sep-15,03-Aug-15,11-Aug-15,ARV,Pediatric,SCMS from RDC,"Abacavir/Lamivudine 60/30mg, dispersible tablets, 60 Tabs",Abacavir/Lamivudine,Generic,60/30mg,Chewable/dispersible tablet - FDC,60,"28,622",145685.98,5.09,0.08,"Cipla, Patalganga, India",TRUE,Weight Captured Separately,null,171.47
"44,045",114-UG-T30,FPQ-3891,SCMS-52580,ASN-5101,Uganda,PMO - US,Direct Drop,EXW,Air,7/22/2009,9/14/2009,11-Nov-09,11-Nov-09,11-Nov-09,ARV,Pediatric,EMCURE PHARMACEUTICALS LTD,"Atazanavir 150mg, capsules, 60 Caps",Atazanavir,Generic,150mg,Capsule,60,46,1200.14,26.09,0.43,"Emcure Plot No.P-2, I.T-B.T. Park, Phase II, MIDC, Hinjwadi, Pune, India",TRUE,3,$986.79 ,2.35
"44,068",108-VN-T30,FPQ-15040,SCMS-263650,ASN-30554,Vietnam,PMO - US,Direct Drop,EXW,Air,10/30/2014,12-08-14,23-Mar-15,23-Mar-15,23-Mar-15,ARV,Adult,MYLAN LABORATORIES LTD (FORMERLY MATRIX LABORATORIES),"Efavirenz/Lamivudine/Tenofovir Disoproxil Fumarate 600/300/300mg, tablets, 30 Tabs",Efavirenz/Lamivudine/Tenofovir Disoproxil Fumarate,Generic,600/300/300mg,Tablet - FDC,30,"21,384",217047.60,10.15,0.34,Mylan (formerly Matrix) Nashik,TRUE,2406,"$4,219.32 ",223.12
"44,082",133-NG-T30,FPQ-13741,SCMS-239690,ASN-26758,Nigeria,PMO - US,Direct Drop,EXW,Air,2/13/2014,5/19/2014,09-Jul-14,09-Jul-14,17-Jul-14,HRDT,HIV test,"Orgenics, Ltd","HIV 1/2, Determine Complete HIV Kit, 100 Tests","HIV 1/2, Determine Complete HIV Kit",Determine,,Test kit,100,"11,054",983806.00,89,0.89,"Alere Medical Co., Ltd.",TRUE,4495,"$67,915.70 ","1,011.35"
"44,092",102-GY-T30,FPQ-6501,SCMS-89530,ASN-9004,Guyana,PMO - US,Direct Drop,EXW,Air,10-08-10,10/27/2010,12-Jan-11,12-Jan-11,12-Jan-11,HRDT,HIV test - Ancillary,"CHEMBIO DIAGNOSTIC SYSTEMS, INC.","HIV 1/2, Stat-Pak Buffer Only, 20 Tests","HIV 1/2, Stat-Pak Buffer Only",Stat-Pak,,Test kit - Ancillary,1,40,100.00,2.5,2.5,Chembio Diagnostics Sys. Inc.,TRUE,2,$281.61 ,0.16
"44,099",106-HT-T30,FPQ-11286,SCMS-176280,ASN-19666,Haiti,PMO - US,Direct Drop,FCA,Air,1/16/2013,02-05-13,20-Jun-13,20-Jun-13,20-Jun-13,ARV,Pediatric,ABBVIE LOGISTICS (FORMERLY ABBOTT LOGISTICS BV),"Lopinavir/Ritonavir 100/25mg [Aluvia], tablets, 60 Tabs",Lopinavir/Ritonavir,Generic,100/25mg,Tablet,60,612,3635.28,5.94,0.1,ABBVIE Ludwigshafen Germany,TRUE,76,"$1,286.68 ",4.5
"44,105",106-HT-T30,FPQ-15038,SCMS-262890,ASN-32676,Haiti,PMO - US,Direct Drop,FCA,Air,10/22/2014,1/30/2015,07-Jul-15,07-Jul-15,07-Jul-15,ARV,Adult,ABBVIE LOGISTICS (FORMERLY ABBOTT LOGISTICS BV),"Ritonavir 100mg [Norvir], film coated tablets, 60 Tabs",Ritonavir,Norvir,100mg,Tablet,60,350,2397.50,6.85,0.11,ABBVIE Ludwigshafen Germany,TRUE,51,"$4,126.90 ",2.46
"85,828",109-TZ-T30,FPQ-8303,SO-40520,DN-2536,Tanzania,PMO - US,From RDC,N/A - From RDC,Truck,8/22/2011,N/A - From RDC,30-Mar-12,12-Mar-12,12-Mar-12,ARV,Pediatric,SCMS from RDC,"Nevirapine 10mg/ml, oral suspension w/syringe, Bottle, 240 ml",Nevirapine,Generic,10mg/ml,Oral suspension,240,"32,554",63480.30,1.95,0.01,"Aurobindo Unit III, India",TRUE,Weight Captured Separately,null,104.74
"86,059",114-UG-T30,FPQ-13108,SO-46880,DN-3583,Uganda,PMO - US,From RDC,N/A - From RDC,Truck,10/16/2013,N/A - From RDC,30-Apr-14,18-Apr-14,07-May-14,ARV,Adult,SCMS from RDC,"Lopinavir/Ritonavir 200/50mg, tablets, 120 Tabs",Lopinavir/Ritonavir,Generic,200/50mg,Tablet,120,"26,960",541087.20,20.07,0.17,"Aurobindo Unit III, India",TRUE,Weight Captured Separately,null,556.24
"86,064",101-KE-T30,FPQ-13822,SO-48080,DN-3591,Kenya,PMO - US,From RDC,N/A - From RDC,Truck,2/27/2014,N/A - From RDC,03-Apr-14,11-Mar-14,09-Jul-14,HRDT,HIV test,SCMS from RDC,"HIV 1/2/O, First Response HIV 1-2.0, v.3.0 Cards Kit, 30 Tests","HIV 1/2/O, First Response HIV 1-2.0, v.3.0 Cards Kit",First Response,,Test kit,30,"2,429",0.00,0,0,Premier Med. Corp Ltd. India,TRUE,Weight Captured Separately,null,0
"86,155",114-UG-T30,FPQ-15294,SO-50091,DN-4060,Uganda,PMO - US,From RDC,N/A - From RDC,Truck,11-03-14,N/A - From RDC,30-Jan-15,16-Jan-15,19-Jan-15,ARV,Adult,SCMS from RDC,"Efavirenz/Lamivudine/Tenofovir Disoproxil Fumarate 600/300/300mg, tablets, 30 Tabs",Efavirenz/Lamivudine/Tenofovir Disoproxil Fumarate,Generic,600/300/300mg,Tablet - FDC,30,"85,000",829600.00,9.76,0.33,Mylan (formerly Matrix) Nashik,TRUE,Weight Captured Separately,null,976.44
"86,181",900-TG-T30,FPQ-15916,SO-51070,DN-4185,Togo,PMO - US,From RDC,N/A - From RDC,Air,2/18/2015,N/A - From RDC,31-Mar-15,24-Apr-15,29-Apr-15,ARV,Adult,SCMS from RDC,"Nevirapine 200mg, tablets, 60 Tabs",Nevirapine,Generic,200mg,Tablet,60,240,523.20,2.18,0.04,Hetero Unit III Hyderabad IN,TRUE,Weight Captured Separately,null,0.62
"44,209",109-TZ-T30,FPQ-13048,SCMS-210901,ASN-24564,Tanzania,PMO - US,Direct Drop,EXW,Air,10-03-13,01-08-14,11-Apr-14,11-Apr-14,11-Apr-14,ARV,Adult,Aurobindo Pharma Limited,"Zidovudine 300mg, tablets, 60 Tabs",Zidovudine,Generic,300mg,Tablet,60,"31,528",171197.04,5.43,0.09,"Aurobindo Unit III, India",TRUE,1899,"$10,879.44 ",211.77
"86,193",107-RW-T30,FPQ-15622,SO-50721,DN-4238,Rwanda,PMO - US,From RDC,N/A - From RDC,Truck,12/22/2014,N/A - From RDC,30-Jun-15,05-May-15,06-May-15,ARV,Pediatric,SCMS from RDC,"Efavirenz 200mg, scored tablets, 90 Tabs",Efavirenz,Generic,200mg,Tablet,90,"2,118",19697.40,9.3,0.1,"Strides, Bangalore, India.",TRUE,Weight Captured Separately,null,23.18
"44,263",100-ZM-T30,FPQ-12179,SCMS-190730,ASN-20679,Zambia,PMO - US,Direct Drop,EXW,Air,5/14/2013,5/22/2013,23-Jul-13,23-Jul-13,23-Jul-13,HRDT,HIV test,"Trinity Biotech, Plc","HIV 1/2, Uni-Gold HIV Kit, 20 Tests","HIV 1/2, Uni-Gold HIV Kit",Uni-Gold,,Test kit,20,"2,730",87360.00,32,1.6,"Trinity Biotech, Plc",TRUE,890,"$11,367.59 ",108.06
"86,267",114-UG-T30,FPQ-4497,SO-35850,DN-1649,Uganda,PMO - US,From RDC,N/A - From RDC,Air,10/28/2009,N/A - From RDC,20-May-10,23-Dec-09,23-Dec-09,ARV,Adult,SCMS from RDC,"Zidovudine 300mg, tablets, 60 Tabs",Zidovudine,Generic,300mg,Tablet,60,6,45.18,7.53,0.13,"Aurobindo Unit III, India",TRUE,Weight Captured Separately,null,0.1
"44,304",133-NG-T30,FPQ-14305,SCMS-240830,ASN-27466,Nigeria,PMO - US,Direct Drop,EXW,Air,5/16/2014,06-02-14,19-Aug-14,19-Aug-14,04-Nov-14,HRDT,HIV test,"Orgenics, Ltd","HIV 1/2, Determine Complete HIV Kit, 100 Tests","HIV 1/2, Determine Complete HIV Kit",Determine,,Test kit,100,"4,758",423462.00,89,0.89,"Alere Medical Co., Ltd.",TRUE,1934,"$28,895.07 ",435.32
"86,286",151-NG-T30,FPQ-4537,SO-35093,DN-1744,Nigeria,PMO - US,From RDC,N/A - From RDC,Air Charter,11-06-09,N/A - From RDC,19-Apr-10,31-Mar-10,31-Mar-10,ARV,Adult,SCMS from RDC,"Zidovudine 300mg, tablets, 60 Tabs",Zidovudine,Generic,300mg,Tablet,60,"1,000",7500.00,7.5,0.12,Mylan (formerly Matrix) Nashik,TRUE,Weight Captured Separately,null,16.17
"44,315",105-GY-T30,FPQ-10249,SCMS-153890,ASN-17087,Guyana,PMO - US,Direct Drop,EXW,Air,07-05-12,7/26/2012,20-Nov-12,20-Nov-12,20-Nov-12,HRDT,HIV test,"Orgenics, Ltd","HIV 1/2, Determine Complete HIV Kit, 100 Tests","HIV 1/2, Determine Complete HIV Kit",Determine,,Test kit,100,90,9000.00,100,1,"Alere Medical Co., Ltd.",TRUE,41,"$1,182.50 ",12.62
"86,584",111-MZ-T30,FPQ-11033,SO-43774,DN-3230,Mozambique,PMO - US,From RDC,N/A - From RDC,Truck,11-12-12,N/A - From RDC,01-Aug-13,01-Aug-13,01-Aug-13,ARV,Adult,SCMS from RDC,"Efavirenz/Lamivudine/Tenofovir Disoproxil Fumarate 600/300/300mg, tablets, 30 Tabs",Efavirenz/Lamivudine/Tenofovir Disoproxil Fumarate,Generic,600/300/300mg,Tablet - FDC,30,"50,000",526000.00,10.52,0.35,Hetero Unit III Hyderabad IN,TRUE,Weight Captured Separately,null,650.66
"86,596",102-BI-T30,FPQ-12602,SO-46021,DN-3283,Burundi,PMO - US,From RDC,N/A - From RDC,Air,07-09-13,N/A - From RDC,13-Oct-13,21-May-13,18-Nov-14,ARV,Adult,SCMS from RDC,"Nevirapine 200mg, tablets, 60 Tabs",Nevirapine,Generic,200mg,Tablet,60,63,142.38,2.26,0.04,Hetero Unit III Hyderabad IN,TRUE,Weight Captured Separately,null,0.18
"44,363",103-DO-T30,FPQ-11964,SCMS-202650,ASN-21798,Dominican Republic,PMO - US,Direct Drop,EXW,Air,04-10-13,08-12-13,04-Oct-13,04-Oct-13,18-Oct-13,ARV,Adult,EMCURE PHARMACEUTICALS LTD,"Atazanavir 300mg, capsules, 30 Caps",Atazanavir,Generic,300mg,Capsule,30,"1,902",38040.00,20,0.67,"Emcure Plot No.P-2, I.T-B.T. Park, Phase II, MIDC, Hinjwadi, Pune, India",TRUE,170,"$1,965.62 ",47.06
"86,604",102-DO-T30,FPQ-12902,SO-46510,DN-3325,Dominican Republic,PMO - US,From RDC,N/A - From RDC,Air,8/29/2013,N/A - From RDC,26-Sep-13,21-May-13,18-Nov-14,ARV,Adult,SCMS from RDC,"Lopinavir/Ritonavir 200/50mg, [DON] tablets, 120 Tabs",Lopinavir/Ritonavir,Generic,200/50mg,Tablet,120,93,0.00,0,0,Mylan (formerly Matrix) Nashik,TRUE,Weight Captured Separately,null,0
"44,393",110-ZM-T30,FPQ-14827,SCMS-256500,ASN-31165,Zambia,PMO - US,Direct Drop,EXW,Air,8/19/2014,9/19/2014,12-May-15,08-May-15,12-May-15,HRDT,HIV test,"Orgenics, Ltd","HIV 1/2, Determine Complete HIV Kit, 100 Tests","HIV 1/2, Determine Complete HIV Kit",Determine,,Test kit,100,"5,538",443040.00,80,0.8,"Alere Medical Co., Ltd.",TRUE,5538,"$25,380.88 ",455.45
"44,448",161-ZA-T30,FPQ-7175,SCMS-104080,ASN-12035,South Africa,PMO - US,Direct Drop,DDP,Ocean,03-10-11,3/28/2011,13-Dec-11,13-Dec-11,13-Dec-11,ARV,Adult,CIPLA LIMITED,"Nevirapine 200mg, tablets, 60 Tabs",Nevirapine,Generic,200mg,Tablet,60,"104,636",284609.92,2.72,0.05,"Cipla, Goa, India",TRUE,11275,"$8,527.46 ",469.61
"69,881",106-HT-T30,FPQ-7066,SCMS-100140,ASN-10007,Haiti,PMO - US,Direct Drop,FCA,Air,1/27/2011,2/15/2011,05-Apr-11,05-Apr-11,05-Apr-11,ARV,Pediatric,BRISTOL-MYERS SQUIBB,"Didanosine 50mg [Videx], chewable tablets, 60 Tabs",Didanosine,Videx,50mg,Chewable/dispersible tablet,60,300,2850.00,9.5,0.16,"BMS Meymac, France",FALSE,See ASN-10007 (ID#:23194),null,4.7
"60,779",161-ZA-T30,FPQ-6262,SCMS-83770,ASN-10127,South Africa,PMO - US,Direct Drop,DDP,Ocean,8/31/2010,9/24/2010,26-Apr-11,26-Apr-11,26-Apr-11,ARV,Adult,Aurobindo Pharma Limited,"Lamivudine 150mg, tablets, 60 Tabs",Lamivudine,Generic,150mg,Tablet,60,"84,143",199418.91,2.37,0.04,"Aurobindo Unit III, India",FALSE,See ASN-10127 (ID#:17949),null,429.95
"44,501",108-VN-T30,FPQ-10287,SCMS-155710,ASN-17020,Vietnam,PMO - US,Direct Drop,FCA,Air,7/25/2012,8/14/2012,11-Dec-12,11-Dec-12,11-Dec-12,ARV,Pediatric,ABBVIE LOGISTICS (FORMERLY ABBOTT LOGISTICS BV),"Lopinavir/Ritonavir 100/25mg [Aluvia], tablets, 60 Tabs",Lopinavir/Ritonavir,Generic,100/25mg,Tablet,60,396,6023.16,15.21,0.25,ABBVIE Ludwigshafen Germany,TRUE,53,$439.17 ,8.44
"44,516",104-CI-T30,FPQ-11294,SCMS-173130,ASN-19140,Côte d'Ivoire,PMO - US,Direct Drop,EXW,Air,12/14/2012,1/15/2013,26-Apr-13,26-Apr-13,26-Apr-13,HRDT,HIV test,"Orgenics, Ltd","HIV 1/2, Determine Complete HIV Kit, 100 Tests","HIV 1/2, Determine Complete HIV Kit",Determine,,Test kit,100,"2,104",168320.00,80,0.8,"Alere Medical Co., Ltd.",TRUE,917,"$16,661.34 ",208.21
"44,567",107-RW-T30,FPQ-10223,SCMS-152910,ASN-15894,Rwanda,PMO - US,Direct Drop,EXW,Air,07-05-12,7/16/2012,09-Sep-12,09-Sep-12,09-Sep-12,ARV,Adult,Aurobindo Pharma Limited,"Nevirapine 200mg, tablets, 60 Tabs",Nevirapine,Generic,200mg,Tablet,60,"57,961",130412.25,2.25,0.04,"Aurobindo Unit III, India",TRUE,5525,"$43,237.33 ",182.84
"4,192",107-RW-T01,Pre-PQ Process,SCMS-14140,ASN-1028,Rwanda,PMO - US,Direct Drop,EXW,Air,Pre-PQ Process,11/16/2007,10-Jan-08,10-Jan-08,10-Jan-08,HRDT,HIV test,"Trinity Biotech, Plc","HIV 1/2, Uni-Gold HIV Kit, 20 Tests","HIV 1/2, Uni-Gold HIV Kit",Uni-Gold,10mg+ml+/,Test kit,20,"2,450",78400.00,32,1.6,"Trinity Biotech, Plc",FALSE,See ASN-1028 (ID#:2927),null,125.44
"72,695",107-RW-T30,FPQ-6185,SCMS-84400,ASN-10663,Rwanda,PMO - US,Direct Drop,CIP,Air,09-03-10,9/27/2010,25-Apr-11,25-Apr-11,25-Apr-11,ARV,Adult,Aurobindo Pharma Limited,"Didanosine 250mg, delayed-release capsules, 30 Caps",Didanosine,Generic,250mg,Delayed-release capsules,30,570,7552.50,13.25,0.44,"Aurobindo Unit III, India",FALSE,See ASN-10663 (ID#:32313),null,16.28
"44,612",108-VN-T30,FPQ-5317,SCMS-69730,ASN-8447,Vietnam,PMO - US,Direct Drop,EXW,Air,3/22/2010,3/29/2010,09-Nov-10,09-Nov-10,09-Nov-10,ARV,Adult,MYLAN LABORATORIES LTD (FORMERLY MATRIX LABORATORIES),"Efavirenz 600mg, tablets, 30 Tabs",Efavirenz,Generic,600mg,Tablet,30,"40,890",175827.00,4.3,0.14,Mylan (formerly Matrix) Nashik,TRUE,3329,"$10,455.35 ",379.08
"54,265",109-TZ-T30,FPQ-6795,SCMS-103290,ASN-10811,Tanzania,PMO - US,Direct Drop,FCA,Air,1/27/2011,4/14/2011,27-Jun-11,27-Jun-11,27-Jun-11,ARV,Adult,LAWRENCE LABORATORIES (SUBSIDIARY OF BRISTOL MYERS SQUIBB),"Didanosine EC 400mg [Videx EC], delayed-release capsules, Blister 3 x 10 Caps",Didanosine EC,Videx EC,400mg,Delayed-release capsules - blister,30,772,18273.24,23.67,0.79,Bristol-Myers Squibb Anagni IT,FALSE,See ASN-10811 (ID#:17259),null,30.15
"44,630",108-VN-T30,FPQ-11560,SCMS-177630,ASN-20043,Vietnam,PMO - US,Direct Drop,EXW,Air,02-07-13,2/13/2013,13-Jul-13,13-Jul-13,13-Jul-13,ARV,Adult,MYLAN LABORATORIES LTD (FORMERLY MATRIX LABORATORIES),"Efavirenz/Lamivudine/Tenofovir Disoproxil Fumarate 600/300/300mg, tablets, 30 Tabs",Efavirenz/Lamivudine/Tenofovir Disoproxil Fumarate,Generic,600/300/300mg,Tablet - FDC,30,"30,339",348595.11,11.49,0.38,Mylan (formerly Matrix) Nashik,TRUE,3419,"$15,006.27 ",431.21
"37,140",111-MZ-T30,FPQ-7054,SCMS-98420,ASN-10816,Mozambique,PMO - US,Direct Drop,FCA,Air,1/21/2011,02-08-11,24-May-11,24-May-11,24-May-11,ARV,Adult,Hoffmann-La Roche ltd Basel,"Saquinavir 200mg [Invirase], capsules, 270 Caps",Saquinavir,Invirase,200mg,Capsule,270,448,46377.58,103.52,0.38,Roche Basel,FALSE,See ASN-10816 (ID#:28664),null,76.52
"44,694",144-BW-T30,FPQ-4167,SCMS-54210,ASN-5491,Botswana,PMO - US,Direct Drop,EXW,Air,09-09-09,9/30/2009,30-Nov-09,30-Nov-09,30-Nov-09,HRDT,HIV test - Ancillary,Orasure Technologies Inc.,"#109435**HIV, OraQuick Controls Kit, 3 Vials","HIV, OraQuick Controls Kit, 3 Vials",OraQuick,,Test kit - Ancillary,3,10,250.00,25,8.33,"Orasure Technologies, Inc USA",TRUE,6,$304.76 ,0.49
"44,702",117-ET-T30,FPQ-12272,SCMS-190800,ASN-20675,Ethiopia,PMO - US,Direct Drop,EXW,Air,05-09-13,5/22/2013,30-Jul-13,30-Jul-13,30-Jul-13,HRDT,HIV test,"SHANGHAI KEHUA BIOENGINEERING CO.,LTD.  (KHB)","HIV 1/2, SKB Colloidal Gold, Diagnostic Kit, Antibody, 50 Tests","HIV 1/2, Colloidal Gold, Diagnostic Kit, Antibody",Colloidal Gold,,Test kit,1,"4,162",101969.00,24.5,24.5,"KHB Test Kit Facility, Shanghai China",TRUE,2777,"$34,137.03 ",126.14
"9,488",107-RW-T01,Pre-PQ Process,SCMS-14150,ASN-1085,Rwanda,PMO - US,Direct Drop,EXW,Air,Pre-PQ Process,11/19/2007,18-Jan-08,18-Jan-08,18-Jan-08,HRDT,HIV test,"Trinity Biotech, Plc","HIV 1/2, Capillus HIV Kit, 100 Tests","HIV 1/2, Capillus HIV Kit",Capillus,10mg+ml+/,Test kit,100,300,41700.00,139,1.39,"Trinity Biotech, Plc",FALSE,See ASN-1085 (ID#:9487),null,66.72
"44,737",108-VN-T30,FPQ-9001,SCMS-131690,ASN-14517,Vietnam,PMO - US,Direct Drop,EXW,Air,12/15/2011,1/16/2012,16-May-12,16-May-12,16-May-12,ARV,Adult,MYLAN LABORATORIES LTD (FORMERLY MATRIX LABORATORIES),"Tenofovir Disoproxil Fumarate 300mg, tablets, 30 Tabs",Tenofovir Disoproxil Fumarate,Generic,300mg,Tablet,30,"20,142",99702.90,4.95,0.16,Mylan (formerly Matrix) Nashik,TRUE,6142,"$13,850.65 ",139.78
"44,778",104-CI-T30,FPQ-6897,SCMS-100950,ASN-11130,Côte d'Ivoire,PMO - US,Direct Drop,CIP,Air,01-05-11,2/28/2011,01-Jul-11,01-Jul-11,01-Jul-11,ARV,Pediatric,MERCK SHARP & DOHME IDEA GMBH (FORMALLY MERCK SHARP & DOHME B.V.),"Efavirenz 30mg/ml [Stocrin/Sustiva], oral solution, Bottle, 180 ml",Efavirenz,Stocrin/Sustiva,30mg/ml,Oral solution,180,"3,399",57647.04,16.96,0.09,"MSD, Haarlem, NL",TRUE,1014,"$2,093.32 ",95.12
"44,783",104-CI-T30,FPQ-7192,SCMS-104290,ASN-11160,Côte d'Ivoire,PMO - US,Direct Drop,EXW,Air,2/17/2011,4/18/2011,30-Jun-11,30-Jun-11,30-Jun-11,HRDT,HIV test,"Standard Diagnostics, Inc.","HIV 1/2, Bioline 3.0 Kit, (no accessories), 30 Tests","HIV 1/2, Bioline 3.0 Kit (no accessories)",Bioline,,Test kit,30,"2,418",58032.00,24,0.8,"Standard Diagnostics, Korea",TRUE,859,"$7,894.76 ",95.75
"44,808",109-TZ-T30,FPQ-9622,SCMS-143750,ASN-15399,Tanzania,PMO - US,Direct Drop,EXW,Air,04-03-12,4/23/2012,25-Jul-12,25-Jul-12,25-Jul-12,HRDT,HIV test,"Orgenics, Ltd","HIV 1/2, Determine Complete HIV Kit, 100 Tests","HIV 1/2, Determine Complete HIV Kit",Determine,,Test kit,100,"1,387",110960.00,80,0.8,"Alere Medical Co., Ltd.",TRUE,662,"$12,035.47 ",155.57
"44,816",133-NG-T30,FPQ-14995,SCMS-260700,ASN-29935,Nigeria,PMO - US,Direct Drop,EXW,Air,9/22/2014,10/29/2014,19-Jan-15,16-Jan-15,22-Jan-15,HRDT,HIV test,"Orgenics, Ltd","HIV 1/2, Determine Complete HIV Kit, 100 Tests","HIV 1/2, Determine Complete HIV Kit",Determine,,Test kit,100,"6,158",548062.00,89,0.89,"Alere Medical Co., Ltd.",TRUE,2493,"$31,090.27 ",563.41
"46,067",109-TZ-T30,FPQ-6795,SCMS-103291,ASN-11005,Tanzania,PMO - US,Direct Drop,FCA,Air,1/27/2011,4/14/2011,14-Jul-11,14-Jul-11,14-Jul-11,ARV,Adult,LAWRENCE LABORATORIES (SUBSIDIARY OF BRISTOL MYERS SQUIBB),"Didanosine EC 400mg [Videx EC], delayed-release capsules, Blister 3 x 10 Caps",Didanosine EC,Videx EC,400mg,Delayed-release capsules - blister,30,"18,311",433421.37,23.67,0.79,Bristol-Myers Squibb Anagni IT,FALSE,See ASN-11005 (ID#:27881),null,715.15
"59,805",108-VN-T30,FPQ-6818,SCMS-98050,ASN-11023,Vietnam,PMO - US,Direct Drop,EXW,Air,1/17/2011,2/15/2011,22-Jun-11,22-Jun-11,22-Jun-11,ARV,Adult,MYLAN LABORATORIES LTD (FORMERLY MATRIX LABORATORIES),"Zidovudine 300mg, tablets, 60 Tabs",Zidovudine,Generic,300mg,Tablet,60,"4,084",29609.00,7.25,0.12,Mylan (formerly Matrix) Nashik,FALSE,See ASN-11023 (ID#:37963),null,48.85
"66,925",108-VN-T30,FPQ-6818,SCMS-98050,ASN-11023,Vietnam,PMO - US,Direct Drop,EXW,Air,1/17/2011,2/15/2011,22-Jun-11,22-Jun-11,22-Jun-11,ARV,Adult,MYLAN LABORATORIES LTD (FORMERLY MATRIX LABORATORIES),"Abacavir 300mg, tablets, 60 Tabs",Abacavir,Generic,300mg,Tablet,60,64,960.00,15,0.25,Mylan (formerly Matrix) Nashik,FALSE,See ASN-11023 (ID#:37963),null,1.58
"74,915",108-VN-T30,FPQ-6818,SCMS-98050,ASN-11023,Vietnam,PMO - US,Direct Drop,EXW,Air,1/17/2011,2/15/2011,22-Jun-11,22-Jun-11,22-Jun-11,ARV,Adult,MYLAN LABORATORIES LTD (FORMERLY MATRIX LABORATORIES),"Lamivudine/Zidovudine 150/300mg, tablets, 60 Tabs",Lamivudine/Zidovudine,Generic,150/300mg,Tablet - FDC,60,"19,930",164422.50,8.25,0.14,Mylan (formerly Matrix) Nashik,FALSE,See ASN-11023 (ID#:37963),null,271.3
"44,920",108-VN-T30,FPQ-4720,SCMS-62820,ASN-6687,Vietnam,PMO - US,Direct Drop,EXW,Air,01-04-09,1/14/2010,18-May-10,18-May-10,18-May-10,ARV,Adult,Aurobindo Pharma Limited,"Stavudine 30mg, capsules, 60 Caps",Stavudine,Generic,30mg,Capsule,60,"9,744",14128.80,1.45,0.02,"Aurobindo Unit III, India",TRUE,656,"$6,158 ",30.46
"32,742",108-VN-T30,FPQ-6818,SCMS-97850,ASN-11024,Vietnam,PMO - US,Direct Drop,EXW,Air,1/17/2011,2/15/2011,22-Jun-11,22-Jun-11,22-Jun-11,ARV,Adult,MYLAN LABORATORIES LTD (FORMERLY MATRIX LABORATORIES),"Zidovudine 300mg, tablets, 60 Tabs",Zidovudine,Generic,300mg,Tablet,60,"1,416",10266.00,7.25,0.12,Mylan (formerly Matrix) Nashik,FALSE,See ASN-11024 (ID#:15149),null,16.94
"44,930",133-NG-T30,FPQ-12456,SCMS-196560,ASN-21218,Nigeria,PMO - US,Direct Drop,EXW,Air,06-10-13,07-10-13,18-Sep-13,18-Sep-13,18-Sep-13,HRDT,HIV test,"Orgenics, Ltd","HIV 1/2, Determine Complete HIV Kit, 100 Tests","HIV 1/2, Determine Complete HIV Kit",Determine,,Test kit,100,"3,055",271895.00,89,0.89,"Alere Medical Co., Ltd.",TRUE,1241,"$13,325.59 ",336.33
"44,942",151-NG-T30,FPQ-6249,SCMS-86060,ASN-9590,Nigeria,PMO - US,Direct Drop,FCA,Air,8/27/2010,9/23/2010,08-Feb-11,08-Feb-11,08-Feb-11,ARV,Adult,ABBVIE LOGISTICS (FORMERLY ABBOTT LOGISTICS BV),"Ritonavir 100mg [Norvir], capsules, cool, 4 x 84 Caps",Ritonavir,Norvir,100mg,Capsule,336,273,10472.28,38.36,0.11,ABBVIE (Abbott) Logis. UK,TRUE,520,"$3,759.22 ",22.58
"44,962",114-UG-T30,FPQ-9365,SCMS-142260,ASN-14702,Uganda,PMO - US,Direct Drop,FCA,Air,3/15/2012,04-04-12,04-May-12,04-May-12,04-May-12,ARV,Pediatric,ABBVIE LOGISTICS (FORMERLY ABBOTT LOGISTICS BV),"Lopinavir/Ritonavir 100/25mg [Aluvia], tablets, 60 Tabs",Lopinavir/Ritonavir,Generic,100/25mg,Tablet,60,210,1554.00,7.4,0.12,ABBVIE Ludwigshafen Germany,TRUE,36,$677.40 ,2.18
"44,964",161-ZA-T30,FPQ-5303,SCMS-68980,ASN-7664,South Africa,PMO - US,Direct Drop,DDP,Air,3/18/2010,3/19/2010,24-Aug-10,11-Aug-10,11-Aug-10,ARV,Adult,Aurobindo Pharma Limited,"Lamivudine 150mg, tablets, 60 Tabs",Lamivudine,Generic,150mg,Tablet,60,"33,972",85949.16,2.53,0.04,"Aurobindo Unit III, India",TRUE,1823,"$1,791.42 ",185.31
"41,444",108-VN-T30,FPQ-6818,SCMS-97850,ASN-11024,Vietnam,PMO - US,Direct Drop,EXW,Air,1/17/2011,2/15/2011,22-Jun-11,22-Jun-11,22-Jun-11,ARV,Adult,MYLAN LABORATORIES LTD (FORMERLY MATRIX LABORATORIES),"Lamivudine/Zidovudine 150/300mg, tablets, 60 Tabs",Lamivudine/Zidovudine,Generic,150/300mg,Tablet - FDC,60,"5,070",41827.50,8.25,0.14,Mylan (formerly Matrix) Nashik,FALSE,See ASN-11024 (ID#:15149),null,69.02
"58,774",108-VN-T30,FPQ-6818,SCMS-97850,ASN-11024,Vietnam,PMO - US,Direct Drop,EXW,Air,1/17/2011,2/15/2011,22-Jun-11,22-Jun-11,22-Jun-11,ARV,Adult,MYLAN LABORATORIES LTD (FORMERLY MATRIX LABORATORIES),"Nevirapine 200mg, tablets, 60 Tabs",Nevirapine,Generic,200mg,Tablet,60,"13,444",34954.40,2.6,0.04,Mylan (formerly Matrix) Nashik,FALSE,See ASN-11024 (ID#:15149),null,57.67
"76,321",108-VN-T30,FPQ-6818,SCMS-97850,ASN-11024,Vietnam,PMO - US,Direct Drop,EXW,Air,1/17/2011,2/15/2011,22-Jun-11,22-Jun-11,22-Jun-11,ARV,Adult,MYLAN LABORATORIES LTD (FORMERLY MATRIX LABORATORIES),"Abacavir 300mg, tablets, 60 Tabs",Abacavir,Generic,300mg,Tablet,60,336,5040.00,15,0.25,Mylan (formerly Matrix) Nashik,FALSE,See ASN-11024 (ID#:15149),null,8.32
"62,059",104-CI-T30,FPQ-6183,SCMS-83692,ASN-11129,Côte d'Ivoire,PMO - US,Direct Drop,CIP,Air,08-10-10,09-10-10,01-Jul-11,01-Jul-11,01-Jul-11,ARV,Adult,MERCK SHARP & DOHME IDEA GMBH (FORMALLY MERCK SHARP & DOHME B.V.),"Indinavir 400mg [Crixivan], capsules, 180 Caps",Indinavir,Crixivan,400mg,Capsule,180,922,46100.00,50,0.28,"MSD, Haarlem, NL",FALSE,See ASN-11129 (ID#:32064),null,99.39
"52,286",108-VN-T30,FPQ-7565,SCMS-107630,ASN-11362,Vietnam,PMO - US,Direct Drop,EXW,Air,4/21/2011,05-02-11,26-Jul-11,26-Jul-11,26-Jul-11,ARV,Adult,STRIDES ARCOLAB LIMITED,"Efavirenz 600mg, tablets, 30 Tabs",Efavirenz,Generic,600mg,Tablet,30,"33,000",135300.00,4.1,0.14,"Strides, Bangalore, India.",FALSE,See ASN-11362 (ID#:47253),null,223.24
"73,569",108-VN-T30,FPQ-7565,SCMS-107630,ASN-11362,Vietnam,PMO - US,Direct Drop,EXW,Air,4/21/2011,05-02-11,26-Jul-11,26-Jul-11,26-Jul-11,ARV,Adult,STRIDES ARCOLAB LIMITED,"Nevirapine 200mg, tablets, 60 Tabs",Nevirapine,Generic,200mg,Tablet,60,"15,000",38100.00,2.54,0.04,"Strides, Bangalore, India.",FALSE,See ASN-11362 (ID#:47253),null,62.86
"34,164",102-SZ-T30,FPQ-7281,SCMS-109450,ASN-11528,Swaziland,PMO - US,Direct Drop,EXW,Air,3/28/2011,6/17/2011,08-Aug-11,08-Aug-11,08-Aug-11,HRDT,HIV test,"Orgenics, Ltd","HIV 1/2, Determine Complete HIV Kit, 100 Tests","HIV 1/2, Determine Complete HIV Kit",Determine,,Test kit,100,90,7200.00,80,0.8,Inverness Japan,FALSE,See ASN-11528 (ID#:29347),null,11.88
"45,149",108-VN-T30,FPQ-6384,SCMS-87720,ASN-9249,Vietnam,PMO - US,Direct Drop,EXW,Air,9/30/2010,10/14/2010,11-Feb-11,11-Feb-11,11-Feb-11,ARV,Adult,Aurobindo Pharma Limited,"Didanosine 250mg, delayed-release capsules, 30 Caps",Didanosine,Generic,250mg,Delayed-release capsules,30,300,3900.00,13,0.43,"Aurobindo Unit III, India",TRUE,21,"$3,657.69 ",8.41
"78,184",108-VN-T30,FPQ-7427,SCMS-105540,ASN-11855,Vietnam,PMO - US,Direct Drop,EXW,Air,3/31/2011,4/14/2011,21-Sep-11,21-Sep-11,21-Sep-11,ARV,Adult,HETERO LABS LIMITED,"Lamivudine/Zidovudine 150/300mg, tablets, 60 Tabs",Lamivudine/Zidovudine,Generic,150/300mg,Tablet - FDC,60,"9,751",79958.20,8.2,0.14,Hetero Unit III Hyderabad IN,FALSE,See ASN-11855 (ID#:69871),null,131.93
"45,158",108-VN-T30,FPQ-5317,SCMS-69230,ASN-7571,Vietnam,PMO - US,Direct Drop,FCA,Air,3/22/2010,3/31/2010,31-Jul-10,31-Jul-10,31-Jul-10,ARV,Adult,ABBVIE LOGISTICS (FORMERLY ABBOTT LOGISTICS BV),"Lopinavir/Ritonavir 200/50mg [Aluvia], tablets, 120 Tabs",Lopinavir/Ritonavir,Aluvia,200/50mg,Tablet,120,"1,010",83022.00,82.2,0.68,ABBVIE Ludwigshafen Germany,TRUE,255,"$8,227.99 ",179
"45,160",102-SS-T30,FPQ-9038,SCMS-137180,ASN-14933,South Sudan,PMO - US,Direct Drop,EXW,Air,1/17/2012,2/15/2012,04-Jun-12,04-Jun-12,04-Jun-12,HRDT,HIV test,"Trinity Biotech, Plc","HIV 1/2, Uni-Gold HIV Kit, 20 Tests","HIV 1/2, Uni-Gold HIV Kit",Uni-Gold,,Test kit,20,176,5632.00,32,1.6,"Trinity Biotech, Plc",TRUE,71,"$1,743.35 ",7.9
"65,180",105-DO-T30,FPQ-7858,SCMS-117370,ASN-11929,Dominican Republic,PMO - US,Direct Drop,EXW,Air,6/21/2011,08-03-11,12-Sep-11,12-Sep-11,12-Sep-11,HRDT,HIV test - Ancillary,"Standard Diagnostics, Inc.","HIV 1/2, Bioline 3.0 Diluent, 25 Tests, Bottle x 5 ml","HIV 1/2, Bioline 3.0 Diluent, 25 Tests",Bioline,,Test kit - Ancillary,1,164,147.60,0.9,0.9,"Standard Diagnostics, Korea",FALSE,See ASN-11929 (ID#:61871),null,0.24
"45,178",105-SS-T30,FPQ-12623,SCMS-200910,ASN-22040,South Sudan,PMO - US,Direct Drop,EXW,Air,7/18/2013,08-05-13,08-Nov-13,08-Nov-13,11-Nov-13,HRDT,HIV test,"Orgenics, Ltd","HIV 1/2, Determine Complete HIV Kit, 100 Tests","HIV 1/2, Determine Complete HIV Kit",Determine,,Test kit,100,450,40050.00,89,0.89,"Alere Medical Co., Ltd.",TRUE,188,"$2,997.85 ",49.54
"76,135",108-VN-T30,FPQ-7427,SCMS-105530,ASN-11955,Vietnam,PMO - US,Direct Drop,EXW,Air,3/31/2011,4/14/2011,26-Sep-11,26-Sep-11,26-Sep-11,ARV,Adult,HETERO LABS LIMITED,"Lamivudine/Nevirapine/Stavudine 150/200/30mg, tablets, 60 Tabs",Lamivudine/Nevirapine/Stavudine,Generic,150/200/30mg,Tablet - FDC,60,"37,075",177960.00,4.8,0.08,Hetero Unit III Hyderabad IN,FALSE,See ASN-11955 (ID#:61190),null,293.63
"14,323",105-DO-T30,FPQ-7858,SCMS-117380,ASN-12145,Dominican Republic,PMO - US,Direct Drop,EXW,Air,6/21/2011,08-03-11,27-Sep-11,27-Sep-11,27-Sep-11,HRDT,HIV test,"Standard Diagnostics, Inc.","HIV 1/2, Bioline 3.0 Kit, 100 Tests","HIV 1/2, Bioline 3.0 Kit",Bioline,,Test kit,100,112,8400.00,75,0.75,"Standard Diagnostics, Korea",FALSE,See ASN-12145 (ID#:13696),null,13.86
"45,248",111-MZ-T30,FPQ-13093,SCMS-211550,ASN-24474,Mozambique,PMO - US,Direct Drop,EXW,Air,10/15/2013,11-12-13,02-Apr-14,02-Apr-14,11-Apr-14,HRDT,HIV test,"Trinity Biotech, Plc","HIV 1/2, Uni-Gold HIV Kit, 20 Tests","HIV 1/2, Uni-Gold HIV Kit",Uni-Gold,,Test kit,20,"5,673",181536.00,32,1.6,"Trinity Biotech, Plc",TRUE,1674,"$10,780.63 ",186.62
"45,267",111-MZ-T30,FPQ-11440,SCMS-174050,ASN-18080,Mozambique,PMO - US,Direct Drop,EXW,Air,01-09-13,1/17/2013,17-Mar-13,17-Mar-13,17-Mar-13,HRDT,HIV test,"Trinity Biotech, Plc","HIV 1/2, Uni-Gold HIV Kit, 20 Tests","HIV 1/2, Uni-Gold HIV Kit",Uni-Gold,,Test kit,20,151,4832.00,32,1.6,"Trinity Biotech, Plc",TRUE,54,"$1,032.57 ",5.98
"5,278",110-ZM-T01,Pre-PQ Process,SCMS-163,ASN-123,Zambia,PMO - US,Direct Drop,EXW,Air,Pre-PQ Process,Date Not Captured,20-Dec-06,20-Dec-06,20-Dec-06,ARV,Adult,Aurobindo Pharma Limited,"Nevirapine 200mg, tablets, 60 Tabs",Nevirapine,Generic,10mg+ml+/,Tablet,60,"33,333",120332.13,3.61,0.06,"Aurobindo Unit III, India",FALSE,See ASN-123 (ID#:2685),null,
"45,287",161-ZA-T30,FPQ-7175,SCMS-103340,ASN-11431,South Africa,PMO - US,Direct Drop,DDP,Ocean,03-10-11,3/24/2011,14-Sep-11,14-Sep-11,14-Sep-11,ARV,Pediatric,Aurobindo Pharma Limited,"Efavirenz 200mg, capsule, 90 Caps",Efavirenz,Generic,200mg,Capsule,90,"25,000",204250.00,8.17,0.09,"Aurobindo Unit III, India",TRUE,3313,"$5,192.74 ",337.01
"45,292",106-HT-T30,FPQ-12590,SCMS-210520,ASN-26068,Haiti,PMO - US,Direct Drop,EXW,Air,8/21/2013,10/25/2013,23-Jun-14,23-Jun-14,01-Jul-14,ARV,Pediatric,MYLAN LABORATORIES LTD (FORMERLY MATRIX LABORATORIES),"Abacavir/Lamivudine 60/30mg, tablets, 60 Tabs",Abacavir/Lamivudine,Generic,60/30mg,Tablet - FDC,60,"3,024",11944.80,3.95,0.07,Mylan (formerly Matrix) Nashik,TRUE,140,"$1,694.30 ",14.78
"9,280",110-ZM-T01,Pre-PQ Process,SCMS-163,ASN-123,Zambia,PMO - US,Direct Drop,EXW,Air,Pre-PQ Process,Date Not Captured,20-Dec-06,20-Dec-06,20-Dec-06,ARV,Adult,Aurobindo Pharma Limited,"Lamivudine/Zidovudine 150/300mg, tablets, 60 Tabs",Lamivudine/Zidovudine,Generic,10mg+ml+/,Tablet - FDC,60,"38,534",423874.00,11,0.18,"Aurobindo Unit III, India",FALSE,See ASN-123 (ID#:2685),null,
"5,534",108-VN-T01,Pre-PQ Process,SCMS-14760,ASN-1230,Vietnam,PMO - US,Direct Drop,EXW,Air,Pre-PQ Process,12-05-07,01-Feb-08,01-Feb-08,01-Feb-08,ARV,Adult,Aurobindo Pharma Limited,"Stavudine 15mg, capsules, 60 Caps",Stavudine,Generic,1mg+ml+/,Capsule,60,600,900.00,1.5,0.02,"Aurobindo Unit III, India",FALSE,See ASN-1230 (ID#:1530),null,1.44
"45,343",108-VN-T30,FPQ-12539,SCMS-199760,ASN-22686,Vietnam,PMO - US,Direct Drop,EXW,Air,07-11-13,7/25/2013,05-Dec-13,05-Dec-13,13-Jan-14,ARV,Adult,MICRO LABS LIMITED,"Lamivudine 150mg, tablets, 60 Tabs",Lamivudine,Generic,150mg,Tablet,60,"11,507",20367.39,1.77,0.03,"Micro labs, Verna, Goa, India",TRUE,539,"$1,666.35 ",25.19
"4,215",108-VN-T01,Pre-PQ Process,SCMS-14930,ASN-1231,Vietnam,PMO - US,Direct Drop,EXW,Air,Pre-PQ Process,12-05-07,22-Jan-08,22-Jan-08,22-Jan-08,ARV,Adult,Aurobindo Pharma Limited,"Stavudine 20mg, capsules, 60 Caps",Stavudine,Generic,80+20mg+ml,Capsule,60,800,1400.00,1.75,0.03,"Aurobindo Unit III, India",FALSE,See ASN-1231 (ID#:2947),null,2.24
"6,621",114-UG-T01,Pre-PQ Process,SCMS-157,ASN-127,Uganda,PMO - US,Direct Drop,EXW,Air,Pre-PQ Process,Date Not Captured,21-Dec-06,21-Dec-06,21-Dec-06,ARV,Adult,Aurobindo Pharma Limited,"Stavudine 30mg, capsules, 60 Caps",Stavudine,Generic,10mg+ml+/,Capsule,60,"6,349",12380.55,1.95,0.03,"Aurobindo Unit III, India",FALSE,See ASN-127 (ID#:3955),null,
"9,279",114-UG-T01,Pre-PQ Process,SCMS-157,ASN-127,Uganda,PMO - US,Direct Drop,EXW,Air,Pre-PQ Process,Date Not Captured,21-Dec-06,21-Dec-06,21-Dec-06,ARV,Adult,Aurobindo Pharma Limited,"Efavirenz 600mg, tablets, 30 Tabs",Efavirenz,Generic,10mg+ml+/,Tablet,30,"5,080",85090.00,16.75,0.56,"Aurobindo Unit III, India",FALSE,See ASN-127 (ID#:3955),null,
"9,550",117-ET-T01,Pre-PQ Process,SCMS-16220,ASN-1329,Ethiopia,PMO - US,Direct Drop,EXW,Air,Pre-PQ Process,01-03-08,04-Mar-08,04-Mar-08,04-Mar-08,ARV,Adult,ASPEN PHARMACARE,"Tenofovir Disoproxil Fumarate 300mg [Viread], tablets, 30 Tabs",Tenofovir Disoproxil Fumarate,Viread,10mg+ml+/,Tablet,30,780,7.80,0.01,0,"Aspen-OSD, Port Elizabeth, SA",FALSE,See ASN-1329 (ID#:6896),null,0.01
"45,400",108-VN-T30,FPQ-4302,SCMS-53720,ASN-5183,Vietnam,PMO - US,Direct Drop,FCA,Air,9/18/2009,9/24/2009,03-Nov-09,03-Nov-09,03-Nov-09,ARV,Adult,ABBVIE LOGISTICS (FORMERLY ABBOTT LOGISTICS BV),"Ritonavir 100mg [Norvir], capsules, cool, 4 x 84 Caps",Ritonavir,Norvir,100mg,Capsule,336,40,3068.80,76.72,0.23,ABBVIE (Abbott) Logis. UK,TRUE,114,"$4,410.73 ",6.01
"18,373",108-VN-T30,FPQ-8428,SCMS-123600,ASN-13410,Vietnam,PMO - US,Direct Drop,EXW,Air,9/21/2011,10-04-11,18-Feb-12,18-Feb-12,18-Feb-12,ARV,Adult,Aurobindo Pharma Limited,"Efavirenz 600mg, tablets, 30 Tabs",Efavirenz,Generic,600mg,Tablet,30,"3,548",14369.40,4.05,0.13,"Aurobindo Unit III, India",FALSE,See ASN-13410 (ID#:16901),null,23.71
"45,442",161-ZA-T30,FPQ-6708,SCMS-93570,ASN-11702,South Africa,PMO - US,Direct Drop,DDP,Ocean,11/26/2010,12/14/2010,05-Oct-11,20-Sep-11,20-Sep-11,ARV,Adult,Aurobindo Pharma Limited,"Tenofovir Disoproxil Fumarate 300mg, tablets, 30 Tabs",Tenofovir Disoproxil Fumarate,Generic,300mg,Tablet,30,"137,130",911914.50,6.65,0.22,"Aurobindo Unit III, India",TRUE,45800,"$9,726.53 ","1,504.66"
"21,674",108-VN-T30,FPQ-8428,SCMS-123600,ASN-13410,Vietnam,PMO - US,Direct Drop,EXW,Air,9/21/2011,10-04-11,18-Feb-12,18-Feb-12,18-Feb-12,ARV,Adult,Aurobindo Pharma Limited,"Lamivudine/Zidovudine 150/300mg, tablets, 60 Tabs",Lamivudine/Zidovudine,Generic,150/300mg,Tablet - FDC,60,"15,211",120927.45,7.95,0.13,"Aurobindo Unit III, India",FALSE,See ASN-13410 (ID#:16901),null,199.53
"45,505",900-SS-T30,FPQ-10504,SCMS-157870,ASN-16323,South Sudan,PMO - US,Direct Drop,EXW,Air,8/15/2012,8/21/2012,18-Oct-12,18-Oct-12,18-Oct-12,HRDT,HIV test,"Trinity Biotech, Plc","HIV 1/2, Uni-Gold HIV Kit, 20 Tests","HIV 1/2, Uni-Gold HIV Kit",Uni-Gold,,Test kit,20,47,1504.00,32,1.6,"Trinity Biotech, Plc",TRUE,15,$870.22 ,2.11
"40,351",122-HT-T30,FPQ-8635,SCMS-132180,ASN-13412,Haiti,PMO - US,Direct Drop,EXW,Air,12-07-11,12/30/2011,18-Jan-12,18-Jan-12,18-Jan-12,ANTM-EGRHTR,Malaria,AMSTELFARMA B.V.,"Sulfadoxine/Pyrimethamine 500/25mg, tablets, 1000 Tabs",Sulfadoxine/Pyrimethamine,Generic,500/25mg,Tablet - FDC,"1,000",10,316.50,31.65,0.03,"Micro Labs, Hosur, India",FALSE,See ASN-13412 (ID#:16085),null,0.44
"45,540",108-VN-T30,FPQ-13524,SCMS-226210,ASN-27101,Vietnam,PMO - US,Direct Drop,EXW,Air,02-06-14,03-10-14,18-Aug-14,18-Aug-14,25-Aug-14,ARV,Adult,MYLAN LABORATORIES LTD (FORMERLY MATRIX LABORATORIES),"Lamivudine/Nevirapine/Zidovudine 150/200/300mg, tablets, 60 Tabs",Lamivudine/Nevirapine/Zidovudine,Generic,150/300/200mg,Tablet - FDC,60,"12,100",98010.00,8.1,0.13,Mylan (formerly Matrix) Nashik,TRUE,1685,"$3,251.35 ",100.75
"45,608",102-KE-T30,FPQ-3984,SCMS-50870,ASN-4770,Kenya,PMO - US,Direct Drop,EXW,Air,7/20/2009,7/31/2009,11-Sep-09,11-Sep-09,11-Sep-09,HRDT,HIV test,"Trinity Biotech, Plc","HIV 1/2, Uni-Gold HIV Kit, 20 Tests","HIV 1/2, Uni-Gold HIV Kit",Uni-Gold,,Test kit,20,500,16000.00,32,1.6,"Trinity Biotech, Plc",TRUE,170,"$2,865.63 ",31.36
"43,347",122-HT-T30,FPQ-8635,SCMS-132180,ASN-13412,Haiti,PMO - US,Direct Drop,EXW,Air,12-07-11,12/30/2011,18-Jan-12,18-Jan-12,18-Jan-12,ANTM,Malaria,AMSTELFARMA B.V.,"Chloroquine 150mg base (as phosphate), tablets, 1000 Tabs",Chloroquine base (as phosphate),Generic,150mg,Tablet,"1,000","3,000",27750.00,9.25,0.01,"Medopharm Malur Factory, INDIA",FALSE,See ASN-13412 (ID#:16085),null,38.91
"28,085",108-VN-T30,FPQ-8428,SCMS-123520,ASN-13475,Vietnam,PMO - US,Direct Drop,EXW,Air,9/21/2011,10-04-11,01-Mar-12,01-Mar-12,01-Mar-12,ARV,Adult,Aurobindo Pharma Limited,"Abacavir 300mg, tablets, 60 Tabs",Abacavir,Generic,300mg,Tablet,60,388,5606.60,14.45,0.24,"Aurobindo Unit III, India",FALSE,See ASN-13475 (ID#:15772),null,9.25
"45,644",104-CI-T30,FPQ-13622,SCMS-228880,ASN-26338,Côte d'Ivoire,PMO - US,Direct Drop,EXW,Air,1/23/2014,03-03-14,20-Jun-14,20-Jun-14,25-Jun-14,ARV,Adult,Aurobindo Pharma Limited,"Didanosine 250mg, delayed-release capsules, 30 Caps",Didanosine,Generic,250mg,Delayed-release capsules,30,"2,000",15160.00,7.58,0.25,"Aurobindo Unit III, India",TRUE,150,"$1,789.85 ",15.58
"44,373",108-VN-T30,FPQ-8428,SCMS-123520,ASN-13475,Vietnam,PMO - US,Direct Drop,EXW,Air,9/21/2011,10-04-11,01-Mar-12,01-Mar-12,01-Mar-12,ARV,Adult,Aurobindo Pharma Limited,"Lamivudine 150mg, tablets, 60 Tabs",Lamivudine,Generic,150mg,Tablet,60,"13,000",29900.00,2.3,0.04,"Aurobindo Unit III, India",FALSE,See ASN-13475 (ID#:15772),null,49.34
"60,626",108-VN-T30,FPQ-8428,SCMS-123520,ASN-13475,Vietnam,PMO - US,Direct Drop,EXW,Air,9/21/2011,10-04-11,01-Mar-12,01-Mar-12,01-Mar-12,ARV,Adult,Aurobindo Pharma Limited,"Nevirapine 200mg, tablets, 60 Tabs",Nevirapine,Generic,200mg,Tablet,60,"5,000",12500.00,2.5,0.04,"Aurobindo Unit III, India",FALSE,See ASN-13475 (ID#:15772),null,20.62
"45,695",106-HT-T30,FPQ-9635,SCMS-148400,ASN-15792,Haiti,PMO - US,Direct Drop,EXW,Air,5/14/2012,07-12-12,18-Aug-12,18-Aug-12,18-Aug-12,ARV,Pediatric,Aurobindo Pharma Limited,"Efavirenz 50mg, capsule, 30 Caps",Efavirenz,Generic,50mg,Capsule,30,"1,764",3951.36,2.24,0.07,"Aurobindo Unit III, India",TRUE,106,"$1,615.07 ",5.54
"73,861",108-VN-T30,FPQ-8428,SCMS-123520,ASN-13475,Vietnam,PMO - US,Direct Drop,EXW,Air,9/21/2011,10-04-11,01-Mar-12,01-Mar-12,01-Mar-12,ARV,Adult,Aurobindo Pharma Limited,"Efavirenz 600mg, tablets, 30 Tabs",Efavirenz,Generic,600mg,Tablet,30,"49,452",200280.60,4.05,0.13,"Aurobindo Unit III, India",FALSE,See ASN-13475 (ID#:15772),null,330.46
"45,723",105-SS-T30,FPQ-12623,SCMS-200911,ASN-22749,South Sudan,PMO - US,Direct Drop,EXW,Air,7/18/2013,08-05-13,24-Jan-14,24-Jan-14,24-Jan-14,HRDT,HIV test - Ancillary,"Orgenics, Ltd","Capillary Tubes, for Determine, EDTA, 50uL,100 Pcs","HIV, Capillary Tubes, for Determine, EDTA, 50uL,100 Pcs",Determine,,Test kit - Ancillary,100,115,920.00,8,0.08,"Alere Medical Co., Ltd.",TRUE,149,"$3,256.76 ",1.14
"45,729",161-ZA-T30,FPQ-7175,SCMS-103380,ASN-12380,South Africa,PMO - US,Direct Drop,DDP,Ocean,03-10-11,3/24/2011,04-Jan-12,04-Jan-12,04-Jan-12,ARV,Adult,Aurobindo Pharma Limited,"Zidovudine 300mg, tablets, 60 Tabs",Zidovudine,Generic,300mg,Tablet,60,"92,887",678075.10,7.3,0.12,"Aurobindo Unit III, India",TRUE,4810,"$6,599.86 ","1,118.82"
"79,352",108-VN-T30,FPQ-8428,SCMS-123520,ASN-13475,Vietnam,PMO - US,Direct Drop,EXW,Air,9/21/2011,10-04-11,01-Mar-12,01-Mar-12,01-Mar-12,ARV,Adult,Aurobindo Pharma Limited,"Lamivudine/Zidovudine 150/300mg, tablets, 60 Tabs",Lamivudine/Zidovudine,Generic,150/300mg,Tablet - FDC,60,"14,789",117572.55,7.95,0.13,"Aurobindo Unit III, India",FALSE,See ASN-13475 (ID#:15772),null,193.99
"50,383",109-TZ-T30,FPQ-7992,SCMS-117230,ASN-13952,Tanzania,PMO - US,Direct Drop,FCA,Air,07-08-11,08-04-11,29-Mar-12,29-Mar-12,29-Mar-12,ARV,Pediatric,LAWRENCE LABORATORIES (SUBSIDIARY OF BRISTOL MYERS SQUIBB),"Didanosine 25mg [Videx], chewable tablets, 60 Tabs",Didanosine,Videx,25mg,Chewable/dispersible tablet,60,"3,000",21000.00,7,0.12,Bristol-Myers Squibb Anagni IT,FALSE,See ASN-13952 (ID#:16173),null,34.65
"45,801",102-KE-T30,FPQ-9127,SCMS-134430,ASN-13564,Kenya,PMO - US,Direct Drop,CIP,Air,1/13/2012,1/19/2012,08-Feb-12,08-Feb-12,08-Feb-12,HRDT,HIV test,BIOLYTICAL LABORATORIES INC.,"HIV 1/2, INSTI HIV 1/2 Antibody Kit, 48 Tests","HIV 1/2, INSTI HIV 1/2 Antibody Kit",INSTi,,Test kit,48,32,2657.28,83.04,1.73,bioLytical Laboratories,TRUE,58,$836.14 ,3.73
"45,848",101-CD-T30,FPQ-12093,SCMS-189060,ASN-20771,"Congo, DRC",PMO - US,Direct Drop,FCA,Air,4/23/2013,5/23/2013,20-Nov-13,18-Nov-13,05-Dec-13,ARV,Pediatric,ABBVIE LOGISTICS (FORMERLY ABBOTT LOGISTICS BV),"Lopinavir/Ritonavir 80/20mg/ml [Kaletra], oral solution, cool, Bottle 5 x 60 ml",Lopinavir/Ritonavir,Kaletra,80/20mg/ml,Oral solution,300,20,616.40,30.82,0.1,ABBVIE (Abbott) Logis. UK,TRUE,52,"$1,573.41 ",0.76
"45,929",111-MZ-T30,FPQ-13093,SCMS-211560,ASN-24097,Mozambique,PMO - US,Direct Drop,EXW,Air,10/15/2013,11/13/2013,10-Feb-14,10-Feb-14,15-Mar-14,HRDT,HIV test,"Orgenics, Ltd","HIV 1/2, Determine Complete HIV Kit, 100 Tests","HIV 1/2, Determine Complete HIV Kit",Determine,,Test kit,100,"9,575",766000.00,80,0.8,"Alere Medical Co., Ltd.",TRUE,3890,"$29,244.02 ",787.45
"45,968",108-VN-T30,FPQ-4081,SCMS-51470,ASN-4801,Vietnam,PMO - US,Direct Drop,FCA,Air,08-10-09,08-12-09,29-Sep-09,29-Sep-09,29-Sep-09,ARV,Adult,ABBVIE LOGISTICS (FORMERLY ABBOTT LOGISTICS BV),"Lopinavir/Ritonavir 200/50mg [Aluvia], tablets, 120 Tabs",Lopinavir/Ritonavir,Aluvia,200/50mg,Tablet,120,320,26304.00,82.2,0.68,ABBVIE Ludwigshafen Germany,TRUE,88,$823.94 ,51.56
"45,977",109-TZ-T30,FPQ-13048,SCMS-210900,ASN-23916,Tanzania,PMO - US,Direct Drop,EXW,Air,10-03-13,10/28/2013,07-Mar-14,07-Mar-14,15-Mar-14,ARV,Adult,Aurobindo Pharma Limited,"Zidovudine 300mg, tablets, 60 Tabs",Zidovudine,Generic,300mg,Tablet,60,"20,172",109533.96,5.43,0.09,"Aurobindo Unit III, India",TRUE,1104,"$5,765.11 ",135.49
"46,005",107-RW-T30,FPQ-8741,SCMS-129510,ASN-15328,Rwanda,PMO - US,Direct Drop,CIP,Air,11/30/2011,03-09-12,28-Jun-12,28-Jun-12,28-Jun-12,ARV,Pediatric,CIPLA LIMITED,"Lamivudine 10mg/ml, oral solution, Bottle, 240 ml",Lamivudine,Generic,10mg/ml,Oral solution,240,"9,565",18651.75,1.95,0.01,"Cipla, Goa, India",TRUE,6490,"$3,010.89 ",26.15
"51,504",102-SS-T30,FPQ-9038,SCMS-137190,ASN-14092,South Sudan,PMO - US,Direct Drop,EXW,Air,1/17/2012,2/15/2012,18-Apr-12,18-Apr-12,18-Apr-12,HRDT,HIV test,"Orgenics, Ltd","HIV 1/2, Determine Complete HIV Kit, 100 Tests","HIV 1/2, Determine Complete HIV Kit",Determine,,Test kit,100,339,30171.00,89,0.89,"Alere Medical Co., Ltd.",FALSE,See ASN-14092 (ID#:39053),null,42.3
"35,352",107-RW-T30,FPQ-8365,SCMS-126490,ASN-14125,Rwanda,PMO - US,Direct Drop,EXW,Air,10/26/2011,11-09-11,30-Mar-12,30-Mar-12,30-Mar-12,ARV,Adult,Aurobindo Pharma Limited,"Didanosine 250mg, delayed-release capsules, 30 Caps",Didanosine,Generic,250mg,Delayed-release capsules,30,"1,185",15405.00,13,0.43,"Aurobindo Unit III, India",FALSE,See ASN-14125 (ID#:22658),null,25.42
"46,082",117-ET-T30,FPQ-9210,SCMS-134740,ASN-14557,Ethiopia,PMO - US,Direct Drop,EXW,Air,1/18/2012,1/23/2012,25-Apr-12,25-Apr-12,25-Apr-12,HRDT,HIV test,"Trinity Biotech, Plc","HIV 1/2, Uni-Gold HIV Kit, 20 Tests","HIV 1/2, Uni-Gold HIV Kit",Uni-Gold,,Test kit,20,43,1376.00,32,1.6,"Trinity Biotech, Plc",TRUE,15,$406.68 ,1.93
"54,461",107-RW-T30,FPQ-8365,SCMS-126490,ASN-14125,Rwanda,PMO - US,Direct Drop,EXW,Air,10/26/2011,11-09-11,30-Mar-12,30-Mar-12,30-Mar-12,ARV,Adult,Aurobindo Pharma Limited,"Didanosine 250mg, delayed-release capsules, 30 Caps",Didanosine,Generic,250mg,Delayed-release capsules,30,754,9802.00,13,0.43,"Aurobindo Unit III, India",FALSE,See ASN-14125 (ID#:22658),null,16.17
"46,099",161-ZA-T30,FPQ-5303,SCMS-68950,ASN-7083,South Africa,PMO - US,Direct Drop,DDP,Air,3/18/2010,3/19/2010,09-Jun-10,10-Jun-10,10-Jun-10,ARV,Adult,Aurobindo Pharma Limited,"Nevirapine 200mg, tablets, 60 Tabs",Nevirapine,Generic,200mg,Tablet,60,"38,341",111955.72,2.92,0.05,"Aurobindo Unit III, India",TRUE,4522,"$6,369.80 ",241.38
"46,106",105-SS-T30,FPQ-9807,SCMS-147621,ASN-16786,South Sudan,PMO - US,Direct Drop,EXW,Air,5/18/2012,6/20/2012,08-Feb-13,08-Feb-13,08-Feb-13,HRDT,HIV test,"Trinity Biotech, Plc","HIV 1/2, Uni-Gold HIV Kit, 20 Tests","HIV 1/2, Uni-Gold HIV Kit",Uni-Gold,,Test kit,20,597,19104.00,32,1.6,"Trinity Biotech, Plc",TRUE,209,"$3,088.04 ",26.78
"60,841",107-RW-T30,FPQ-8365,SCMS-126490,ASN-14125,Rwanda,PMO - US,Direct Drop,EXW,Air,10/26/2011,11-09-11,30-Mar-12,30-Mar-12,30-Mar-12,ARV,Adult,Aurobindo Pharma Limited,"Didanosine 250mg, delayed-release capsules, 30 Caps",Didanosine,Generic,250mg,Delayed-release capsules,30,784,10192.00,13,0.43,"Aurobindo Unit III, India",FALSE,See ASN-14125 (ID#:22658),null,16.82
"46,127",107-RW-T30,FPQ-6341,SCMS-84990,ASN-11548,Rwanda,PMO - US,Direct Drop,EXW,Ocean,09-03-10,9/28/2010,17-Oct-11,17-Oct-11,17-Oct-11,ARV,Adult,HETERO LABS LIMITED,"Nevirapine 200mg, tablets, 60 Tabs",Nevirapine,Generic,200mg,Tablet,60,"236,925",575727.75,2.43,0.04,Hetero Unit III Hyderabad IN,TRUE,13622,"$82,095.85 ","1,241.27"
"46,129",111-MZ-T30,FPQ-6562,SCMS-93760,ASN-9741,Mozambique,PMO - US,Direct Drop,EXW,Air,11/16/2010,01-12-11,10-Mar-11,10-Mar-11,10-Mar-11,HRDT,HIV test,"Orgenics, Ltd","HIV 1/2, Determine Complete HIV Kit, 100 Tests","HIV 1/2, Determine Complete HIV Kit",Determine,,Test kit,100,61,4739.70,77.7,0.78,Inverness Japan,TRUE,28,"$1,001.47 ",7.82
"46,130",108-VN-T30,FPQ-12539,SCMS-199830,ASN-23666,Vietnam,PMO - US,Direct Drop,EXW,Air,07-11-13,08-02-13,17-Feb-14,17-Feb-14,15-Mar-14,ARV,Adult,MYLAN LABORATORIES LTD (FORMERLY MATRIX LABORATORIES),"Efavirenz/Lamivudine/Tenofovir Disoproxil Fumarate 600/300/300mg, tablets, 30 Tabs",Efavirenz/Lamivudine/Tenofovir Disoproxil Fumarate,Generic,600/300/300mg,Tablet - FDC,30,"40,593",452611.95,11.15,0.37,Mylan (formerly Matrix) Nashik,TRUE,4585,"$6,881.65 ",559.88
"46,156",109-TZ-T30,FPQ-9211,SCMS-136930,ASN-14645,Tanzania,PMO - US,Direct Drop,EXW,Air,1/25/2012,2/17/2012,25-May-12,25-May-12,25-May-12,HRDT,HIV test,"Orgenics, Ltd","HIV 1/2, Determine Complete HIV Kit, 100 Tests","HIV 1/2, Determine Complete HIV Kit",Determine,,Test kit,100,"2,926",234080.00,80,0.8,"Alere Medical Co., Ltd.",TRUE,1394,"$24,596.33 ",328.18
"46,170",116-ZA-T30,FPQ-7176,SCMS-104390,ASN-11198,South Africa,PMO - US,Direct Drop,DDP,Ocean,03-10-11,04-01-11,14-Sep-11,14-Sep-11,14-Sep-11,ARV,Adult,Aurobindo Pharma Limited,"Lamivudine/Zidovudine 150/300mg, tablets, 60 Tabs",Lamivudine/Zidovudine,Generic,150/300mg,Tablet - FDC,60,"19,836",167019.12,8.42,0.14,"Aurobindo Unit III, India",TRUE,1820,$698 ,275.58
"58,508",108-VN-T30,FPQ-8428,SCMS-123530,ASN-14319,Vietnam,PMO - US,Direct Drop,EXW,Air,9/21/2011,10-03-11,24-Apr-12,24-Apr-12,24-Apr-12,ARV,Adult,MYLAN LABORATORIES LTD (FORMERLY MATRIX LABORATORIES),"Tenofovir Disoproxil Fumarate 300mg, tablets, 30 Tabs",Tenofovir Disoproxil Fumarate,Generic,300mg,Tablet,30,"16,354",89947.00,5.5,0.18,Mylan (formerly Matrix) Nashik,FALSE,See ASN-14319 (ID#:19512),null,148.41
"46,198",108-VN-T30,FPQ-9001,SCMS-131600,ASN-15081,Vietnam,PMO - US,Direct Drop,FCA,Air,12/15/2011,1/25/2012,06-Jul-12,06-Jul-12,06-Jul-12,ARV,Adult,ABBVIE LOGISTICS (FORMERLY ABBOTT LOGISTICS BV),"Lopinavir/Ritonavir 200/50mg [Aluvia], tablets, 120 Tabs",Lopinavir/Ritonavir,Aluvia,200/50mg,Tablet,120,"1,922",116896.04,60.82,0.51,ABBVIE Ludwigshafen Germany,TRUE,467,"$1,842.23 ",163.89
"51,690",108-VN-T30,FPQ-8428,SCMS-123540,ASN-14321,Vietnam,PMO - US,Direct Drop,EXW,Air,9/21/2011,10-03-11,16-Apr-12,16-Apr-12,16-Apr-12,ARV,Adult,MYLAN LABORATORIES LTD (FORMERLY MATRIX LABORATORIES),"Tenofovir Disoproxil Fumarate 300mg, tablets, 30 Tabs",Tenofovir Disoproxil Fumarate,Generic,300mg,Tablet,30,"7,146",39303.00,5.5,0.18,Mylan (formerly Matrix) Nashik,FALSE,See ASN-14321 (ID#:18629),null,64.85
"46,209",107-RW-T30,FPQ-4032,SCMS-51680,ASN-4976,Rwanda,PMO - US,Direct Drop,EXW,Air,08-05-09,8/18/2009,27-Oct-09,27-Oct-09,27-Oct-09,HRDT,HIV test,"Orgenics, Ltd","HIV 1/2, Determine HIV Kit, without Lancets, 100 Tests","HIV 1/2, Determine HIV Kit, without Lancets",Determine,,Test kit,100,"5,084",355880.00,70,0.7,Inverness Japan,TRUE,1153,"$46,638.41 ",697.52
"20,894",106-HT-T30,FPQ-9066,SCMS-138580,ASN-14408,Haiti,PMO - US,Direct Drop,EXW,Air,01-06-12,2/24/2012,22-Apr-12,22-Apr-12,22-Apr-12,ARV,Adult,Aurobindo Pharma Limited,"Lopinavir/Ritonavir 200/50mg, tablets, 120 Tabs",Lopinavir/Ritonavir,Generic,200/50mg,Tablet,120,"5,240",157200.00,30,0.25,"Aurobindo Unit III, India",FALSE,See ASN-14408 (ID#:16232),null,220.39
"46,228",103-ZW-T30,FPQ-13969,SCMS-239220,ASN-27095,Zimbabwe,PMO - US,Direct Drop,EXW,Air,04-08-14,5/16/2014,30-Jul-14,30-Jul-14,31-Jul-14,ARV,Pediatric,MYLAN LABORATORIES LTD (FORMERLY MATRIX LABORATORIES),"Lamivudine/Zidovudine 30/60mg, tablets, 60 Tabs",Lamivudine/Zidovudine,Generic,30/60mg,Tablet - FDC,60,"48,127",95772.73,1.99,0.03,Mylan (formerly Matrix) Nashik,TRUE,2383,"$18,232.17 ",98.45
"46,250",101-CD-T30,FPQ-14636,SCMS-250230,ASN-29533,"Congo, DRC",PMO - US,Direct Drop,EXW,Air,7/23/2014,7/31/2014,12-Feb-15,12-Feb-15,24-Feb-15,ARV,Adult,MICRO LABS LIMITED,"Lamivudine 150mg, tablets, 60 Tabs",Lamivudine,Generic,150mg,Tablet,60,"3,974",6835.28,1.72,0.03,"Micro labs, Verna, Goa, India",TRUE,209,"$3,743.84 ",7.03
"52,706",108-VN-T30,FPQ-9001,SCMS-131690,ASN-14517,Vietnam,PMO - US,Direct Drop,EXW,Air,12/15/2011,1/16/2012,16-May-12,16-May-12,16-May-12,ARV,Adult,MYLAN LABORATORIES LTD (FORMERLY MATRIX LABORATORIES),"Efavirenz/Lamivudine/Tenofovir Disoproxil Fumarate 600/300/300mg, tablets, 30 Tabs",Efavirenz/Lamivudine/Tenofovir Disoproxil Fumarate,Generic,600/300/300mg,Tablet - FDC,30,"42,392",597727.20,14.1,0.47,Mylan (formerly Matrix) Nashik,FALSE,See ASN-14517 (ID#:44737),null,838.01
"46,323",105-GH-T30,FPQ-14052,SCMS-237820,ASN-26537,Ghana,PMO - US,Direct Drop,EXW,Air,04-12-14,5/23/2014,17-Jul-14,17-Jul-14,17-Jul-14,ARV,Pediatric,Aurobindo Pharma Limited,"Nevirapine 10mg/ml, oral suspension, Bottle, 240 ml",Nevirapine,Generic,10mg/ml,Oral suspension,240,"2,286",3451.86,1.51,0.01,"Aurobindo Unit III, India",TRUE,972,"$7,719 ",3.55
"46,348",111-MZ-T30,FPQ-11915,SCMS-185200,ASN-21426,Mozambique,PMO - US,Direct Drop,EXW,Air,3/20/2013,04-11-13,09-Oct-13,09-Oct-13,06-Nov-13,ARV,Adult,STRIDES ARCOLAB LIMITED,"Lamivudine/Stavudine 150/30mg, tablets, 60 Tabs",Lamivudine/Stavudine,Generic,150/30mg,Tablet - FDC,60,"18,025",52633.00,2.92,0.05,"Strides, Bangalore, India.",TRUE,1139,"$4,683.02 ",65.11
"46,353",133-NG-T30,FPQ-10349,SCMS-155300,ASN-17316,Nigeria,PMO - US,Direct Drop,EXW,Air,7/17/2012,08-10-12,21-Dec-12,21-Dec-12,21-Dec-12,HRDT,HIV test,"Trinity Biotech, Plc","HIV 1/2, Uni-Gold HIV Kit, 20 Tests","HIV 1/2, Uni-Gold HIV Kit",Uni-Gold,,Test kit,20,"6,042",193344.00,32,1.6,"Trinity Biotech, Plc",TRUE,1990,"$22,859.07 ",271.07
"46,355",106-HT-T30,FPQ-14083,SCMS-240200,ASN-27005,Haiti,PMO - US,Direct Drop,EXW,Air,05-11-14,06-02-14,25-Aug-14,25-Aug-14,28-Aug-14,ARV,Adult,MYLAN LABORATORIES LTD (FORMERLY MATRIX LABORATORIES),"Tenofovir Disoproxil Fumarate 300mg, tablets, 30 Tabs",Tenofovir Disoproxil Fumarate,Generic,300mg,Tablet,30,58,232.00,4,0.13,Mylan (formerly Matrix) Nashik,TRUE,19,"$1,274.35 ",0.24
"55,238",108-VN-T30,FPQ-9001,SCMS-131690,ASN-14517,Vietnam,PMO - US,Direct Drop,EXW,Air,12/15/2011,1/16/2012,16-May-12,16-May-12,16-May-12,ARV,Adult,MYLAN LABORATORIES LTD (FORMERLY MATRIX LABORATORIES),"Abacavir 300mg, tablets, 60 Tabs",Abacavir,Generic,300mg,Tablet,60,368,4784.00,13,0.22,Mylan (formerly Matrix) Nashik,FALSE,See ASN-14517 (ID#:44737),null,6.71
"58,039",108-VN-T30,FPQ-9001,SCMS-131690,ASN-14517,Vietnam,PMO - US,Direct Drop,EXW,Air,12/15/2011,1/16/2012,16-May-12,16-May-12,16-May-12,ARV,Pediatric,MYLAN LABORATORIES LTD (FORMERLY MATRIX LABORATORIES),"Lamivudine/Nevirapine/Zidovudine 30/50/60mg, dispersible tablets, 60 Tabs",Lamivudine/Nevirapine/Zidovudine,Generic,30/50/60mg,Chewable/dispersible tablet - FDC,60,"1,123",4660.45,4.15,0.07,Mylan (formerly Matrix) Nashik,FALSE,See ASN-14517 (ID#:44737),null,6.53
"31,203",108-VN-T30,FPQ-9001,SCMS-131700,ASN-14757,Vietnam,PMO - US,Direct Drop,EXW,Air,12/15/2011,1/16/2012,15-May-12,15-May-12,15-May-12,ARV,Pediatric,MYLAN LABORATORIES LTD (FORMERLY MATRIX LABORATORIES),"Lamivudine/Nevirapine/Zidovudine 30/50/60mg, dispersible tablets, 60 Tabs",Lamivudine/Nevirapine/Zidovudine,Generic,30/50/60mg,Chewable/dispersible tablet - FDC,60,"13,877",57589.55,4.15,0.07,Mylan (formerly Matrix) Nashik,FALSE,See ASN-14757 (ID#:30618),null,80.74
"46,411",104-CI-T30,FPQ-12135,SCMS-188310,ASN-23737,Côte d'Ivoire,PMO - US,Direct Drop,EXW,Air,4/18/2013,5/21/2013,22-Jan-14,22-Jan-14,27-Jan-14,HRDT,HIV test,"Orgenics, Ltd","HIV 1/2, Determine Complete HIV Kit, 100 Tests","HIV 1/2, Determine Complete HIV Kit",Determine,,Test kit,100,"4,400",352000.00,80,0.8,"Alere Medical Co., Ltd.",TRUE,1808,"$23,237.62 ",435.42
"78,152",108-VN-T30,FPQ-9001,SCMS-131700,ASN-14757,Vietnam,PMO - US,Direct Drop,EXW,Air,12/15/2011,1/16/2012,15-May-12,15-May-12,15-May-12,ARV,Adult,MYLAN LABORATORIES LTD (FORMERLY MATRIX LABORATORIES),"Efavirenz/Lamivudine/Tenofovir Disoproxil Fumarate 600/300/300mg, tablets, 30 Tabs",Efavirenz/Lamivudine/Tenofovir Disoproxil Fumarate,Generic,600/300/300mg,Tablet - FDC,30,"27,608",389272.80,14.1,0.47,Mylan (formerly Matrix) Nashik,FALSE,See ASN-14757 (ID#:30618),null,545.76
"46,432",104-CI-T30,FPQ-3967,SCMS-52590,ASN-5279,Côte d'Ivoire,PMO - US,Direct Drop,EXW,Air,8/21/2009,9/14/2009,10-Nov-09,10-Nov-09,10-Nov-09,ARV,Adult,Aurobindo Pharma Limited,"Abacavir/Lamivudine 600/300mg, scored tablets, 30 Tabs",Abacavir/Lamivudine,Generic,600/300mg,Tablet - FDC,30,"1,461",33603.00,23,0.77,"Aurobindo Unit III, India",TRUE,154,"$2,986.16 ",65.86
"46,447",114-UG-T30,FPQ-12290,SCMS-192170,ASN-22706,Uganda,PMO - US,Direct Drop,CIP,Air,5/17/2013,07-03-13,20-Nov-13,20-Nov-13,21-Nov-13,ARV,Adult,ASPEN PHARMACARE,"Darunavir 300mg [Prezista], tablets, 120 Tabs",Darunavir,Prezista,300mg,Tablet,120,841,56010.60,66.6,0.55,"Aspen-OSD, Port Elizabeth, SA",TRUE,169,$359.53 ,69.29
"46,460",114-UG-T30,FPQ-15303,SCMS-264950,ASN-31157,Uganda,PMO - US,Direct Drop,EXW,Air,11-11-14,11/25/2014,08-Apr-15,08-Apr-15,08-Apr-15,ARV,Pediatric,Aurobindo Pharma Limited,"Lopinavir/Ritonavir 100/25mg, tablets, 60 Tabs",Lopinavir/Ritonavir,Generic,100/25mg,Tablet,60,"1,560",12542.40,8.04,0.13,"Aurobindo Unit III, India",TRUE,166,"$1,488.99 ",14.76
"46,464",104-CI-T30,FPQ-8210,SCMS-124150,ASN-13582,Côte d'Ivoire,PMO - US,Direct Drop,EXW,Air,08-11-11,10-05-11,17-Feb-12,17-Feb-12,17-Feb-12,HRDT,HIV test,"Orgenics, Ltd","HIV 1/2, Determine Complete HIV Kit, 100 Tests","HIV 1/2, Determine Complete HIV Kit",Determine,,Test kit,100,"2,746",219680.00,80,0.8,"Alere Medical Co., Ltd.",TRUE,1312,"$27,254.17 ",362.47
"79,890",108-VN-T30,FPQ-9001,SCMS-131700,ASN-14757,Vietnam,PMO - US,Direct Drop,EXW,Air,12/15/2011,1/16/2012,15-May-12,15-May-12,15-May-12,ARV,Adult,MYLAN LABORATORIES LTD (FORMERLY MATRIX LABORATORIES),"Tenofovir Disoproxil Fumarate 300mg, tablets, 30 Tabs",Tenofovir Disoproxil Fumarate,Generic,300mg,Tablet,30,"9,679",47911.05,4.95,0.16,Mylan (formerly Matrix) Nashik,FALSE,See ASN-14757 (ID#:30618),null,67.17
"79,128",114-UG-T30,FPQ-9365,SCMS-142230,ASN-14835,Uganda,PMO - US,Direct Drop,CIP,Air,3/15/2012,04-04-12,21-May-12,21-May-12,21-May-12,ARV,Adult,MERCK SHARP & DOHME IDEA GMBH (FORMALLY MERCK SHARP & DOHME B.V.),"Raltegravir 400mg [Isentress], tablets, 60 Tabs",Raltegravir,Isentress,400mg,Tablet,60,180,9990.00,55.5,0.92,"MSD, Haarlem, NL",FALSE,See ASN-14835 (ID#:77780),null,14.01
"46,512",104-CI-T30,FPQ-7325,SCMS-106600,ASN-11739,Côte d'Ivoire,PMO - US,Direct Drop,EXW,Air,03-09-11,05-05-11,08-Sep-11,08-Sep-11,08-Sep-11,HRDT,HIV test,"Orgenics, Ltd","HIV 1/2, Determine Complete HIV Kit, 100 Tests","HIV 1/2, Determine Complete HIV Kit",Determine,,Test kit,100,494,39520.00,80,0.8,Inverness Japan,TRUE,240,"$7,681.19 ",65.21
"41,042",108-VN-T30,FPQ-9001,SCMS-131650,ASN-14875,Vietnam,PMO - US,Direct Drop,EXW,Air,12/15/2011,1/18/2012,05-Jun-12,05-Jun-12,05-Jun-12,ARV,Pediatric,Aurobindo Pharma Limited,"Zidovudine 10mg/ml, oral solution w/syringe, Bottle, 240 ml",Zidovudine,Generic,10mg/ml,Oral solution,240,500,1050.00,2.1,0.01,"Aurobindo Unit III, India",FALSE,See ASN-14875 (ID#:35053),null,1.47
"62,107",108-VN-T30,FPQ-9001,SCMS-131650,ASN-14875,Vietnam,PMO - US,Direct Drop,EXW,Air,12/15/2011,1/18/2012,05-Jun-12,05-Jun-12,05-Jun-12,ARV,Pediatric,Aurobindo Pharma Limited,"Lamivudine 10mg/ml, oral solution w/syringe, Bottle, 240 ml",Lamivudine,Generic,10mg/ml,Oral solution,240,300,555.00,1.85,0.01,"Aurobindo Unit III, India",FALSE,See ASN-14875 (ID#:35053),null,0.78
"46,574",107-RW-T30,FPQ-8741,SCMS-129530,ASN-15232,Rwanda,PMO - US,Direct Drop,CIP,Air,11/30/2011,03-09-12,15-Jun-12,15-Jun-12,15-Jun-12,ARV,Pediatric,CIPLA LIMITED,"Lamivudine/Stavudine 60/12mg, dispersible tablets, 60 Tabs",Lamivudine/Stavudine,Generic,60/12mg,Chewable/dispersible tablet - FDC,60,672,2466.24,3.67,0.06,"Cipla, Goa, India",TRUE,49,$221.96 ,3.46
"46,582",108-VN-T30,FPQ-7565,SCMS-107620,ASN-10838,Vietnam,PMO - US,Direct Drop,EXW,Air,4/21/2011,4/29/2011,10-Jun-11,10-Jun-11,10-Jun-11,ARV,Adult,CIPLA LIMITED,"Tenofovir Disoproxil Fumarate 300mg, tablets, 30 Tabs",Tenofovir Disoproxil Fumarate,Generic,300mg,Tablet,30,"4,500",29025.00,6.45,0.22,"Cipla, Goa, India",TRUE,320,"$4,890.38 ",47.89
"46,587",161-ZA-T30,FPQ-5303,SCMS-68950,ASN-7102,South Africa,PMO - US,Direct Drop,DDP,Air,3/18/2010,3/19/2010,11-Jun-10,11-Jun-10,11-Jun-10,ARV,Adult,Aurobindo Pharma Limited,"Lamivudine 150mg, tablets, 60 Tabs",Lamivudine,Generic,150mg,Tablet,60,"52,379",132518.87,2.53,0.04,"Aurobindo Unit III, India",TRUE,2512,"$4,116.82 ",285.71
"46,590",108-VN-T30,FPQ-5094,SCMS-68580,ASN-7284,Vietnam,PMO - US,Direct Drop,EXW,Air,3/15/2010,3/24/2010,21-Jul-10,21-Jul-10,21-Jul-10,ARV,Adult,MYLAN LABORATORIES LTD (FORMERLY MATRIX LABORATORIES),"Efavirenz 600mg, tablets, 30 Tabs",Efavirenz,Generic,600mg,Tablet,30,"63,421",272710.30,4.3,0.14,Mylan (formerly Matrix) Nashik,TRUE,5101,"$13,241.08 ",587.96
"46,625",102-SD-T30,FPQ-6171,SCMS-81720,ASN-8234,Sudan,PMO - US,Direct Drop,EXW,Air,08-05-10,8/19/2010,01-Nov-10,01-Nov-10,01-Nov-10,HRDT,HIV test,"Standard Diagnostics, Inc.","HIV 1/2, Bioline 3.0 Kit, Lancets, Capillary pipets, Alcohol swabs included, 25 Tests","HIV 1/2, Bioline 3.0 Kit, Lancets, Capillary pipets, Alcohol swabs included",Bioline,,Test kit,25,24,480.00,20,0.8,"Standard Diagnostics, Korea",TRUE,75,"$1,539.55 ",1.03
"66,278",108-VN-T30,FPQ-9001,SCMS-131650,ASN-14875,Vietnam,PMO - US,Direct Drop,EXW,Air,12/15/2011,1/18/2012,05-Jun-12,05-Jun-12,05-Jun-12,ARV,Pediatric,Aurobindo Pharma Limited,"Efavirenz 50mg, capsule, 30 Caps",Efavirenz,Generic,50mg,Capsule,30,"2,065",4625.60,2.24,0.07,"Aurobindo Unit III, India",FALSE,See ASN-14875 (ID#:35053),null,6.49
"46,669",133-NG-T30,FPQ-8117,SCMS-118180,ASN-12397,Nigeria,PMO - US,Direct Drop,EXW,Air,7/28/2011,08-12-11,19-Oct-11,19-Oct-11,19-Oct-11,HRDT,HIV test,"CHEMBIO DIAGNOSTIC SYSTEMS, INC.","HIV 1/2, Stat-Pak HIV, Kit, 20 Tests","HIV 1/2, Stat-Pak HIV, Kit",Stat-Pak,,Test kit,20,"1,850",53650.00,29,1.45,Chembio Diagnostics Sys. Inc.,TRUE,592,"$2,951.78 ",88.52
"66,508",108-VN-T30,FPQ-9001,SCMS-131650,ASN-14875,Vietnam,PMO - US,Direct Drop,EXW,Air,12/15/2011,1/18/2012,05-Jun-12,05-Jun-12,05-Jun-12,ARV,Pediatric,Aurobindo Pharma Limited,"Efavirenz 200mg, capsule, 90 Caps",Efavirenz,Generic,200mg,Capsule,90,400,3128.00,7.82,0.09,"Aurobindo Unit III, India",FALSE,See ASN-14875 (ID#:35053),null,4.39
"75,682",114-UG-T30,FPQ-9365,SCMS-143490,ASN-14880,Uganda,PMO - US,Direct Drop,DDP,Air,3/15/2012,4/17/2012,18-May-12,18-May-12,18-May-12,ARV,Adult,ASPEN PHARMACARE,"Darunavir 300mg [Prezista], tablets, 120 Tabs",Darunavir,Prezista,300mg,Tablet,120,252,16783.20,66.6,0.55,"Aspen-OSD, Port Elizabeth, SA",FALSE,See ASN-14880 (ID#:25423),null,23.53
"46,726",114-UG-T30,FPQ-8498,SCMS-126390,ASN-13435,Uganda,PMO - US,Direct Drop,DDP,Air,10/18/2011,10/31/2011,06-Jan-12,06-Jan-12,06-Jan-12,ARV,Adult,ASPEN PHARMACARE,"Etravirine 100mg [Intelence], tablets, 120 Tabs",Etravirine,Intelence,100mg,Tablet,120,83,6811.81,82.07,0.68,"Janssen-Cilag, Latina, IT",TRUE,16,$375 ,11.24
"46,727",109-TZ-T30,FPQ-10619,SCMS-161830,ASN-17464,Tanzania,PMO - US,Direct Drop,EXW,Air,9/13/2012,10-04-12,31-Dec-12,31-Dec-12,31-Dec-12,HRDT,HIV test,"Orgenics, Ltd","HIV 1/2, Determine Complete HIV Kit, 100 Tests","HIV 1/2, Determine Complete HIV Kit",Determine,,Test kit,100,"2,264",181120.00,80,0.8,"Alere Medical Co., Ltd.",TRUE,980,"$18,638.44 ",253.93
"46,742",108-VN-T30,FPQ-13034,SCMS-210070,ASN-25784,Vietnam,PMO - US,Direct Drop,EXW,Air,10-04-13,10-07-13,06-Jun-14,06-Jun-14,09-Jun-14,ARV,Adult,EMCURE PHARMACEUTICALS LTD,"Nevirapine 200mg, tablets, 60 Tabs",Nevirapine,Generic,200mg,Tablet,60,"12,937",29755.10,2.3,0.04,"Emcure Plot No.P-2, I.T-B.T. Park, Phase II, MIDC, Hinjwadi, Pune, India",TRUE,875,"$2,181.91 ",36.81
"46,844",104-CI-T30,FPQ-4486,SCMS-57040,ASN-6084,Côte d'Ivoire,PMO - US,Direct Drop,EXW,Air,11-05-09,11-06-09,02-Mar-10,02-Mar-10,02-Mar-10,HRDT,HIV test,"CHEMBIO DIAGNOSTIC SYSTEMS, INC.","HIV 1/2, Stat-Pak HIV, Kit, 20 Tests","HIV 1/2, Stat-Pak HIV, Kit",Stat-Pak,,Test kit,20,"3,049",82323.00,27,1.35,Chembio Diagnostics Sys. Inc.,TRUE,904,"$7,208 ",177.49
"71,309",102-SS-T30,FPQ-9038,SCMS-137200,ASN-14984,South Sudan,PMO - US,Direct Drop,EXW,Air,1/17/2012,04-05-12,15-Jun-12,15-Jun-12,15-Jun-12,HRDT,HIV test - Ancillary,"Orgenics, Ltd","Capillary Tubes, for Determine, EDTA, 50uL,100 Pcs","HIV, Capillary Tubes, for Determine, EDTA, 50uL,100 Pcs",Determine,,Test kit - Ancillary,100,337,2696.00,8,0.08,"Alere Medical Co., Ltd.",FALSE,See ASN-14984 (ID#:14988),null,3.78
"46,858",111-MZ-T30,FPQ-10369,SCMS-157230,ASN-16634,Mozambique,PMO - US,Direct Drop,EXW,Air,7/23/2012,8/22/2012,18-Oct-12,18-Oct-12,18-Oct-12,HRDT,HIV test - Ancillary,"Orgenics, Ltd","Chase Buffer, Determine, 100 Tests, 2.5ml x 1 Vial","Chase Buffer, Determine, 100 Tests, 2.5ml x 1 Vial",Determine,,Test kit - Ancillary,1,215,1075.00,5,5,"Alere Medical Co., Ltd.",TRUE,41,"$1,001.02 ",1.51
"46,860",108-VN-T30,FPQ-5899,SCMS-77470,ASN-8455,Vietnam,PMO - US,Direct Drop,EXW,Air,6/23/2010,07-01-10,25-Oct-10,25-Oct-10,25-Oct-10,ARV,Adult,STRIDES ARCOLAB LIMITED,"Lamivudine/Nevirapine/Zidovudine 150/200/300mg, tablets, 60 Tabs",Lamivudine/Nevirapine/Zidovudine,Generic,150/300/200mg,Tablet - FDC,60,"24,000",264000.00,11,0.18,"Strides, Bangalore, India.",TRUE,2769,"$10,546.68 ",569.18
"46,867",114-UG-T30,FPQ-15314,SCMS-264750,ASN-31497,Uganda,PMO - US,Direct Drop,EXW,Air,11-11-14,12-04-14,05-May-15,05-May-15,05-May-15,HRDT,HIV test,"Orgenics, Ltd","HIV 1/2, Determine Complete HIV Kit, 100 Tests","HIV 1/2, Determine Complete HIV Kit",Determine,,Test kit,100,"6,118",489440.00,80,0.8,"Alere Medical Co., Ltd.",TRUE,2477,"$19,775.55 ",576.07
"46,869",104-CI-T30,FPQ-14253,SCMS-243780,ASN-30382,Côte d'Ivoire,PMO - US,Direct Drop,EXW,Air,5/14/2014,07-09-14,20-Feb-15,20-Feb-15,23-Feb-15,HRDT,HIV test,"Standard Diagnostics, Inc.","HIV 1/2, Bioline 3.0 Kit, Lancets, Capillary pipets, Alcohol swabs included, 25 Tests","HIV 1/2, Bioline 3.0 Kit, Lancets, Capillary pipets, Alcohol swabs included",Bioline,,Test kit,25,"1,400",28700.00,20.5,0.82,"Standard Diagnostics, Korea",TRUE,437,"$5,408.93 ",29.5
"46,875",113-ZW-T30,FPQ-13669,SCMS-225830,ASN-26283,Zimbabwe,PMO - US,Direct Drop,EXW,Air,02-03-14,02-12-14,18-Jun-14,18-Jun-14,25-Jun-14,HRDT,HIV test,"Orgenics, Ltd","HIV 1/2, Determine Complete HIV Kit, 100 Tests","HIV 1/2, Determine Complete HIV Kit",Determine,,Test kit,100,"8,787",702960.00,80,0.8,"Alere Medical Co., Ltd.",TRUE,3567,"$51,732.62 ",722.64
"46,895",133-NG-T30,FPQ-12812,SCMS-210341,ASN-24162,Nigeria,PMO - US,Direct Drop,EXW,Air,8/13/2013,11-01-13,06-Feb-14,06-Feb-14,07-Feb-14,HRDT,HIV test,"CHEMBIO DIAGNOSTIC SYSTEMS, INC.","HIV 1/2, Stat-Pak HIV, Kit, 20 Tests","HIV 1/2, Stat-Pak HIV, Kit",Stat-Pak,,Test kit,20,"3,487",111584.00,32,1.6,Chembio Diagnostics Sys. Inc.,TRUE,1252,"$5,850.25 ",138.03
"46,897",108-VN-T30,FPQ-12539,SCMS-199840,ASN-23174,Vietnam,PMO - US,Direct Drop,EXW,Air,07-11-13,7/25/2013,08-Jan-14,08-Jan-14,08-Jan-14,ARV,Adult,HETERO LABS LIMITED,"Tenofovir Disoproxil Fumarate 300mg, tablets, 30 Tabs",Tenofovir Disoproxil Fumarate,Generic,300mg,Tablet,30,"12,693",45060.15,3.55,0.12,Hetero Unit III Hyderabad IN,TRUE,975,"$2,048.91 ",55.74
"46,942",161-ZA-T30,FPQ-5648,SCMS-75530,ASN-7959,South Africa,PMO - US,Direct Drop,DDP,Air,06-02-10,6/16/2010,13-Oct-10,13-Oct-10,13-Oct-10,ARV,Adult,CIPLA LIMITED,"Abacavir 300mg, tablets, 60 Tabs",Abacavir,Generic,300mg,Tablet,60,"10,000",172800.00,17.28,0.29,"Cipla, Patalganga, India",TRUE,1087,"$2,531.30 ",372.56
"46,956",119-NA-T30,FPQ-7007,SCMS-98340,ASN-10065,Namibia,PMO - US,Direct Drop,EXW,Air,1/13/2011,02-02-11,22-Mar-11,22-Mar-11,22-Mar-11,HRDT,HIV test,"Orgenics, Ltd","HIV 1/2, Determine HIV Kit, without Lancets, 100 Tests","HIV 1/2, Determine HIV Kit, without Lancets",Determine,,Test kit,100,150,11655.00,77.7,0.78,Inverness Japan,TRUE,34,$947.35 ,19.23
"46,987",109-TZ-T30,FPQ-10619,SCMS-161830,ASN-17466,Tanzania,PMO - US,Direct Drop,EXW,Air,9/13/2012,10-04-12,31-Dec-12,31-Dec-12,31-Dec-12,HRDT,HIV test,"Orgenics, Ltd","HIV 1/2, Determine Complete HIV Kit, 100 Tests","HIV 1/2, Determine Complete HIV Kit",Determine,,Test kit,100,"2,352",188160.00,80,0.8,"Alere Medical Co., Ltd.",TRUE,1016,"$19,026.72 ",263.8
"47,025",161-ZA-T30,FPQ-5303,SCMS-68860,ASN-6883,South Africa,PMO - US,Direct Drop,DDP,Air,3/18/2010,3/19/2010,01-Jun-10,01-Jun-10,01-Jun-10,ARV,Adult,Aurobindo Pharma Limited,"Efavirenz 600mg, tablets, 30 Tabs",Efavirenz,Generic,600mg,Tablet,30,"34,044",158985.48,4.67,0.16,"Aurobindo Unit III, India",TRUE,2892,"$6,105.79 ",342.77
"47,035",103-AO-T30,FPQ-11252,SCMS-171790,ASN-17969,Angola,PMO - US,Direct Drop,EXW,Air,12-12-12,01-11-13,12-Mar-13,12-Mar-13,12-Mar-13,ARV,Pediatric,Aurobindo Pharma Limited,"Efavirenz 50mg, capsule, 30 Caps",Efavirenz,Generic,50mg,Capsule,30,360,806.40,2.24,0.07,"Aurobindo Unit III, India",TRUE,21,$840.17 ,1
"47,048",105-GY-T30,FPQ-7619,SCMS-111220,ASN-11550,Guyana,PMO - US,Direct Drop,FCA,Air,5/30/2011,6/15/2011,05-Aug-11,05-Aug-11,05-Aug-11,ARV,Adult,ABBVIE LOGISTICS (FORMERLY ABBOTT LOGISTICS BV),"Lopinavir/Ritonavir 200/50mg [Aluvia], tablets, 120 Tabs",Lopinavir/Ritonavir,Aluvia,200/50mg,Tablet,120,"1,324",108832.80,82.2,0.68,ABBVIE Ludwigshafen Germany,TRUE,334,"$2,171.57 ",179.57
"47,050",111-MZ-T30,FPQ-8116,SCMS-118360,ASN-12611,Mozambique,PMO - US,Direct Drop,EXW,Air,08-04-11,8/24/2011,12-Dec-11,12-Dec-11,12-Dec-11,HRDT,HIV test,"Orgenics, Ltd","HIV 1/2, Determine HIV Kit, without Lancets, 100 Tests","HIV 1/2, Determine HIV Kit, without Lancets",Determine,,Test kit,100,"7,587",589509.90,77.7,0.78,Inverness Japan,TRUE,1306,"$26,532.85 ",972.69
"47,077",114-UG-T30,FPQ-15303,SCMS-264962,ASN-32534,Uganda,PMO - US,Direct Drop,EXW,Air,11-11-14,11/25/2014,15-Jun-15,15-Jun-15,15-Jun-15,ARV,Adult,EMCURE PHARMACEUTICALS LTD,"Atazanavir/Ritonavir 300/100mg, tablets, 30 Tabs",Atazanavir/Ritonavir,Generic,300/100mg,Tablet,30,"9,235",166230.00,18,0.6,"Emcure Plot No.P-2, I.T-B.T. Park, Phase II, MIDC, Hinjwadi, Pune, India",TRUE,1197,"$5,375.13 ",195.65
"79,841",107-RW-T30,FPQ-8741,SCMS-129510,ASN-15328,Rwanda,PMO - US,Direct Drop,CIP,Air,11/30/2011,03-09-12,28-Jun-12,28-Jun-12,28-Jun-12,ARV,Pediatric,CIPLA LIMITED,"Lamivudine 10mg/ml, oral solution, Bottle, 240 ml",Lamivudine,Generic,10mg/ml,Oral solution,240,"7,420",14469.00,1.95,0.01,"Cipla, Goa, India",FALSE,See ASN-15328 (ID#:46005),null,20.29
"65,709",900-UG-T30,FPQ-10089,SCMS-149411,ASN-15514,Uganda,PMO - US,Direct Drop,EXW,Air,06-07-12,06-12-12,27-Jul-12,27-Jul-12,27-Jul-12,ARV,Adult,HETERO LABS LIMITED,"Lamivudine/Tenofovir Disoproxil Fumarate 300/300mg, tablets, 30 Tabs",Lamivudine/Tenofovir Disoproxil Fumarate,Generic,300/300mg,Tablet - FDC,30,"100,440",481107.60,4.79,0.16,Hetero Unit III Hyderabad IN,FALSE,See ASN-15514 (ID#:57392),null,674.51
"47,541",107-RW-T30,FPQ-10092,SCMS-149431,ASN-15554,Rwanda,PMO - US,Direct Drop,EXW,Air,06-04-12,06-12-12,04-Aug-12,04-Aug-12,04-Aug-12,ARV,Adult,HETERO LABS LIMITED,"Nevirapine 200mg, tablets, 60 Tabs",Nevirapine,Generic,200mg,Tablet,60,"37,140",86907.60,2.34,0.04,Hetero Unit III Hyderabad IN,FALSE,See ASN-15554 (ID#:33116),null,121.84
"47,200",106-HT-T30,FPQ-13797,SCMS-234020,ASN-27349,Haiti,PMO - US,Direct Drop,EXW,Air,3/20/2014,05-05-14,29-Oct-14,29-Oct-14,12-Nov-14,ARV,Adult,HETERO LABS LIMITED,"Lamivudine/Zidovudine 150/300mg, tablets, 60 Tabs",Lamivudine/Zidovudine,Generic,150/300mg,Tablet - FDC,60,"29,635",195887.35,6.61,0.11,Hetero Unit III Hyderabad IN,TRUE,2608,"$21,886.49 ",201.37
"47,212",114-UG-T30,FPQ-14407,SCMS-244420,ASN-29216,Uganda,PMO - US,Direct Drop,FCA,Air,06-11-14,6/23/2014,14-Nov-14,14-Nov-14,16-Nov-14,ARV,Pediatric,ABBVIE LOGISTICS (FORMERLY ABBOTT LOGISTICS BV),"Lopinavir/Ritonavir 80/20mg/ml [Kaletra], oral solution, cool, Bottle 5 x 60 ml",Lopinavir/Ritonavir,Kaletra,80/20mg/ml,Oral solution,300,80,2465.60,30.82,0.1,ABBVIE (Abbott) Logis. UK,TRUE,136,"$2,077.87 ",2.53
"43,286",106-HT-T30,FPQ-9635,SCMS-148440,ASN-15571,Haiti,PMO - US,Direct Drop,EXW,Ocean,5/14/2012,6/28/2012,22-Oct-12,22-Oct-12,22-Oct-12,ARV,Adult,MYLAN LABORATORIES LTD (FORMERLY MATRIX LABORATORIES),"Efavirenz/Lamivudine/Tenofovir Disoproxil Fumarate 600/300/300mg, tablets, 30 Tabs",Efavirenz/Lamivudine/Tenofovir Disoproxil Fumarate,Generic,600/300/300mg,Tablet - FDC,30,"33,480",435240.00,13,0.43,Mylan (formerly Matrix) Nashik,FALSE,See ASN-15571 (ID#:21091),null,610.21
"56,331",106-HT-T30,FPQ-9635,SCMS-148440,ASN-15571,Haiti,PMO - US,Direct Drop,EXW,Ocean,5/14/2012,6/28/2012,22-Oct-12,22-Oct-12,22-Oct-12,ARV,Adult,MYLAN LABORATORIES LTD (FORMERLY MATRIX LABORATORIES),"Lopinavir/Ritonavir 200/50mg, tablets, 120 Tabs",Lopinavir/Ritonavir,Generic,200/50mg,Tablet,120,"2,160",54000.00,25,0.21,Mylan (formerly Matrix) Nashik,FALSE,See ASN-15571 (ID#:21091),null,75.71
"47,236",102-SD-T30,FPQ-7103,SCMS-100520,ASN-10315,Sudan,PMO - US,Direct Drop,FCA,Air,02-05-11,03-02-11,29-Apr-11,29-Apr-11,29-Apr-11,HRDT,HIV test - Ancillary,"Orgenics, Ltd","Capillary Tubes, for Determine, EDTA, 50uL,100 Pcs","HIV, Capillary Tubes, for Determine, EDTA, 50uL,100 Pcs",Determine,,Test kit - Ancillary,100,25,200.00,8,0.08,Inverness Japan,TRUE,2,"$1,201.72 ",0.33
"47,253",108-VN-T30,FPQ-7565,SCMS-107630,ASN-11362,Vietnam,PMO - US,Direct Drop,EXW,Air,4/21/2011,05-02-11,26-Jul-11,26-Jul-11,26-Jul-11,ARV,Adult,STRIDES ARCOLAB LIMITED,"Lamivudine/Nevirapine/Stavudine 150/200/30mg, tablets, 60 Tabs",Lamivudine/Nevirapine/Stavudine,Generic,150/200/30mg,Tablet - FDC,60,"11,000",58850.00,5.35,0.09,"Strides, Bangalore, India.",TRUE,3828,"$15,089.11 ",97.1
"47,301",103-ZW-T30,FPQ-15398,SCMS-264880,ASN-29746,Zimbabwe,PMO - US,Direct Drop,EXW,Air,11/14/2014,11/17/2014,03-Feb-15,03-Feb-15,03-Feb-15,ARV,Pediatric,MYLAN LABORATORIES LTD (FORMERLY MATRIX LABORATORIES),"Lamivudine/Nevirapine/Zidovudine 30/50/60mg, dispersible tablets, 60 Tabs",Lamivudine/Nevirapine/Zidovudine,Generic,30/50/60mg,Chewable/dispersible tablet - FDC,60,814,0.01,0,0,Mylan (formerly Matrix) Nashik,TRUE,60,"$1,344.94 ",0
"59,673",108-VN-T30,FPQ-9577,SCMS-145520,ASN-15795,Vietnam,PMO - US,Direct Drop,EXW,Air,04-11-12,06-12-12,22-Aug-12,22-Aug-12,22-Aug-12,ARV,Pediatric,Aurobindo Pharma Limited,"Efavirenz 200mg, capsule, 90 Caps",Efavirenz,Generic,200mg,Capsule,90,"1,000",7000.00,7,0.08,"Aurobindo Unit III, India",FALSE,See ASN-15795 (ID#:16725),null,9.81
"47,311",104-CI-T30,FPQ-8366,SCMS-124280,ASN-13315,Côte d'Ivoire,PMO - US,Direct Drop,FCA,Ocean,09-05-11,10-11-11,23-Mar-12,23-Mar-12,23-Mar-12,ARV,Adult,ABBVIE LOGISTICS (FORMERLY ABBOTT LOGISTICS BV),"Lopinavir/Ritonavir 200/50mg [Aluvia], tablets, 120 Tabs",Lopinavir/Ritonavir,Aluvia,200/50mg,Tablet,120,"1,573",48479.86,30.82,0.26,ABBVIE Ludwigshafen Germany,TRUE,393,"$40,289 ",79.99
"71,936",108-VN-T30,FPQ-9577,SCMS-145520,ASN-15795,Vietnam,PMO - US,Direct Drop,EXW,Air,04-11-12,06-12-12,22-Aug-12,22-Aug-12,22-Aug-12,ARV,Pediatric,Aurobindo Pharma Limited,"Zidovudine 10mg/ml, oral solution w/syringe, Bottle, 240 ml",Zidovudine,Generic,10mg/ml,Oral solution,240,350,735.00,2.1,0.01,"Aurobindo Unit III, India",FALSE,See ASN-15795 (ID#:16725),null,1.03
"47,356",161-ZA-T30,FPQ-5303,SCMS-68990,ASN-7181,South Africa,PMO - US,Direct Drop,DDP,Air,3/18/2010,3/19/2010,09-Jun-10,10-Jun-10,10-Jun-10,ARV,Pediatric,Aurobindo Pharma Limited,"Nevirapine 10mg/ml, oral suspension w/syringe, Bottle, 240 ml",Nevirapine,Generic,10mg/ml,Oral suspension,240,"11,980",37737.00,3.15,0.01,"Aurobindo Unit III, India",TRUE,4621,"$4,762.44 ",81.36
"35,975",107-RW-T30,FPQ-9217,SCMS-152020,ASN-15941,Rwanda,PMO - US,Direct Drop,EXW,Air,2/13/2012,07-04-12,22-Aug-12,22-Aug-12,22-Aug-12,ARV,Adult,Aurobindo Pharma Limited,"Didanosine 400mg, delayed-release capsules, 30 Caps",Didanosine,Generic,400mg,Delayed-release capsules,30,"1,728",34560.00,20,0.67,"Aurobindo Unit III, India",FALSE,See ASN-15941 (ID#:30211),null,48.45
"58,252",105-SS-T30,FPQ-9807,SCMS-147640,ASN-15985,South Sudan,PMO - US,Direct Drop,EXW,Air,5/18/2012,6/20/2012,20-Sep-12,20-Sep-12,20-Sep-12,HRDT,HIV test - Ancillary,"Orgenics, Ltd","Capillary Tubes, for Determine, EDTA, 50uL,100 Pcs","HIV, Capillary Tubes, for Determine, EDTA, 50uL,100 Pcs",Determine,,Test kit - Ancillary,100,326,2608.00,8,0.08,"Alere Medical Co., Ltd.",FALSE,See ASN-15985 (ID#:30320),null,3.66
"47,406",110-ZM-T30,FPQ-11390,SCMS-173920,ASN-19078,Zambia,PMO - US,Direct Drop,EXW,Air,01-08-13,1/23/2013,05-Jun-13,05-Jun-13,05-Jun-13,HRDT,HIV test,"Orgenics, Ltd","HIV 1/2, Determine Complete HIV Kit, 100 Tests","HIV 1/2, Determine Complete HIV Kit",Determine,,Test kit,100,"2,607",208560.00,80,0.8,"Alere Medical Co., Ltd.",TRUE,1080,"$19,598.71 ",257.99
"59,849",113-ZW-T30,FPQ-10041,SCMS-150030,ASN-15987,Zimbabwe,PMO - US,Direct Drop,EXW,Air,6/13/2012,07-02-12,18-Sep-12,18-Sep-12,18-Sep-12,HRDT,HIV test,"Orgenics, Ltd","HIV 1/2, Determine Complete HIV Kit, 100 Tests","HIV 1/2, Determine Complete HIV Kit",Determine,,Test kit,100,"5,060",404800.00,80,0.8,"Alere Medical Co., Ltd.",FALSE,See ASN-15987 (ID#:42394),null,567.53
"47,413",106-HT-T30,FPQ-12590,SCMS-210530,ASN-22712,Haiti,PMO - US,Direct Drop,EXW,Air,8/21/2013,10/25/2013,24-Jan-14,24-Jan-14,29-Jan-14,ARV,Adult,MYLAN LABORATORIES LTD (FORMERLY MATRIX LABORATORIES),"Atazanavir/Ritonavir 300/100mg, tablets, 30 Tabs",Atazanavir/Ritonavir,Generic,300/100mg,Tablet,30,"5,000",100000.00,20,0.67,Mylan (formerly Matrix) Nashik,TRUE,1189,"$7,296.97 ",123.7
"47,432",104-CI-T30,FPQ-12622,SCMS-201213,ASN-26834,Côte d'Ivoire,PMO - US,Direct Drop,EXW,Air,7/16/2013,8/15/2013,08-Jul-14,08-Jul-14,10-Jul-14,HRDT,HIV test,"Standard Diagnostics, Inc.","HIV 1/2, Bioline 3.0 Kit, Lancets, Capillary pipets, Alcohol swabs included, 25 Tests","HIV 1/2, Bioline 3.0 Kit, Lancets, Capillary pipets, Alcohol swabs included",Bioline,,Test kit,25,"1,400",28700.00,20.5,0.82,"Standard Diagnostics, Korea",TRUE,468,"$5,372.87 ",35.5
"47,443",114-UG-T30,FPQ-4085,SCMS-53080,ASN-5062,Uganda,PMO - US,Direct Drop,FCA,Air,8/25/2009,09-10-09,20-Oct-09,20-Oct-09,20-Oct-09,ARV,Adult,ABBVIE LOGISTICS (FORMERLY ABBOTT LOGISTICS BV),"Lopinavir/Ritonavir 200/50mg [Aluvia], tablets, 120 Tabs",Lopinavir/Ritonavir,Aluvia,200/50mg,Tablet,120,120,4339.20,36.16,0.3,ABBVIE Ludwigshafen Germany,TRUE,36,"$1,025.69 ",8.5
"51,435",103-CM-T30,FPQ-10128,SCMS-151600,ASN-16107,Cameroon,PMO - US,Direct Drop,EXW,Air,6/22/2012,7/16/2012,10-Sep-12,10-Sep-12,10-Sep-12,HRDT,HIV test - Ancillary,"Orgenics, Ltd","Chase Buffer, Determine, 100 Tests, 2.5ml x 1 Vial","Chase Buffer, Determine, 100 Tests, 2.5ml x 1 Vial",Determine,,Test kit - Ancillary,1,50,250.00,5,5,"Alere Medical Co., Ltd.",FALSE,See ASN-16107 (ID#:32594),null,0.35
"47,495",900-SZ-T30,FPQ-8386,SCMS-122630,ASN-13382,Swaziland,PMO - US,Direct Drop,EXW,Ocean,9/14/2011,9/22/2011,19-Mar-12,19-Mar-12,19-Mar-12,ARV,Adult,Aurobindo Pharma Limited,"Lamivudine/Zidovudine+Efavirenz 150/300mg+600mg, tablets, co-blister 60+30 Tabs",Lamivudine/Zidovudine+Efavirenz,Generic,150/300mg+600mg,Tablet - FDC + co-blister,90,"46,855",637228.00,13.6,0.15,"Aurobindo Unit III, India",TRUE,7712,"$13,491.19 ","1,051.43"
"41,474",108-VN-T30,FPQ-9577,SCMS-145530,ASN-16123,Vietnam,PMO - US,Direct Drop,EXW,Air,04-11-12,06-12-12,09-Oct-12,09-Oct-12,09-Oct-12,ARV,Adult,MYLAN LABORATORIES LTD (FORMERLY MATRIX LABORATORIES),"Abacavir 300mg, tablets, 60 Tabs",Abacavir,Generic,300mg,Tablet,60,169,2154.75,12.75,0.21,Mylan (formerly Matrix) Nashik,FALSE,See ASN-16123 (ID#:20371),null,3.02
"47,536",102-BW-T30,FPQ-6645,SCMS-92630,ASN-9552,Botswana,PMO - US,Direct Drop,EXW,Air,11-11-10,12-02-10,02-Mar-11,02-Mar-11,02-Mar-11,HRDT,HIV test,"Orgenics, Ltd","HIV 1/2, Determine Complete HIV Kit, 100 Tests","HIV 1/2, Determine Complete HIV Kit",Determine,,Test kit,100,10,800.00,80,0.8,Inverness Japan,TRUE,5,$767.63 ,1.32
"56,772",108-VN-T30,FPQ-9577,SCMS-145530,ASN-16123,Vietnam,PMO - US,Direct Drop,EXW,Air,04-11-12,06-12-12,09-Oct-12,09-Oct-12,09-Oct-12,ARV,Adult,MYLAN LABORATORIES LTD (FORMERLY MATRIX LABORATORIES),"Tenofovir Disoproxil Fumarate 300mg, tablets, 30 Tabs",Tenofovir Disoproxil Fumarate,Generic,300mg,Tablet,30,"41,296",185419.04,4.49,0.15,Mylan (formerly Matrix) Nashik,FALSE,See ASN-16123 (ID#:20371),null,259.96
"47,853",109-TZ-T30,FPQ-4157,SCMS-52775,ASN-5402,Tanzania,PMO - US,Direct Drop,EXW,Air,8/27/2009,09-03-09,18-Jan-10,18-Jan-10,18-Jan-10,HRDT,HIV test,"Orgenics, Ltd","HIV 1/2, Determine HIV Kit, without Lancets, 100 Tests","HIV 1/2, Determine HIV Kit, without Lancets",Determine,,Test kit,100,"2,024",141680.00,70,0.7,Inverness Japan,TRUE,461,"$6,923.20 ",277.69
"47,546",151-NG-T30,FPQ-11880,SCMS-185370,ASN-19780,Nigeria,PMO - US,Direct Drop,FCA,Air,3/20/2013,4/19/2013,23-Jul-13,23-Jul-13,23-Jul-13,ARV,Pediatric,ABBVIE LOGISTICS (FORMERLY ABBOTT LOGISTICS BV),"Lopinavir/Ritonavir 100/25mg [Aluvia], tablets, 60 Tabs",Lopinavir/Ritonavir,Generic,100/25mg,Tablet,60,"5,360",31838.40,5.94,0.1,ABBVIE Ludwigshafen Germany,TRUE,619,"$5,506.01 ",39.38
"47,559",161-ZA-T30,FPQ-5648,SCMS-75440,ASN-8696,South Africa,PMO - US,Direct Drop,DDP,Ocean,06-02-10,6/17/2010,04-Feb-11,04-Feb-11,04-Feb-11,ARV,Pediatric,Aurobindo Pharma Limited,"Efavirenz 50mg, capsule, 30 Caps",Efavirenz,Generic,50mg,Capsule,30,"100,000",235000.00,2.35,0.08,"Aurobindo Unit III, India",TRUE,5634,"$17,819.74 ",506.66
"70,207",108-VN-T30,FPQ-9577,SCMS-145530,ASN-16123,Vietnam,PMO - US,Direct Drop,EXW,Air,04-11-12,06-12-12,09-Oct-12,09-Oct-12,09-Oct-12,ARV,Adult,MYLAN LABORATORIES LTD (FORMERLY MATRIX LABORATORIES),"Lamivudine/Nevirapine/Zidovudine 150/200/300mg, tablets, 60 Tabs",Lamivudine/Nevirapine/Zidovudine,Generic,150/300/200mg,Tablet - FDC,60,"12,665",118417.75,9.35,0.16,Mylan (formerly Matrix) Nashik,FALSE,See ASN-16123 (ID#:20371),null,166.02
"20,349",108-VN-T30,FPQ-9576,SCMS-145310,ASN-16124,Vietnam,PMO - US,Direct Drop,EXW,Air,04-11-12,06-11-12,02-Oct-12,02-Oct-12,02-Oct-12,ARV,Adult,MYLAN LABORATORIES LTD (FORMERLY MATRIX LABORATORIES),"Tenofovir Disoproxil Fumarate 300mg, tablets, 30 Tabs",Tenofovir Disoproxil Fumarate,Generic,300mg,Tablet,30,"30,704",137860.96,4.49,0.15,Mylan (formerly Matrix) Nashik,FALSE,See ASN-16124 (ID#:20321),null,193.28
"71,518",108-VN-T30,FPQ-9576,SCMS-145310,ASN-16124,Vietnam,PMO - US,Direct Drop,EXW,Air,04-11-12,06-11-12,02-Oct-12,02-Oct-12,02-Oct-12,ARV,Pediatric,MYLAN LABORATORIES LTD (FORMERLY MATRIX LABORATORIES),"Lamivudine/Nevirapine/Zidovudine 30/50/60mg, dispersible tablets, 60 Tabs",Lamivudine/Nevirapine/Zidovudine,Generic,30/50/60mg,Chewable/dispersible tablet - FDC,60,"8,698",36096.70,4.15,0.07,Mylan (formerly Matrix) Nashik,FALSE,See ASN-16124 (ID#:20321),null,50.61
"47,616",103-ZW-T30,FPQ-11488,SCMS-174670,ASN-20191,Zimbabwe,PMO - US,Direct Drop,FCA,Air,1/17/2013,02-01-13,08-Jul-13,08-Jul-13,08-Jul-13,ARV,Pediatric,LAWRENCE LABORATORIES (SUBSIDIARY OF BRISTOL MYERS SQUIBB),"Didanosine 25mg [Videx], chewable tablets, 60 Tabs",Didanosine,Videx,25mg,Chewable/dispersible tablet,60,703,4921.00,7,0.12,Bristol-Myers Squibb Anagni IT,TRUE,162,"$2,365.05 ",6.09
"47,625",161-ZA-T30,FPQ-5303,SCMS-68750,ASN-8703,South Africa,PMO - US,Direct Drop,DDP,Air,3/18/2010,3/19/2010,13-Oct-10,01-Dec-10,01-Dec-10,ARV,Adult,CIPLA LIMITED,"Tenofovir Disoproxil Fumarate 300mg, tablets, 30 Tabs",Tenofovir Disoproxil Fumarate,Generic,300mg,Tablet,30,"54,247",424211.54,7.82,0.26,"Cipla, Goa, India",TRUE,3728,"$3,646.13 ",914.6
"47,638",102-GY-T30,FPQ-8053,SCMS-115820,ASN-11658,Guyana,PMO - US,Direct Drop,EXW,Air,7/13/2011,7/20/2011,08-Aug-11,08-Aug-11,08-Aug-11,HRDT,HIV test,"CHEMBIO DIAGNOSTIC SYSTEMS, INC.","HIV 1/2, Stat-Pak HIV, Kit, 20 Tests","HIV 1/2, Stat-Pak HIV, Kit",Stat-Pak,,Test kit,20,15,435.00,29,1.45,Chembio Diagnostics Sys. Inc.,TRUE,6,$325.67 ,0.72
"78,140",108-VN-T30,FPQ-9576,SCMS-145310,ASN-16124,Vietnam,PMO - US,Direct Drop,EXW,Air,04-11-12,06-11-12,02-Oct-12,02-Oct-12,02-Oct-12,ARV,Adult,MYLAN LABORATORIES LTD (FORMERLY MATRIX LABORATORIES),"Lamivudine/Nevirapine/Zidovudine 150/200/300mg, tablets, 60 Tabs",Lamivudine/Nevirapine/Zidovudine,Generic,150/300/200mg,Tablet - FDC,60,"2,335",21832.25,9.35,0.16,Mylan (formerly Matrix) Nashik,FALSE,See ASN-16124 (ID#:20321),null,30.61
"29,282",900-TZ-T30,FPQ-10394,SCMS-156530,ASN-16470,Tanzania,PMO - US,Direct Drop,EXW,Air,7/26/2012,08-09-12,01-Nov-12,01-Nov-12,01-Nov-12,ARV,Adult,HETERO LABS LIMITED,"Lamivudine/Zidovudine 150/300mg, tablets, 60 Tabs",Lamivudine/Zidovudine,Generic,150/300mg,Tablet - FDC,60,"18,456",130668.48,7.08,0.12,Hetero Unit III Hyderabad IN,FALSE,See ASN-16470 (ID#:14279),null,183.2
"48,755",106-HT-T30,FPQ-9636,SCMS-148370,ASN-16472,Haiti,PMO - US,Direct Drop,EXW,Ocean,5/14/2012,07-03-12,20-Dec-12,20-Dec-12,20-Dec-12,ARV,Adult,MYLAN LABORATORIES LTD (FORMERLY MATRIX LABORATORIES),"Tenofovir Disoproxil Fumarate 300mg, tablets, 30 Tabs",Tenofovir Disoproxil Fumarate,Generic,300mg,Tablet,30,96,431.04,4.49,0.15,Mylan (formerly Matrix) Nashik,FALSE,See ASN-16472 (ID#:20383),null,0.6
"63,174",106-HT-T30,FPQ-9636,SCMS-148370,ASN-16472,Haiti,PMO - US,Direct Drop,EXW,Ocean,5/14/2012,07-03-12,20-Dec-12,20-Dec-12,20-Dec-12,ARV,Adult,MYLAN LABORATORIES LTD (FORMERLY MATRIX LABORATORIES),"Abacavir 300mg, tablets, 60 Tabs",Abacavir,Generic,300mg,Tablet,60,"2,610",32598.90,12.49,0.21,Mylan (formerly Matrix) Nashik,FALSE,See ASN-16472 (ID#:20383),null,45.7
"47,677",108-VN-T30,FPQ-10811,SCMS-164520,ASN-18693,Vietnam,PMO - US,Direct Drop,FCA,Air,10/15/2012,11-07-12,03-Apr-13,03-Apr-13,03-Apr-13,ARV,Adult,ABBVIE LOGISTICS (FORMERLY ABBOTT LOGISTICS BV),"Ritonavir 100mg [Norvir], film coated tablets, 30 Tabs",Ritonavir,Norvir,100mg,Tablet,30,187,4349.62,23.26,0.78,ABBVIE Ludwigshafen Germany,TRUE,16,$958.85 ,5.38
"47,388",106-HT-T30,FPQ-9636,SCMS-148360,ASN-16560,Haiti,PMO - US,Direct Drop,EXW,Ocean,5/14/2012,07-03-12,20-Dec-12,20-Dec-12,20-Dec-12,ARV,Adult,Aurobindo Pharma Limited,"Lamivudine/Zidovudine 150/300mg, tablets, 60 Tabs",Lamivudine/Zidovudine,Generic,150/300mg,Tablet - FDC,60,"37,680",288252.00,7.65,0.13,"Aurobindo Unit III, India",FALSE,See ASN-16560 (ID#:29734),null,404.13
"80,175",106-HT-T30,FPQ-9636,SCMS-148360,ASN-16560,Haiti,PMO - US,Direct Drop,EXW,Ocean,5/14/2012,07-03-12,20-Dec-12,20-Dec-12,20-Dec-12,ARV,Adult,Aurobindo Pharma Limited,"Efavirenz 600mg, tablets, 30 Tabs",Efavirenz,Generic,600mg,Tablet,30,"35,616",126436.80,3.55,0.12,"Aurobindo Unit III, India",FALSE,See ASN-16560 (ID#:29734),null,177.26
"47,817",102-SS-T30,FPQ-9038,SCMS-137170,ASN-14402,South Sudan,PMO - US,Direct Drop,EXW,Air,1/17/2012,2/15/2012,15-May-12,15-May-12,15-May-12,HRDT,HIV test,"Trinity Biotech, Plc","HIV 1/2, Uni-Gold HIV Kit, 20 Tests","HIV 1/2, Uni-Gold HIV Kit",Uni-Gold,,Test kit,20,179,5728.00,32,1.6,"Trinity Biotech, Plc",TRUE,63,"$2,147.11 ",8.03
"47,831",108-VN-T30,FPQ-4265,SCMS-56210,ASN-5539,Vietnam,PMO - US,Direct Drop,FCA,Air,10/20/2009,11-05-09,11-Dec-09,11-Dec-09,11-Dec-09,ARV,Adult,ABBVIE LOGISTICS (FORMERLY ABBOTT LOGISTICS BV),"Lopinavir/Ritonavir 200/50mg [Aluvia], tablets, 120 Tabs",Lopinavir/Ritonavir,Aluvia,200/50mg,Tablet,120,"1,720",141384.00,82.2,0.68,ABBVIE Ludwigshafen Germany,TRUE,424,"$10,296.99 ",277.11
"47,837",107-RW-T30,FPQ-3859,SCMS-48850,ASN-4656,Rwanda,PMO - US,Direct Drop,CIP,Air,6/30/2009,7/16/2009,10-Aug-09,10-Aug-09,10-Aug-09,ARV,Adult,HETERO LABS LIMITED,"Nevirapine 200mg, tablets, 60 Tabs",Nevirapine,Generic,200mg,Tablet,60,"9,300",28737.00,3.09,0.05,Hetero Unit III Hyderabad IN,TRUE,550,"$3,054.13 ",56.32
"47,857",117-ET-T30,FPQ-9098,SCMS-133540,ASN-14233,Ethiopia,PMO - US,Direct Drop,EXW,Air,01-10-12,1/23/2012,27-Mar-12,27-Mar-12,27-Mar-12,HRDT,HIV test,"CHEMBIO DIAGNOSTIC SYSTEMS, INC.","HIV 1/2, Stat-Pak HIV, Kit, 20 Tests","HIV 1/2, Stat-Pak HIV, Kit",Stat-Pak,,Test kit,20,340,9860.00,29,1.45,Chembio Diagnostics Sys. Inc.,TRUE,151,$827.88 ,13.82
"67,300",111-MZ-T30,FPQ-10369,SCMS-157230,ASN-16634,Mozambique,PMO - US,Direct Drop,EXW,Air,7/23/2012,8/22/2012,18-Oct-12,18-Oct-12,18-Oct-12,HRDT,HIV test,"Orgenics, Ltd","HIV 1/2, Determine Kit without Lancets, Buffer or Caplillary Tubes, 100 Tests","HIV 1/2, Determine Kit without Lancets, Buffer or Capillary Tubes, 100 Tests",Determine,,Test kit,100,215,15512.25,72.15,0.72,"Alere Medical Co., Ltd.",FALSE,See ASN-16634 (ID#:46858),null,21.75
"47,864",108-VN-T30,FPQ-5094,SCMS-68820,ASN-7170,Vietnam,PMO - US,Direct Drop,FCA,Air,3/15/2010,3/31/2010,21-Jun-10,21-Jun-10,21-Jun-10,ARV,Adult,ABBVIE LOGISTICS (FORMERLY ABBOTT LOGISTICS BV),"Lopinavir/Ritonavir 200/50mg [Aluvia], tablets, 120 Tabs",Lopinavir/Ritonavir,Aluvia,200/50mg,Tablet,120,"1,785",146727.00,82.2,0.68,ABBVIE Ludwigshafen Germany,TRUE,266,"$6,937.66 ",316.34
"47,870",102-SD-T30,FPQ-8261,SCMS-120462,ASN-12337,Sudan,PMO - US,Direct Drop,EXW,Air,8/29/2011,09-07-11,11-Jan-12,11-Jan-12,11-Jan-12,HRDT,HIV test,"Trinity Biotech, Plc","HIV 1/2, Uni-Gold HIV Kit, 20 Tests","HIV 1/2, Uni-Gold HIV Kit",Uni-Gold,,Test kit,20,39,1248.00,32,1.6,"Trinity Biotech, Plc",TRUE,13,$581.73 ,2.06
"47,923",113-ZW-T30,FPQ-3998,SCMS-50150,ASN-4753,Zimbabwe,PMO - US,Direct Drop,EXW,Air,7/14/2009,7/25/2009,07-Sep-09,07-Sep-09,07-Sep-09,HRDT,HIV test,"Orgenics, Ltd","HIV 1/2, Determine Complete HIV Kit, 100 Tests","HIV 1/2, Determine Complete HIV Kit",Determine,,Test kit,100,"1,000",72000.00,72,0.72,Inverness Japan,TRUE,324,"$3,791.81 ",141.12
"47,937",108-VN-T30,FPQ-13034,SCMS-210150,ASN-24570,Vietnam,PMO - US,Direct Drop,EXW,Air,10-04-13,10-10-13,22-Apr-14,22-Apr-14,22-Apr-14,ARV,Adult,HETERO LABS LIMITED,"Efavirenz/Lamivudine/Tenofovir Disoproxil Fumarate 600/300/300mg, tablets, 30 Tabs",Efavirenz/Lamivudine/Tenofovir Disoproxil Fumarate,Generic,600/300/300mg,Tablet - FDC,30,"24,192",254016.00,10.5,0.35,Hetero Unit III Hyderabad IN,TRUE,3385,"$8,764.53 ",314.22
"58,754",105-SS-T30,FPQ-9807,SCMS-147641,ASN-16730,South Sudan,PMO - US,Direct Drop,EXW,Air,5/18/2012,6/20/2012,30-Nov-12,30-Nov-12,30-Nov-12,HRDT,HIV test,"Orgenics, Ltd","HIV 1/2, Determine Complete HIV Kit, 100 Tests","HIV 1/2, Determine Complete HIV Kit",Determine,,Test kit,100,395,35155.00,89,0.89,"Alere Medical Co., Ltd.",FALSE,See ASN-16730 (ID#:27586),null,49.29
"38,567",900-SS-T30,FPQ-10504,SCMS-157880,ASN-16852,South Sudan,PMO - US,Direct Drop,EXW,Air,8/15/2012,8/21/2012,13-Dec-12,13-Dec-12,13-Dec-12,HRDT,HIV test,"Orgenics, Ltd","HIV 1/2, Determine Complete HIV Kit, 100 Tests","HIV 1/2, Determine Complete HIV Kit",Determine,,Test kit,100,624,55536.00,89,0.89,"Alere Medical Co., Ltd.",FALSE,See ASN-16852 (ID#:25990),null,77.86
"47,975",108-VN-T30,FPQ-7898,SCMS-113690,ASN-12713,Vietnam,PMO - US,Direct Drop,FCA,Air,6/27/2011,07-08-11,17-Nov-11,17-Nov-11,17-Nov-11,ARV,Adult,ABBVIE LOGISTICS (FORMERLY ABBOTT LOGISTICS BV),"Lopinavir/Ritonavir 200/50mg [Aluvia], tablets, 120 Tabs",Lopinavir/Ritonavir,Aluvia,200/50mg,Tablet,120,"1,575",129465.00,82.2,0.68,ABBVIE Ludwigshafen Germany,TRUE,382,"$5,528.41 ",213.62
"47,977",110-ZM-T30,FPQ-15075,SCMS-260220,ASN-29944,Zambia,PMO - US,Direct Drop,EXW,Air,10/15/2014,10/22/2014,21-Jan-15,21-Jan-15,04-Feb-15,HRDT,HIV test,"Trinity Biotech, Plc","HIV 1/2, Uni-Gold HIV Kit, 20 Tests","HIV 1/2, Uni-Gold HIV Kit",Uni-Gold,,Test kit,20,"3,000",96000.00,32,1.6,"Trinity Biotech, Plc",TRUE,881,"$6,664.29 ",112.99
"66,578",900-SS-T30,FPQ-10504,SCMS-157880,ASN-16852,South Sudan,PMO - US,Direct Drop,EXW,Air,8/15/2012,8/21/2012,13-Dec-12,13-Dec-12,13-Dec-12,HRDT,HIV test - Ancillary,"Orgenics, Ltd","Chase Buffer, Determine, 100 Tests, 2.5ml x 1 Vial","Chase Buffer, Determine, 100 Tests, 2.5ml x 1 Vial",Determine,,Test kit - Ancillary,1,238,1190.00,5,5,"Alere Medical Co., Ltd.",FALSE,See ASN-16852 (ID#:25990),null,1.67
"48,043",102-KE-T30,FPQ-6114,SCMS-80820,ASN-8589,Kenya,PMO - US,Direct Drop,EXW,Air,7/23/2010,8/27/2010,12-Nov-10,12-Nov-10,12-Nov-10,HRDT,HIV test,"Orgenics, Ltd","HIV 1/2, Determine Complete HIV Kit, 100 Tests","HIV 1/2, Determine Complete HIV Kit",Determine,,Test kit,100,"8,178",727842.00,89,0.89,Inverness Japan,TRUE,1407,"$15,200.59 ","1,569.23"
"27,267",108-VN-T30,FPQ-10286,SCMS-156130,ASN-17075,Vietnam,PMO - US,Direct Drop,EXW,Air,7/25/2012,8/14/2012,29-Nov-12,29-Nov-12,29-Nov-12,ARV,Adult,Aurobindo Pharma Limited,"Lamivudine/Nevirapine/Zidovudine 150/200/300mg, tablets, 60 Tabs",Lamivudine/Nevirapine/Zidovudine,Generic,150/300/200mg,Tablet - FDC,60,"37,215",320049.00,8.6,0.14,"Aurobindo Unit III, India",FALSE,See ASN-17075 (ID#:20697),null,448.71
"48,065",161-ZA-T30,FPQ-5303,SCMS-68952,ASN-7506,South Africa,PMO - US,Direct Drop,DDP,Air,3/18/2010,3/19/2010,24-Aug-10,24-Aug-10,24-Aug-10,ARV,Pediatric,Aurobindo Pharma Limited,"Lamivudine 10mg/ml, oral solution w/syringe, Bottle, 240 ml",Lamivudine,Generic,10mg/ml,Oral solution,240,"11,668",35004.00,3,0.01,"Aurobindo Unit III, India",TRUE,4396,"$3,283.59 ",75.47
"63,915",108-VN-T30,FPQ-10286,SCMS-156130,ASN-17075,Vietnam,PMO - US,Direct Drop,EXW,Air,7/25/2012,8/14/2012,29-Nov-12,29-Nov-12,29-Nov-12,ARV,Adult,Aurobindo Pharma Limited,"Efavirenz 600mg, tablets, 30 Tabs",Efavirenz,Generic,600mg,Tablet,30,"15,881",52407.30,3.3,0.11,"Aurobindo Unit III, India",FALSE,See ASN-17075 (ID#:20697),null,73.48
"43,210",108-VN-T30,FPQ-10287,SCMS-156140,ASN-17077,Vietnam,PMO - US,Direct Drop,EXW,Air,7/25/2012,8/14/2012,10-Dec-12,10-Dec-12,10-Dec-12,ARV,Adult,Aurobindo Pharma Limited,"Lamivudine/Nevirapine/Zidovudine 150/200/300mg, tablets, 60 Tabs",Lamivudine/Nevirapine/Zidovudine,Generic,150/300/200mg,Tablet - FDC,60,"12,785",109951.00,8.6,0.14,"Aurobindo Unit III, India",FALSE,See ASN-17077 (ID#:37031),null,154.15
"48,120",108-VN-T30,FPQ-5317,SCMS-69530,ASN-7487,Vietnam,PMO - US,Direct Drop,EXW,Air,3/22/2010,3/29/2010,03-Aug-10,03-Aug-10,03-Aug-10,ARV,Adult,STRIDES ARCOLAB LIMITED,"Lamivudine 150mg, tablets, 60 Tabs",Lamivudine,Generic,150mg,Tablet,60,"2,400",5640.00,2.35,0.04,"Strides, Bangalore, India.",TRUE,726,"$7,388.14 ",12.16
"48,151",107-RW-T30,FPQ-8932,SCMS-129870,ASN-13371,Rwanda,PMO - US,Direct Drop,EXW,Air,12-06-11,12/13/2011,24-Jan-12,24-Jan-12,24-Jan-12,ARV,Adult,Aurobindo Pharma Limited,"Lamivudine/Tenofovir Disoproxil Fumarate 300/300mg, tablets, 30 Tabs",Lamivudine/Tenofovir Disoproxil Fumarate,Generic,300/300mg,Tablet - FDC,30,"42,074",225095.90,5.35,0.18,"Aurobindo Unit VII, IN",TRUE,4105,"$25,382.52 ",315.58
"70,813",108-VN-T30,FPQ-10287,SCMS-156140,ASN-17077,Vietnam,PMO - US,Direct Drop,EXW,Air,7/25/2012,8/14/2012,10-Dec-12,10-Dec-12,10-Dec-12,ARV,Pediatric,Aurobindo Pharma Limited,"Nevirapine 10mg/ml, oral suspension w/syringe, Bottle, 240 ml",Nevirapine,Generic,10mg/ml,Oral suspension,240,436,850.20,1.95,0.01,"Aurobindo Unit III, India",FALSE,See ASN-17077 (ID#:37031),null,1.19
"48,182",106-HT-T30,FPQ-14895,SCMS-261300,ASN-29497,Haiti,PMO - US,Direct Drop,FCA,Air,9/24/2014,11-05-14,10-Dec-14,10-Dec-14,10-Dec-14,ARV,Adult,ABBVIE LOGISTICS (FORMERLY ABBOTT LOGISTICS BV),"Ritonavir 100mg [Norvir], film coated tablets, 60 Tabs",Ritonavir,Norvir,100mg,Tablet,60,272,1863.20,6.85,0.11,ABBVIE Ludwigshafen Germany,TRUE,37,$722.35 ,1.92
"48,184",107-RW-T30,FPQ-14813,SCMS-261760,ASN-29891,Rwanda,PMO - US,Direct Drop,EXW,Air,10-09-14,12/15/2014,15-Jan-15,15-Jan-15,24-Feb-15,ARV,Pediatric,Aurobindo Pharma Limited,"Lopinavir/Ritonavir 100/25mg, tablets, 60 Tabs",Lopinavir/Ritonavir,Generic,100/25mg,Tablet,60,"1,592",12799.68,8.04,0.13,"Aurobindo Unit III, India",TRUE,167,"$1,923.14 ",13.16
"75,336",108-VN-T30,FPQ-10287,SCMS-156140,ASN-17077,Vietnam,PMO - US,Direct Drop,EXW,Air,7/25/2012,8/14/2012,10-Dec-12,10-Dec-12,10-Dec-12,ARV,Adult,Aurobindo Pharma Limited,"Efavirenz 600mg, tablets, 30 Tabs",Efavirenz,Generic,600mg,Tablet,30,"14,119",46592.70,3.3,0.11,"Aurobindo Unit III, India",FALSE,See ASN-17077 (ID#:37031),null,65.32
"48,216",109-TZ-T30,FPQ-9259,SCMS-136810,ASN-14309,Tanzania,PMO - US,Direct Drop,EXW,Air,1/27/2012,02-03-12,25-May-12,25-May-12,25-May-12,HRDT,HIV test,"Trinity Biotech, Plc","HIV 1/2, Uni-Gold HIV Kit, 20 Tests","HIV 1/2, Uni-Gold HIV Kit",Uni-Gold,,Test kit,20,"4,250",136000.00,32,1.6,"Trinity Biotech, Plc",TRUE,1386,"$13,215.15 ",190.67
"48,228",104-CI-T30,FPQ-12134,SCMS-190720,ASN-21347,Côte d'Ivoire,PMO - US,Direct Drop,EXW,Air,4/23/2013,5/21/2013,03-Sep-13,03-Sep-13,03-Sep-13,HRDT,HIV test,"CHEMBIO DIAGNOSTIC SYSTEMS, INC.","HIV 1/2, Stat-Pak HIV, Kit, 20 Tests","HIV 1/2, Stat-Pak HIV, Kit",Stat-Pak,,Test kit,20,"3,400",98600.00,29,1.45,Chembio Diagnostics Sys. Inc.,TRUE,1252,"$10,821.66 ",121.97
"65,609",111-MZ-T30,FPQ-10606,SCMS-162160,ASN-17088,Mozambique,PMO - US,Direct Drop,EXW,Air,09-12-12,10-10-12,25-Dec-12,25-Dec-12,25-Dec-12,HRDT,HIV test - Ancillary,"Orgenics, Ltd","Chase Buffer, Determine, 100 Tests, 2.5ml x 1 Vial","Chase Buffer, Determine, 100 Tests, 2.5ml x 1 Vial",Determine,,Test kit - Ancillary,1,81,405.00,5,5,"Alere Medical Co., Ltd.",FALSE,See ASN-17088 (ID#:18269),null,0.57
"40,936",108-VN-T30,FPQ-10286,SCMS-156310,ASN-17176,Vietnam,PMO - US,Direct Drop,EXW,Air,7/25/2012,8/15/2012,14-Dec-12,14-Dec-12,14-Dec-12,ARV,Adult,HETERO LABS LIMITED,"Abacavir 300mg, tablets, 60 Tabs",Abacavir,Generic,300mg,Tablet,60,385,4966.50,12.9,0.22,Hetero Unit III Hyderabad IN,FALSE,See ASN-17176 (ID#:20219),null,6.96
"48,301",104-CI-T30,FPQ-9394,SCMS-141430,ASN-15398,Côte d'Ivoire,PMO - US,Direct Drop,EXW,Air,2/28/2012,3/22/2012,05-Jul-12,05-Jul-12,05-Jul-12,HRDT,HIV test,"Orgenics, Ltd","HIV 1/2, Determine Complete HIV Kit, 100 Tests","HIV 1/2, Determine Complete HIV Kit",Determine,,Test kit,100,"6,290",503200.00,80,0.8,"Alere Medical Co., Ltd.",TRUE,2995,"$57,933.93 ",705.49
"66,809",108-VN-T30,FPQ-10287,SCMS-156320,ASN-17177,Vietnam,PMO - US,Direct Drop,EXW,Air,7/25/2012,8/15/2012,05-Dec-12,05-Dec-12,05-Dec-12,ARV,Adult,HETERO LABS LIMITED,"Abacavir 300mg, tablets, 60 Tabs",Abacavir,Generic,300mg,Tablet,60,615,7933.50,12.9,0.22,Hetero Unit III Hyderabad IN,FALSE,See ASN-17177 (ID#:18240),null,11.12
"48,419",161-ZA-T30,FPQ-7175,SCMS-104060,ASN-11379,South Africa,PMO - US,Direct Drop,DDP,Ocean,03-10-11,3/28/2011,06-Dec-11,02-Nov-11,02-Nov-11,ARV,Adult,CIPLA LIMITED,"Nevirapine 200mg, tablets, 60 Tabs",Nevirapine,Generic,200mg,Tablet,60,"10,817",29422.24,2.72,0.05,"Cipla, Goa, India",TRUE,1172,"$19,007.72 ",48.55
"48,438",114-UG-T30,FPQ-6504,SCMS-91710,ASN-9454,Uganda,PMO - US,Direct Drop,CIP,Air,10/31/2010,11/18/2010,27-Jan-11,27-Jan-11,27-Jan-11,ARV,Adult,MERCK SHARP & DOHME IDEA GMBH (FORMALLY MERCK SHARP & DOHME B.V.),"Raltegravir 400mg [Isentress], tablets, 60 Tabs",Raltegravir,Isentress,400mg,Tablet,60,223,20404.50,91.5,1.52,"MSD, Haarlem, NL",TRUE,21,$761 ,33.67
"48,497",161-ZA-T30,FPQ-6262,SCMS-84230,ASN-9508,South Africa,PMO - US,Direct Drop,DDP,Ocean,8/31/2010,9/21/2010,14-Feb-11,11-Feb-11,11-Feb-11,ARV,Adult,STRIDES ARCOLAB LIMITED,"Lamivudine 150mg, tablets, 60 Tabs",Lamivudine,Generic,150mg,Tablet,60,"185,954",459306.38,2.47,0.04,"Strides, Bangalore, India.",TRUE,9019,"$13,677.68 ",990.26
"48,500",107-RW-T30,FPQ-6341,SCMS-84980,ASN-9370,Rwanda,PMO - US,Direct Drop,EXW,Ocean,09-03-10,9/28/2010,01-Mar-11,01-Mar-11,01-Mar-11,ARV,Adult,HETERO LABS LIMITED,"Nevirapine 200mg, tablets, 60 Tabs",Nevirapine,Generic,200mg,Tablet,60,"176,100",427923.00,2.43,0.04,Hetero Unit III Hyderabad IN,TRUE,24219,"$23,736.39 ",922.6
"48,516",106-HT-T30,FPQ-15038,SCMS-262950,ASN-30813,Haiti,PMO - US,Direct Drop,EXW,Air,10/22/2014,12/24/2014,30-Mar-15,30-Mar-15,31-Mar-15,ARV,Pediatric,Aurobindo Pharma Limited,"Zidovudine 100mg, capsules, 100 Caps",Zidovudine,Generic,100mg,Capsule,100,120,540.00,4.5,0.04,"Aurobindo Unit III, India",TRUE,9,$820.56 ,0.56
"48,517",100-ZW-T30,FPQ-5018,SCMS-65350,ASN-6754,Zimbabwe,PMO - US,Direct Drop,EXW,Air,02-02-10,2/17/2010,20-May-10,20-May-10,20-May-10,HRDT,HIV test,"Orgenics, Ltd","HIV 1/2, Determine Complete HIV Kit, 100 Tests","HIV 1/2, Determine Complete HIV Kit",Determine,,Test kit,100,"1,845",132840.00,72,0.72,Inverness Japan,TRUE,1000,"$18,841.09 ",286.4
"55,018",114-UG-T30,FPQ-10788,SCMS-162740,ASN-17430,Uganda,PMO - US,Direct Drop,DAP,Air,10-10-12,10/25/2012,14-Dec-12,14-Dec-12,14-Dec-12,ARV,Adult,ASPEN PHARMACARE,"Darunavir 300mg [Prezista], tablets, 120 Tabs",Darunavir,Prezista,300mg,Tablet,120,312,20779.20,66.6,0.55,"Aspen-OSD, Port Elizabeth, SA",FALSE,See ASN-17430 (ID#:24384),null,25.7
"48,523",900-TZ-T30,FPQ-10396,SCMS-157661,ASN-17081,Tanzania,PMO - US,Direct Drop,EXW,Air,7/31/2012,10-04-12,07-Dec-12,07-Dec-12,07-Dec-12,HRDT,HIV test,"Orgenics, Ltd","HIV 1/2, Determine Complete HIV Kit, 100 Tests","HIV 1/2, Determine Complete HIV Kit",Determine,,Test kit,100,"2,744",219520.00,80,0.8,"Alere Medical Co., Ltd.",TRUE,1303,"$22,223.94 ",307.77
"27,875",108-VN-T30,FPQ-10811,SCMS-166140,ASN-17572,Vietnam,PMO - US,Direct Drop,EXW,Air,10/15/2012,11-09-12,09-Jan-13,09-Jan-13,09-Jan-13,ARV,Pediatric,Aurobindo Pharma Limited,"Zidovudine 10mg/ml, oral solution w/syringe, Bottle, 240 ml",Zidovudine,Generic,10mg/ml,Oral solution,240,309,648.90,2.1,0.01,"Aurobindo Unit III, India",FALSE,See ASN-17572 (ID#:19630),null,0.8
"62,990",108-VN-T30,FPQ-10811,SCMS-166120,ASN-17672,Vietnam,PMO - US,Direct Drop,EXW,Air,10/15/2012,11-09-12,29-Jan-13,29-Jan-13,29-Jan-13,ARV,Pediatric,Aurobindo Pharma Limited,"Zidovudine 10mg/ml, oral solution w/syringe, Bottle, 240 ml",Zidovudine,Generic,10mg/ml,Oral solution,240,691,1451.10,2.1,0.01,"Aurobindo Unit III, India",FALSE,See ASN-17672 (ID#:15352),null,1.8
"48,623",114-UG-T30,FPQ-9923,SCMS-149970,ASN-16318,Uganda,PMO - US,Direct Drop,EXW,Air,5/28/2012,6/26/2012,21-Sep-12,21-Sep-12,21-Sep-12,ARV,Adult,MYLAN LABORATORIES LTD (FORMERLY MATRIX LABORATORIES),"Atazanavir/Ritonavir 300/100mg, tablets, 30 Tabs",Atazanavir/Ritonavir,Generic,300/100mg,Tablet,30,"1,558",35055.00,22.5,0.75,Mylan (formerly Matrix) Nashik,TRUE,195,"$3,387.72 ",49.15
"46,848",108-VN-T30,FPQ-10286,SCMS-156250,ASN-17673,Vietnam,PMO - US,Direct Drop,EXW,Air,7/25/2012,8/15/2012,04-Feb-13,04-Feb-13,04-Feb-13,ARV,Pediatric,MICRO LABS LIMITED,"Efavirenz 200mg, capsule, 90 Caps",Efavirenz,Generic,200mg,Capsule,90,298,1317.16,4.42,0.05,"Micro labs, Verna, Goa, India",FALSE,See ASN-17673 (ID#:36978),null,1.85
"48,640",102-BI-T30,FPQ-15186,SCMS-260820,ASN-32560,Burundi,PMO - US,Direct Drop,EXW,Air,10/17/2014,11-12-14,06-Jul-15,06-Jul-15,08-Jul-15,HRDT,HIV test,"CHEMBIO DIAGNOSTIC SYSTEMS, INC.","HIV 1/2, Stat-Pak Dipstick Assay Kit, 30 Tests","HIV 1/2, Stat-Pak Dipstick Assay Kit",Stat-Pak,,Test kit,30,594,16394.40,27.6,0.92,Chembio Diagnostics Sys. Inc.,TRUE,63,$877.52 ,19.3
"36,871",108-VN-T30,FPQ-10287,SCMS-156260,ASN-17696,Vietnam,PMO - US,Direct Drop,EXW,Air,7/25/2012,8/15/2012,30-Jan-13,30-Jan-13,30-Jan-13,ARV,Pediatric,MICRO LABS LIMITED,"Efavirenz 200mg, capsule, 90 Caps",Efavirenz,Generic,200mg,Capsule,90,702,3102.84,4.42,0.05,"Micro labs, Verna, Goa, India",FALSE,See ASN-17696 (ID#:31712),null,4.35
"48,665",102-BI-T30,FPQ-15186,SCMS-260810,ASN-31408,Burundi,PMO - US,Direct Drop,EXW,Air,10/17/2014,11-12-14,21-Apr-15,21-Apr-15,21-Apr-15,HRDT,HIV test,"CHEMBIO DIAGNOSTIC SYSTEMS, INC.","HIV 1/2, Stat-Pak Dipstick Assay Kit, 30 Tests","HIV 1/2, Stat-Pak Dipstick Assay Kit",Stat-Pak,,Test kit,30,517,14269.20,27.6,0.92,Chembio Diagnostics Sys. Inc.,TRUE,56,$812.84 ,16.79
"48,690",106-HT-T30,FPQ-11442,SCMS-177181,ASN-18922,Haiti,PMO - US,Direct Drop,EXW,Air,1/30/2013,03-11-13,25-Apr-13,25-Apr-13,25-Apr-13,ARV,Pediatric,Aurobindo Pharma Limited,"Lamivudine 10mg/ml, oral solution w/syringe, Bottle, 240 ml",Lamivudine,Generic,10mg/ml,Oral solution,240,"2,064",2951.52,1.43,0.01,"Aurobindo Unit III, India",TRUE,751,"$5,754.16 ",3.65
"48,706",107-RW-T30,FPQ-6341,SCMS-84950,ASN-9368,Rwanda,PMO - US,Direct Drop,EXW,Ocean,09-03-10,9/28/2010,01-Mar-11,01-Mar-11,01-Mar-11,ARV,Adult,HETERO LABS LIMITED,"Efavirenz 600mg, tablets, 30 Tabs",Efavirenz,Generic,600mg,Tablet,30,"38,113",157406.69,4.13,0.14,Hetero Unit III Hyderabad IN,TRUE,3077,"$6,499.25 ",339.37
"58,494",114-UG-T30,FPQ-10787,SCMS-163460,ASN-17750,Uganda,PMO - US,Direct Drop,EXW,Air,10-10-12,10/25/2012,21-Jan-13,21-Jan-13,21-Jan-13,ARV,Adult,MYLAN LABORATORIES LTD (FORMERLY MATRIX LABORATORIES),"Atazanavir/Ritonavir 300/100mg, tablets, 30 Tabs",Atazanavir/Ritonavir,Generic,300/100mg,Tablet,30,"1,455",32737.50,22.5,0.75,Mylan (formerly Matrix) Nashik,FALSE,See ASN-17750 (ID#:36539),null,40.5
"48,741",104-CI-T30,FPQ-13297,SCMS-218500,ASN-24994,Côte d'Ivoire,PMO - US,Direct Drop,EXW,Air,11/28/2013,12/13/2013,07-Apr-14,07-Apr-14,08-Apr-14,ARV,Pediatric,CIPLA LIMITED,"Nevirapine 50mg, dispersible tablets, 60 Tabs",Nevirapine,Generic,50mg,Chewable/dispersible tablet,60,"3,900",7215.00,1.85,0.03,"Cipla, Patalganga, India",TRUE,321,"$3,740.01 ",7.42
"48,746",161-ZA-T30,FPQ-5303,SCMS-68980,ASN-7525,South Africa,PMO - US,Direct Drop,DDP,Air,3/18/2010,3/19/2010,24-Aug-10,24-Aug-10,24-Aug-10,ARV,Adult,Aurobindo Pharma Limited,"Lamivudine 150mg, tablets, 60 Tabs",Lamivudine,Generic,150mg,Tablet,60,"32,070",81137.10,2.53,0.04,"Aurobindo Unit III, India",TRUE,1727,"$1,791.42 ",174.93
"49,301",102-BW-T30,FPQ-4904,SCMS-64791,ASN-6296,Botswana,PMO - US,Direct Drop,EXW,Air,1/13/2010,02-05-10,14-Apr-10,14-Apr-10,14-Apr-10,HRDT,HIV test,"Orgenics, Ltd","HIV 1/2, Determine Complete HIV Kit, 100 Tests","HIV 1/2, Determine Complete HIV Kit",Determine,,Test kit,100,5,360.00,72,0.72,Inverness Japan,TRUE,3,$787.28 ,0.78
"42,138",108-VN-T30,FPQ-10287,SCMS-156281,ASN-17806,Vietnam,PMO - US,Direct Drop,EXW,Air,7/25/2012,8/14/2012,02-Feb-13,02-Feb-13,02-Feb-13,ARV,Pediatric,MYLAN LABORATORIES LTD (FORMERLY MATRIX LABORATORIES),"Lamivudine/Nevirapine/Zidovudine 30/50/60mg, dispersible tablets, 60 Tabs",Lamivudine/Nevirapine/Zidovudine,Generic,30/50/60mg,Chewable/dispersible tablet - FDC,60,"12,492",51841.80,4.15,0.07,Mylan (formerly Matrix) Nashik,FALSE,See ASN-17806 (ID#:37475),null,72.68
"69,647",114-UG-T30,FPQ-10788,SCMS-162750,ASN-18152,Uganda,PMO - US,Direct Drop,DAP,Air,10-10-12,10/25/2012,13-Feb-13,13-Feb-13,13-Feb-13,ARV,Adult,ASPEN PHARMACARE,"Etravirine 100mg [Intelence], tablets, 120 Tabs",Etravirine,Intelence,100mg,Tablet,120,194,6984.00,36,0.3,"Janssen-Cilag, Latina, IT",FALSE,See ASN-18152 (ID#:66768),null,8.64
"48,765",102-KE-T30,FPQ-4587,SCMS-58380,ASN-5900,Kenya,PMO - US,Direct Drop,EXW,Air,11/18/2009,12-02-09,16-Feb-10,19-Feb-10,19-Feb-10,HRDT,HIV test,"Orgenics, Ltd","HIV 1/2, Determine Complete HIV Kit, 100 Tests","HIV 1/2, Determine Complete HIV Kit",Determine,,Test kit,100,1,80.00,80,0.8,Inverness Japan,TRUE,822,"$8,664.89 ",0.17
"48,773",133-NG-T30,FPQ-13741,SCMS-239690,ASN-26759,Nigeria,PMO - US,Direct Drop,EXW,Air,2/13/2014,5/19/2014,09-Jul-14,09-Jul-14,17-Jul-14,HRDT,HIV test,"Orgenics, Ltd","HIV 1/2, Determine Complete HIV Kit, 100 Tests","HIV 1/2, Determine Complete HIV Kit",Determine,,Test kit,100,"9,935",884215.00,89,0.89,"Alere Medical Co., Ltd.",TRUE,4038,"$59,711.34 ",908.97
"38,538",108-VN-T30,FPQ-10811,SCMS-164560,ASN-18406,Vietnam,PMO - US,Direct Drop,EXW,Air,10/15/2012,11-07-12,13-Mar-13,13-Mar-13,13-Mar-13,ARV,Adult,MYLAN LABORATORIES LTD (FORMERLY MATRIX LABORATORIES),"Efavirenz/Lamivudine/Tenofovir Disoproxil Fumarate 600/300/300mg, tablets, 30 Tabs",Efavirenz/Lamivudine/Tenofovir Disoproxil Fumarate,Generic,600/300/300mg,Tablet - FDC,30,"16,611",190860.39,11.49,0.38,Mylan (formerly Matrix) Nashik,FALSE,See ASN-18406 (ID#:14871),null,236.09
"47,953",108-VN-T30,FPQ-10811,SCMS-164570,ASN-18408,Vietnam,PMO - US,Direct Drop,EXW,Air,10/15/2012,11-07-12,18-Mar-13,18-Mar-13,18-Mar-13,ARV,Pediatric,MYLAN LABORATORIES LTD (FORMERLY MATRIX LABORATORIES),"Lamivudine/Zidovudine 30/60mg, tablets, 60 Tabs",Lamivudine/Zidovudine,Generic,30/60mg,Tablet - FDC,60,"2,231",4685.10,2.1,0.04,Mylan (formerly Matrix) Nashik,FALSE,See ASN-18408 (ID#:21705),null,5.8
"63,555",104-CI-T30,FPQ-10636,SCMS-162550,ASN-18558,Côte d'Ivoire,PMO - US,Direct Drop,EXW,Air,9/19/2012,10-12-12,21-Mar-13,21-Mar-13,21-Mar-13,ARV,Adult,MYLAN LABORATORIES LTD (FORMERLY MATRIX LABORATORIES),"Atazanavir/Ritonavir 300/100mg, tablets, 30 Tabs",Atazanavir/Ritonavir,Generic,300/100mg,Tablet,30,"1,270",28575.00,22.5,0.75,Mylan (formerly Matrix) Nashik,FALSE,See ASN-18558 (ID#:27015),null,40.06
"48,839",104-CI-T30,FPQ-13603,SCMS-228070,ASN-29946,Côte d'Ivoire,PMO - US,Direct Drop,EXW,Air,1/23/2014,2/26/2014,16-Feb-15,16-Feb-15,17-Feb-15,HRDT,HIV test,"Orgenics, Ltd","HIV 1/2, Determine Complete HIV Kit, 100 Tests","HIV 1/2, Determine Complete HIV Kit",Determine,,Test kit,100,"4,750",380000.00,80,0.8,"Alere Medical Co., Ltd.",TRUE,1930,"$23,013.20 ",390.64
"65,186",108-VN-T30,FPQ-10811,SCMS-164580,ASN-18662,Vietnam,PMO - US,Direct Drop,EXW,Air,10/15/2012,11-07-12,03-Apr-13,03-Apr-13,03-Apr-13,ARV,Adult,HETERO LABS LIMITED,"Lamivudine/Zidovudine 150/300mg, tablets, 60 Tabs",Lamivudine/Zidovudine,Generic,150/300mg,Tablet - FDC,60,"11,623",81361.00,7,0.12,Hetero Unit III Hyderabad IN,FALSE,See ASN-18662 (ID#:38299),null,100.64
"48,857",161-ZA-T30,FPQ-5303,SCMS-68980,ASN-8167,South Africa,PMO - US,Direct Drop,DDP,Air,3/18/2010,3/19/2010,24-Aug-10,21-Jan-11,21-Jan-11,ARV,Pediatric,Aurobindo Pharma Limited,"Lamivudine 10mg/ml, oral solution w/syringe, Bottle, 240 ml",Lamivudine,Generic,10mg/ml,Oral solution,240,"11,628",34884.00,3,0.01,"Aurobindo Unit III, India",TRUE,4382,"$2,154.52 ",75.21
"48,870",105-GY-T30,FPQ-11550,SCMS-177920,ASN-19123,Guyana,PMO - US,Direct Drop,FCA,Air,02-07-13,03-08-13,31-May-13,31-May-13,31-May-13,ARV,Pediatric,ABBVIE LOGISTICS (FORMERLY ABBOTT LOGISTICS BV),"Lopinavir/Ritonavir 80/20mg/ml [Kaletra], oral solution, cool, Bottle 5 x 60 ml",Lopinavir/Ritonavir,Kaletra,80/20mg/ml,Oral solution,300,20,1216.40,60.82,0.2,ABBVIE (Abbott) Logis. UK,TRUE,52,"$1,152.90 ",1.5
"78,714",108-VN-T30,FPQ-10811,SCMS-164580,ASN-18662,Vietnam,PMO - US,Direct Drop,EXW,Air,10/15/2012,11-07-12,03-Apr-13,03-Apr-13,03-Apr-13,ARV,Adult,HETERO LABS LIMITED,"Abacavir 300mg, tablets, 60 Tabs",Abacavir,Generic,300mg,Tablet,60,327,4218.30,12.9,0.22,Hetero Unit III Hyderabad IN,FALSE,See ASN-18662 (ID#:38299),null,5.22
"48,879",161-ZA-T30,FPQ-5303,SCMS-68720,ASN-7431,South Africa,PMO - US,Direct Drop,DDP,Air,3/18/2010,3/19/2010,19-Jul-10,19-Jul-10,19-Jul-10,ARV,Adult,CIPLA LIMITED,"Tenofovir Disoproxil Fumarate 300mg, tablets, 30 Tabs",Tenofovir Disoproxil Fumarate,Generic,300mg,Tablet,30,"11,574",90508.68,7.82,0.26,"Cipla, Goa, India",TRUE,793,$916.22 ,195.14
"46,502",108-VN-T30,FPQ-10811,SCMS-164680,ASN-18664,Vietnam,PMO - US,Direct Drop,EXW,Air,10/15/2012,11-07-12,02-Apr-13,02-Apr-13,02-Apr-13,ARV,Adult,HETERO LABS LIMITED,"Lamivudine/Zidovudine 150/300mg, tablets, 60 Tabs",Lamivudine/Zidovudine,Generic,150/300mg,Tablet - FDC,60,"24,377",170639.00,7,0.12,Hetero Unit III Hyderabad IN,FALSE,See ASN-18664 (ID#:19406),null,211.08
"81,450",108-VN-T30,FPQ-10811,SCMS-164680,ASN-18664,Vietnam,PMO - US,Direct Drop,EXW,Air,10/15/2012,11-07-12,02-Apr-13,02-Apr-13,02-Apr-13,ARV,Adult,HETERO LABS LIMITED,"Abacavir 300mg, tablets, 60 Tabs",Abacavir,Generic,300mg,Tablet,60,293,3779.70,12.9,0.22,Hetero Unit III Hyderabad IN,FALSE,See ASN-18664 (ID#:19406),null,4.68
"48,945",114-UG-T30,FPQ-12477,SCMS-198720,ASN-21627,Uganda,PMO - US,Direct Drop,EXW,Ocean,07-08-13,7/31/2013,06-Nov-13,06-Nov-13,13-Nov-13,ARV,Adult,MYLAN LABORATORIES LTD (FORMERLY MATRIX LABORATORIES),"Lamivudine/Zidovudine 150/300mg, tablets, 60 Tabs",Lamivudine/Zidovudine,Generic,150/300mg,Tablet - FDC,60,"165,179",1072011.71,6.49,0.11,Mylan (formerly Matrix) Nashik,TRUE,37127,"$33,981.11 ","1,326.08"
"80,710",114-UG-T30,FPQ-11371,SCMS-173110,ASN-18722,Uganda,PMO - US,Direct Drop,EXW,Air,01-03-13,01-11-13,29-Apr-13,29-Apr-13,29-Apr-13,HRDT,HIV test - Ancillary,"Orgenics, Ltd","HIV, Lancet, Safety, for HIV Test kits, 100 Pcs","HIV, Lancet, Safety, for HIV Test kits, 100 Pcs",Generic,,Test kit - Ancillary,100,"1,000",5000.00,5,0.05,INVERNESS ANY,FALSE,See ASN-18722 (ID#:71773),null,6.18
"48,994",108-VN-T30,FPQ-13976,SCMS-236110,ASN-28248,Vietnam,PMO - US,Direct Drop,EXW,Air,04-08-14,4/30/2014,03-Nov-14,03-Nov-14,03-Nov-14,ARV,Adult,MYLAN LABORATORIES LTD (FORMERLY MATRIX LABORATORIES),"Lamivudine/Nevirapine/Zidovudine 150/200/300mg, tablets, 60 Tabs",Lamivudine/Nevirapine/Zidovudine,Generic,150/300/200mg,Tablet - FDC,60,"20,000",162000.00,8.1,0.13,Mylan (formerly Matrix) Nashik,TRUE,4168,"$6,717.79 ",166.54
"49,003",109-TZ-T30,FPQ-7680,SCMS-111640,ASN-12088,Tanzania,PMO - US,Direct Drop,FCA,Air,06-06-11,6/22/2011,24-Oct-11,24-Oct-11,24-Oct-11,ARV,Adult,ABBVIE LOGISTICS (FORMERLY ABBOTT LOGISTICS BV),"Lopinavir/Ritonavir 200/50mg [Aluvia], tablets, 120 Tabs",Lopinavir/Ritonavir,Aluvia,200/50mg,Tablet,120,"20,000",674000.00,33.7,0.28,ABBVIE Ludwigshafen Germany,TRUE,4727,"$21,584.02 ","1,112.10"
"49,014",127-KE-T30,FPQ-7907,SCMS-115320,ASN-12098,Kenya,PMO - US,Direct Drop,EXW,Air,6/23/2011,7/20/2011,30-Sep-11,30-Sep-11,30-Sep-11,HRDT,HIV test,"Orgenics, Ltd","HIV 1/2, Determine Complete HIV Kit, 100 Tests","HIV 1/2, Determine Complete HIV Kit",Determine,,Test kit,100,"8,276",736564.00,89,0.89,Inverness Japan,TRUE,2050,"$23,226.60 ","1,215.33"
"49,025",800-CM-T30,FPQ-12570,SCMS-200890,ASN-21967,Cameroon,PMO - US,Direct Drop,EXW,Air,07-10-13,08-06-13,22-Oct-13,22-Oct-13,25-Oct-13,HRDT,HIV test,Orasure Technologies Inc.,"HIV 1/2, OraQuick Rapid Antibody Kit, 100 Tests","HIV 1/2, OraQuick Rapid Antibody Kit",OraQuick,,Test kit,100,"2,000",700000.00,350,3.5,"Orasure Technologies, Inc",TRUE,5006,"$88,560.19 ",865.9
"49,063",133-NG-T30,FPQ-12456,SCMS-196561,ASN-22342,Nigeria,PMO - US,Direct Drop,EXW,Air,06-10-13,07-10-13,07-Nov-13,05-Nov-13,17-Nov-13,HRDT,HIV test,"Orgenics, Ltd","HIV 1/2, Determine Complete HIV Kit, 100 Tests","HIV 1/2, Determine Complete HIV Kit",Determine,,Test kit,100,"3,073",273497.00,89,0.89,"Alere Medical Co., Ltd.",TRUE,1248,"$20,602.30 ",338.32
"62,657",101-CD-T30,FPQ-11043,SCMS-168020,ASN-18768,"Congo, DRC",PMO - US,Direct Drop,EXW,Air,11/16/2012,12-06-12,17-Jul-13,17-Jul-13,17-Jul-13,HRDT,HIV test,"Orgenics, Ltd","HIV 1/2, Determine Complete HIV Kit, 100 Tests","HIV 1/2, Determine Complete HIV Kit",Determine,,Test kit,100,"2,229",178320.00,80,0.8,"Alere Medical Co., Ltd.",FALSE,See ASN-18768 (ID#:62403),null,220.58
"49,076",108-VN-T30,FPQ-11418,SCMS-176270,ASN-19860,Vietnam,PMO - US,Direct Drop,EXW,Air,1/29/2013,02-06-13,05-Jul-13,05-Jul-13,05-Jul-13,ARV,Adult,HETERO LABS LIMITED,"Lamivudine/Nevirapine/Zidovudine 150/200/300mg, tablets, 60 Tabs",Lamivudine/Nevirapine/Zidovudine,Generic,150/300/200mg,Tablet - FDC,60,"39,045",320559.45,8.21,0.14,Hetero Unit III Hyderabad IN,TRUE,5092,"$7,312.60 ",396.53
"49,085",102-SD-T30,FPQ-8264,SCMS-121840,ASN-12828,Sudan,PMO - US,Direct Drop,EXW,Air,09-07-11,9/14/2011,06-Jan-12,06-Jan-12,06-Jan-12,HRDT,HIV test - Ancillary,"Orgenics, Ltd","Capillary Tubes, for Determine, EDTA, 50uL,100 Pcs","HIV, Capillary Tubes, for Determine, EDTA, 50uL,100 Pcs",Determine,,Test kit - Ancillary,100,4,32.00,8,0.08,"Alere Medical Co., Ltd.",TRUE,2,$942.64 ,0.05
"49,116",109-TZ-T30,FPQ-13569,SCMS-225810,ASN-26767,Tanzania,PMO - US,Direct Drop,FCA,Air,1/21/2014,2/14/2014,26-Aug-14,26-Aug-14,04-Sep-14,ARV,Pediatric,ABBVIE LOGISTICS (FORMERLY ABBOTT LOGISTICS BV),"Lopinavir/Ritonavir 80/20mg/ml [Kaletra], oral solution, cool, Bottle 5 x 60 ml",Lopinavir/Ritonavir,Kaletra,80/20mg/ml,Oral solution,300,268,8259.76,30.82,0.1,ABBVIE (Abbott) Logis. UK,TRUE,261,"$2,569.33 ",8.49
"47,302",105-GY-T30,FPQ-11562,SCMS-180000,ASN-18805,Guyana,PMO - US,Direct Drop,EXW,Air,02-07-13,03-06-13,18-Apr-13,18-Apr-13,18-Apr-13,ARV,Pediatric,Aurobindo Pharma Limited,"Zidovudine 100mg, capsules, 100 Caps",Zidovudine,Generic,100mg,Capsule,100,218,1002.80,4.6,0.05,"Aurobindo Unit III, India",FALSE,See ASN-18805 (ID#:18997),null,1.24
"49,169",107-RW-T30,FPQ-8742,SCMS-137520,ASN-14659,Rwanda,PMO - US,Direct Drop,CIP,Air,12-07-11,04-03-12,26-Apr-12,26-Apr-12,26-Apr-12,ARV,Adult,MYLAN LABORATORIES LTD (FORMERLY MATRIX LABORATORIES),"Efavirenz/Lamivudine/Tenofovir Disoproxil Fumarate 600/300/300mg, tablets, 30 Tabs",Efavirenz/Lamivudine/Tenofovir Disoproxil Fumarate,Generic,600/300/300mg,Tablet - FDC,30,"4,560",62335.20,13.67,0.46,Mylan (formerly Matrix) Nashik,TRUE,561,"$5,610.17 ",87.39
"49,211",161-ZA-T30,FPQ-7175,SCMS-104090,ASN-12989,South Africa,PMO - US,Direct Drop,DDP,Ocean,03-10-11,3/28/2011,31-Jan-12,31-Jan-12,31-Jan-12,ARV,Adult,CIPLA LIMITED,"Nevirapine 200mg, tablets, 60 Tabs",Nevirapine,Generic,200mg,Tablet,60,"57,925",157556.00,2.72,0.05,"Cipla, Goa, India",TRUE,6220,"$7,175.28 ",259.97
"49,214",107-RW-T30,FPQ-3859,SCMS-48940,ASN-6569,Rwanda,PMO - US,Direct Drop,CIP,Air,6/30/2009,7/16/2009,09-Apr-10,09-Apr-10,09-Apr-10,ARV,Adult,HETERO LABS LIMITED,"Nevirapine 200mg, tablets, 60 Tabs",Nevirapine,Generic,200mg,Tablet,60,"60,300",186327.00,3.09,0.05,Hetero Unit III Hyderabad IN,TRUE,3539,"$16,769.43 ",365.2
"49,225",108-VN-T30,FPQ-4720,SCMS-62500,ASN-6686,Vietnam,PMO - US,Direct Drop,EXW,Air,01-04-09,1/14/2010,20-May-10,20-May-10,20-May-10,ARV,Adult,Aurobindo Pharma Limited,"Stavudine 30mg, capsules, 60 Caps",Stavudine,Generic,30mg,Capsule,60,"15,624",22654.80,1.45,0.02,"Aurobindo Unit III, India",TRUE,1056,"$2,160.52 ",48.84
"56,748",114-UG-T30,FPQ-11153,SCMS-177120,ASN-18910,Uganda,PMO - US,Direct Drop,EXW,Air,12/13/2012,02-07-13,10-Apr-13,10-Apr-13,10-Apr-13,ARV,Pediatric,MICRO LABS LIMITED,"Efavirenz 50mg, capsule, 30 Caps",Efavirenz,Generic,50mg,Capsule,30,56,112.00,2,0.07,"Micro labs, Verna, Goa, India",FALSE,See ASN-18910 (ID#:50309),null,0.14
"49,320",114-UG-T30,FPQ-9365,SCMS-142250,ASN-14696,Uganda,PMO - US,Direct Drop,FCA,Air,3/15/2012,04-04-12,04-May-12,04-May-12,04-May-12,ARV,Adult,ABBVIE LOGISTICS (FORMERLY ABBOTT LOGISTICS BV),"Ritonavir 100mg [Norvir], film coated tablets, 60 Tabs",Ritonavir,Norvir,100mg,Tablet,60,429,2938.65,6.85,0.11,ABBVIE Ludwigshafen Germany,TRUE,62,"$1,060.22 ",4.12
"41,381",106-HT-T30,FPQ-11442,SCMS-177180,ASN-18919,Haiti,PMO - US,Direct Drop,EXW,Ocean,1/30/2013,03-11-13,07-Aug-13,07-Aug-13,07-Aug-13,ARV,Adult,Aurobindo Pharma Limited,"Lamivudine 150mg, tablets, 60 Tabs",Lamivudine,Generic,150mg,Tablet,60,"2,430",5224.50,2.15,0.04,"Aurobindo Unit III, India",FALSE,See ASN-18919 (ID#:14578),null,6.46
"50,755",106-HT-T30,FPQ-11442,SCMS-177180,ASN-18919,Haiti,PMO - US,Direct Drop,EXW,Ocean,1/30/2013,03-11-13,07-Aug-13,07-Aug-13,07-Aug-13,ARV,Adult,Aurobindo Pharma Limited,"Abacavir 300mg, tablets, 60 Tabs",Abacavir,Generic,300mg,Tablet,60,"2,160",24840.00,11.5,0.19,"Aurobindo Unit III, India",FALSE,See ASN-18919 (ID#:14578),null,30.73
"57,977",106-HT-T30,FPQ-11442,SCMS-177180,ASN-18919,Haiti,PMO - US,Direct Drop,EXW,Ocean,1/30/2013,03-11-13,07-Aug-13,07-Aug-13,07-Aug-13,ARV,Pediatric,Aurobindo Pharma Limited,"Abacavir 20mg/ml, oral solution w/syringe, Bottle, 240 ml",Abacavir,Generic,20mg/ml,Oral solution,240,675,4610.25,6.83,0.03,"Aurobindo Unit III, India",FALSE,See ASN-18919 (ID#:14578),null,5.7
"49,378",110-ZM-T30,FPQ-4141,SCMS-53260,ASN-5857,Zambia,PMO - US,Direct Drop,EXW,Air,8/31/2009,09-11-09,03-Feb-10,03-Feb-10,03-Feb-10,HRDT,HIV test,"Trinity Biotech, Plc","HIV 1/2, Uni-Gold HIV Kit, 20 Tests","HIV 1/2, Uni-Gold HIV Kit",Uni-Gold,,Test kit,20,"5,500",176000.00,32,1.6,"Trinity Biotech, Plc",TRUE,1907,"$17,975.84 ",344.96
"64,238",106-HT-T30,FPQ-11442,SCMS-177180,ASN-18919,Haiti,PMO - US,Direct Drop,EXW,Ocean,1/30/2013,03-11-13,07-Aug-13,07-Aug-13,07-Aug-13,ARV,Pediatric,Aurobindo Pharma Limited,"Stavudine 1mg/ml, powder for oral solution w/syringe, 200 ml",Stavudine,Generic,1mg/ml,Powder for oral solution,200,300,375.00,1.25,0.01,"Aurobindo Unit III, India",FALSE,See ASN-18919 (ID#:14578),null,0.46
"49,386",161-ZA-T30,FPQ-7175,SCMS-104020,ASN-10875,South Africa,PMO - US,Direct Drop,DDP,Ocean,03-10-11,3/28/2011,14-Jul-11,14-Jul-11,14-Jul-11,ARV,Adult,CIPLA LIMITED,"Tenofovir Disoproxil Fumarate 300mg, tablets, 30 Tabs",Tenofovir Disoproxil Fumarate,Generic,300mg,Tablet,30,"54,008",349431.76,6.47,0.22,"Cipla, Goa, India",TRUE,3658,"$12,796.59 ",576.56
"49,387",105-SS-T30,FPQ-9807,SCMS-147620,ASN-15720,South Sudan,PMO - US,Direct Drop,EXW,Air,5/18/2012,6/20/2012,05-Sep-12,05-Sep-12,05-Sep-12,HRDT,HIV test,"Trinity Biotech, Plc","HIV 1/2, Uni-Gold HIV Kit, 20 Tests","HIV 1/2, Uni-Gold HIV Kit",Uni-Gold,,Test kit,20,749,23968.00,32,1.6,"Trinity Biotech, Plc",TRUE,262,"$4,669.02 ",33.6
"49,405",102-KE-T30,FPQ-6114,SCMS-80820,ASN-8587,Kenya,PMO - US,Direct Drop,EXW,Air,7/23/2010,8/27/2010,12-Nov-10,12-Nov-10,12-Nov-10,HRDT,HIV test,"Orgenics, Ltd","HIV 1/2, Determine Complete HIV Kit, 100 Tests","HIV 1/2, Determine Complete HIV Kit",Determine,,Test kit,100,"2,578",229442.00,89,0.89,Inverness Japan,TRUE,1427,"$15,353.45 ",494.68
"49,406",109-TZ-T30,FPQ-13945,SCMS-235430,ASN-28430,Tanzania,PMO - US,Direct Drop,EXW,Air,3/27/2014,4/29/2014,10-Dec-14,10-Dec-14,10-Dec-14,HRDT,HIV test,"Orgenics, Ltd","HIV 1/2, Determine Complete HIV Kit, 100 Tests","HIV 1/2, Determine Complete HIV Kit",Determine,,Test kit,100,504,40320.00,80,0.8,"Alere Medical Co., Ltd.",TRUE,204,"$2,788.07 ",41.45
"49,429",114-UG-T30,FPQ-12154,SCMS-188330,ASN-20240,Uganda,PMO - US,Direct Drop,EXW,Air,4/23/2013,05-09-13,11-Jul-13,11-Jul-13,11-Jul-13,HRDT,HIV test,"Orgenics, Ltd","HIV 1/2, Determine Complete HIV Kit, 100 Tests","HIV 1/2, Determine Complete HIV Kit",Determine,,Test kit,100,"3,047",243760.00,80,0.8,"Alere Medical Co., Ltd.",TRUE,1323,"$16,337.04 ",301.53
"49,435",105-GH-T30,FPQ-13872,SCMS-235790,ASN-26603,Ghana,PMO - US,Direct Drop,EXW,Air,3/24/2014,05-07-14,23-Jun-14,23-Jun-14,24-Jun-14,ARV,Pediatric,Aurobindo Pharma Limited,"Efavirenz 50mg, capsule, 30 Caps",Efavirenz,Generic,50mg,Capsule,30,"33,000",51480.00,1.56,0.05,"Aurobindo Unit III, India",TRUE,2343,"$20,464.55 ",52.92
"73,726",106-HT-T30,FPQ-11442,SCMS-177180,ASN-18919,Haiti,PMO - US,Direct Drop,EXW,Ocean,1/30/2013,03-11-13,07-Aug-13,07-Aug-13,07-Aug-13,ARV,Pediatric,Aurobindo Pharma Limited,"Zidovudine 10mg/ml, oral solution w/syringe, Bottle, 240 ml",Zidovudine,Generic,10mg/ml,Oral solution,240,"1,999",4197.90,2.1,0.01,"Aurobindo Unit III, India",FALSE,See ASN-18919 (ID#:14578),null,5.19
"76,409",106-HT-T30,FPQ-11442,SCMS-177180,ASN-18919,Haiti,PMO - US,Direct Drop,EXW,Ocean,1/30/2013,03-11-13,07-Aug-13,07-Aug-13,07-Aug-13,ARV,Adult,Aurobindo Pharma Limited,"Lamivudine/Zidovudine 150/300mg, tablets, 60 Tabs",Lamivudine/Zidovudine,Generic,150/300mg,Tablet - FDC,60,"52,080",356748.00,6.85,0.11,"Aurobindo Unit III, India",FALSE,See ASN-18919 (ID#:14578),null,441.3
"49,498",114-UG-T30,FPQ-10489,SCMS-159290,ASN-16575,Uganda,PMO - US,Direct Drop,CIP,Air,8/24/2012,09-07-12,05-Oct-12,05-Oct-12,05-Oct-12,ARV,Adult,MERCK SHARP & DOHME IDEA GMBH (FORMALLY MERCK SHARP & DOHME B.V.),"Raltegravir 400mg [Isentress], tablets, 60 Tabs",Raltegravir,Isentress,400mg,Tablet,60,390,21645.00,55.5,0.92,"MSD, Haarlem, NL",TRUE,39,$433 ,30.35
"71,920",108-VN-T30,FPQ-10811,SCMS-164550,ASN-18970,Vietnam,PMO - US,Direct Drop,EXW,Air,10/15/2012,07-11-12,15-May-13,15-May-13,15-May-13,ARV,Pediatric,STRIDES ARCOLAB LIMITED,"Lamivudine/Nevirapine/Zidovudine 30/50/60mg, dispersible tablets, 60 Tabs",Lamivudine/Nevirapine/Zidovudine,Generic,30/50/60mg,Chewable/dispersible tablet - FDC,60,"1,119",4476.00,4,0.07,"Strides, Bangalore, India.",FALSE,See ASN-18970 (ID#:33422),null,5.54
"26,985",108-VN-T30,FPQ-10811,SCMS-164660,ASN-18971,Vietnam,PMO - US,Direct Drop,EXW,Air,10/15/2012,11-07-12,16-May-13,16-May-13,16-May-13,ARV,Pediatric,STRIDES ARCOLAB LIMITED,"Lamivudine/Nevirapine/Zidovudine 30/50/60mg, dispersible tablets, 60 Tabs",Lamivudine/Nevirapine/Zidovudine,Generic,30/50/60mg,Chewable/dispersible tablet - FDC,60,"3,881",15524.00,4,0.07,"Strides, Bangalore, India.",FALSE,See ASN-18971 (ID#:16186),null,19.2
"49,540",103-SS-T30,FPQ-11497,SCMS-176740,ASN-18612,South Sudan,PMO - US,Direct Drop,EXW,Air,1/18/2013,02-08-13,23-May-13,23-May-13,23-May-13,ARV,Pediatric,Aurobindo Pharma Limited,"Nevirapine 50mg, dispersible tablets (tablets for oral suspension), 30 Tabs",Nevirapine,Generic,50mg,Chewable/dispersible tablet,30,625,781.25,1.25,0.04,"Aurobindo Unit III, India",TRUE,34,"$1,191.93 ",0.97
"49,585",111-MZ-T30,FPQ-13395,SCMS-219210,ASN-24127,Mozambique,PMO - US,Direct Drop,EXW,Air,12-11-13,12/17/2013,14-Feb-14,14-Feb-14,28-Mar-14,ARV,Adult,HETERO LABS LIMITED,"Lamivudine/Nevirapine/Zidovudine 150/200/300mg, tablets, 60 Tabs",Lamivudine/Nevirapine/Zidovudine,Generic,150/300/200mg,Tablet - FDC,60,"250,000",2027500.00,8.11,0.14,Hetero Unit III Hyderabad IN,TRUE,34074,"$146,734.85 ","2,084.27"
"51,275",108-VN-T30,FPQ-11418,SCMS-176180,ASN-19098,Vietnam,PMO - US,Direct Drop,EXW,Air,1/29/2013,02-05-13,22-May-13,22-May-13,22-May-13,ARV,Pediatric,Aurobindo Pharma Limited,"Zidovudine 10mg/ml, oral solution w/syringe, Bottle, 240 ml",Zidovudine,Generic,10mg/ml,Oral solution,240,471,989.10,2.1,0.01,"Aurobindo Unit III, India",FALSE,See ASN-19098 (ID#:21556),null,1.22
"49,749",105-SS-T30,FPQ-11539,SCMS-176930,ASN-19142,South Sudan,PMO - US,Direct Drop,EXW,Air,1/24/2013,2/26/2013,20-Jul-13,20-Jul-13,20-Jul-13,HRDT,HIV test - Ancillary,"Orgenics, Ltd","Chase Buffer, Determine, 100 Tests, 2.5ml x 1 Vial","Chase Buffer, Determine, 100 Tests, 2.5ml x 1 Vial",Determine,,Test kit - Ancillary,1,115,575.00,5,5,"Alere Medical Co., Ltd.",FALSE,See ASN-19142 (ID#:22600),null,0.71
"71,574",105-SS-T30,FPQ-11539,SCMS-176930,ASN-19142,South Sudan,PMO - US,Direct Drop,EXW,Air,1/24/2013,2/26/2013,20-Jul-13,20-Jul-13,20-Jul-13,HRDT,HIV test - Ancillary,"Orgenics, Ltd","Capillary Tubes, for Determine, EDTA, 50uL,100 Pcs","HIV, Capillary Tubes, for Determine, EDTA, 50uL,100 Pcs",Determine,,Test kit - Ancillary,100,115,920.00,8,0.08,"Alere Medical Co., Ltd.",FALSE,See ASN-19142 (ID#:22600),null,1.14
"45,150",900-SS-T30,FPQ-11623,SCMS-178030,ASN-19143,South Sudan,PMO - US,Direct Drop,EXW,Air,02-08-13,2/27/2013,16-Aug-13,16-Aug-13,16-Aug-13,HRDT,HIV test - Ancillary,"Orgenics, Ltd","Chase Buffer, Determine, 100 Tests, 2.5ml x 1 Vial","Chase Buffer, Determine, 100 Tests, 2.5ml x 1 Vial",Determine,,Test kit - Ancillary,1,116,580.00,5,5,"Alere Medical Co., Ltd.",FALSE,See ASN-19143 (ID#:26345),null,0.72
"48,044",900-SS-T30,FPQ-11623,SCMS-178030,ASN-19143,South Sudan,PMO - US,Direct Drop,EXW,Air,02-08-13,2/27/2013,16-Aug-13,16-Aug-13,16-Aug-13,HRDT,HIV test,"Orgenics, Ltd","HIV 1/2, Determine Complete HIV Kit, 100 Tests","HIV 1/2, Determine Complete HIV Kit",Determine,,Test kit,100,204,18156.00,89,0.89,"Alere Medical Co., Ltd.",FALSE,See ASN-19143 (ID#:26345),null,22.46
"49,694",161-ZA-T30,FPQ-6262,SCMS-83770,ASN-9935,South Africa,PMO - US,Direct Drop,DDP,Ocean,8/31/2010,9/24/2010,07-Apr-11,07-Apr-11,07-Apr-11,ARV,Adult,Aurobindo Pharma Limited,"Zidovudine 300mg, tablets, 60 Tabs",Zidovudine,Generic,300mg,Tablet,60,"70,030",513319.90,7.33,0.12,"Aurobindo Unit III, India",TRUE,3534,"$17,919.41 ","1,106.72"
"26,718",108-VN-T30,FPQ-11418,SCMS-176190,ASN-19193,Vietnam,PMO - US,Direct Drop,EXW,Air,1/29/2013,02-05-13,24-May-13,24-May-13,24-May-13,ARV,Pediatric,Aurobindo Pharma Limited,"Zidovudine 10mg/ml, oral solution w/syringe, Bottle, 240 ml",Zidovudine,Generic,10mg/ml,Oral solution,240,179,375.90,2.1,0.01,"Aurobindo Unit III, India",FALSE,See ASN-19193 (ID#:14265),null,0.46
"49,363",105-SS-T30,FPQ-11754,SCMS-181400,ASN-19428,South Sudan,PMO - US,Direct Drop,EXW,Air,2/22/2013,04-01-13,16-Aug-13,16-Aug-13,16-Aug-13,HRDT,HIV test - Ancillary,"Orgenics, Ltd","Chase Buffer, Determine, 100 Tests, 2.5ml x 1 Vial","Chase Buffer, Determine, 100 Tests, 2.5ml x 1 Vial",Determine,,Test kit - Ancillary,1,45,225.00,5,5,"Alere Medical Co., Ltd.",FALSE,See ASN-19428 (ID#:12981),null,0.28
"29,963",106-HT-T30,FPQ-11442,SCMS-177182,ASN-19520,Haiti,PMO - US,Direct Drop,EXW,Air,1/30/2013,03-11-13,10-Jun-13,10-Jun-13,10-Jun-13,ARV,Pediatric,Aurobindo Pharma Limited,"Abacavir 20mg/ml, oral solution w/syringe, Bottle, 240 ml",Abacavir,Generic,20mg/ml,Oral solution,240,255,1741.65,6.83,0.03,"Aurobindo Unit III, India",FALSE,See ASN-19520 (ID#:18405),null,2.15
"61,896",102-ML-T30,FPQ-11783,SCMS-182800,ASN-19649,Mali,PMO - US,Direct Drop,EXW,Air,3/15/2013,04-11-13,11-Jun-13,11-Jun-13,11-Jun-13,HRDT,HIV test - Ancillary,"Orgenics, Ltd","HIV, Lancet, Safety, for HIV Test kits, 100 Pcs","HIV, Lancet, Safety, for HIV Test kits, 100 Pcs",Generic,,Test kit - Ancillary,100,21,105.00,5,0.05,"Alere Medical Co., Ltd.",FALSE,See ASN-19649 (ID#:15382),null,0.13
"49,829",102-BI-T30,FPQ-12580,SCMS-199590,ASN-21813,Burundi,PMO - US,Direct Drop,EXW,Air,07-09-13,7/31/2013,18-Nov-13,18-Nov-13,18-Nov-13,HRDT,HIV test,"Orgenics, Ltd","HIV 1/2, Determine Complete HIV Kit, 100 Tests","HIV 1/2, Determine Complete HIV Kit",Determine,,Test kit,100,"2,796",223680.00,80,0.8,"Alere Medical Co., Ltd.",TRUE,1133,"$20,572.96 ",276.69
"24,790",108-VN-T30,FPQ-11418,SCMS-176300,ASN-19787,Vietnam,PMO - US,Direct Drop,EXW,Air,1/29/2013,02-06-13,01-Jul-13,01-Jul-13,01-Jul-13,ARV,Adult,HETERO LABS LIMITED,"Abacavir 300mg, tablets, 60 Tabs",Abacavir,Generic,300mg,Tablet,60,717,8783.25,12.25,0.2,Hetero Unit III Hyderabad IN,FALSE,See ASN-19787 (ID#:13978),null,10.86
"49,837",107-RW-T30,FPQ-8365,SCMS-126450,ASN-13722,Rwanda,PMO - US,Direct Drop,FCA,Air,10/26/2011,11-11-11,27-Feb-12,27-Feb-12,27-Feb-12,ARV,Adult,ABBVIE LOGISTICS (FORMERLY ABBOTT LOGISTICS BV),"Ritonavir 100mg [Norvir], film coated tablets, 60 Tabs",Ritonavir,Norvir,100mg,Tablet,60,110,753.50,6.85,0.11,ABBVIE Ludwigshafen Germany,TRUE,43,"$1,046.02 ",1.24
"52,353",108-VN-T30,FPQ-11418,SCMS-176300,ASN-19787,Vietnam,PMO - US,Direct Drop,EXW,Air,1/29/2013,02-06-13,01-Jul-13,01-Jul-13,01-Jul-13,ARV,Adult,HETERO LABS LIMITED,"Lamivudine/Nevirapine/Zidovudine 150/200/300mg, tablets, 60 Tabs",Lamivudine/Nevirapine/Zidovudine,Generic,150/300/200mg,Tablet - FDC,60,"6,900",56649.00,8.21,0.14,Hetero Unit III Hyderabad IN,FALSE,See ASN-19787 (ID#:13978),null,70.07
"22,045",106-HT-T30,FPQ-11443,SCMS-180940,ASN-19819,Haiti,PMO - US,Direct Drop,EXW,Ocean,02-07-13,3/22/2013,02-Sep-13,02-Sep-13,02-Sep-13,ARV,Adult,Aurobindo Pharma Limited,"Lamivudine/Zidovudine 150/300mg, tablets, 60 Tabs",Lamivudine/Zidovudine,Generic,150/300mg,Tablet - FDC,60,"14,520",99026.40,6.82,0.11,"Aurobindo Unit III, India",FALSE,See ASN-19819 (ID#:13739),null,122.5
"49,881",161-ZA-T30,FPQ-6708,SCMS-93560,ASN-11676,South Africa,PMO - US,Direct Drop,DDP,Ocean,11/26/2010,12/14/2010,15-Sep-11,22-Sep-11,22-Sep-11,ARV,Adult,Aurobindo Pharma Limited,"Tenofovir Disoproxil Fumarate 300mg, tablets, 30 Tabs",Tenofovir Disoproxil Fumarate,Generic,300mg,Tablet,30,"124,312",826674.80,6.65,0.22,"Aurobindo Unit III, India",TRUE,11603,"$10,748.80 ","1,364.01"
"49,907",103-MW-T30,FPQ-10790,SCMS-163900,ASN-19496,Malawi,PMO - US,Direct Drop,EXW,Ocean,10/17/2012,10/31/2012,24-Jul-13,24-Jul-13,24-Jul-13,ARV,Adult,MYLAN LABORATORIES LTD (FORMERLY MATRIX LABORATORIES),"Efavirenz/Lamivudine/Tenofovir Disoproxil Fumarate 600/300/300mg, tablets, 30 Tabs",Efavirenz/Lamivudine/Tenofovir Disoproxil Fumarate,Generic,600/300/300mg,Tablet - FDC,30,"60,000",689400.00,11.49,0.38,Mylan (formerly Matrix) Nashik,TRUE,6778,"$15,020.21 ",852.79
"49,919",108-VN-T30,FPQ-14516,SCMS-251670,ASN-29770,Vietnam,PMO - US,Direct Drop,EXW,Air,07-09-14,08-08-14,15-Jan-15,15-Jan-15,15-Jan-15,ARV,Adult,MYLAN LABORATORIES LTD (FORMERLY MATRIX LABORATORIES),"Lamivudine/Nevirapine/Zidovudine 150/200/300mg, tablets, 60 Tabs",Lamivudine/Nevirapine/Zidovudine,Generic,150/300/200mg,Tablet - FDC,60,"7,000",56700.00,8.1,0.13,Mylan (formerly Matrix) Nashik,TRUE,974,"$1,069.31 ",58.29
"53,106",106-HT-T30,FPQ-11443,SCMS-180940,ASN-19819,Haiti,PMO - US,Direct Drop,EXW,Ocean,02-07-13,3/22/2013,02-Sep-13,02-Sep-13,02-Sep-13,ARV,Pediatric,Aurobindo Pharma Limited,"Abacavir/Lamivudine 60/30mg, tablets, 60 Tabs",Abacavir/Lamivudine,Generic,60/30mg,Tablet - FDC,60,"1,393",6407.80,4.6,0.08,"Aurobindo Unit III, India",FALSE,See ASN-19819 (ID#:13739),null,7.93
"53,616",106-HT-T30,FPQ-11443,SCMS-180940,ASN-19819,Haiti,PMO - US,Direct Drop,EXW,Ocean,02-07-13,3/22/2013,02-Sep-13,02-Sep-13,02-Sep-13,ARV,Pediatric,Aurobindo Pharma Limited,"Lamivudine 10mg/ml, oral solution w/syringe, Bottle, 240 ml",Lamivudine,Generic,10mg/ml,Oral solution,240,"1,932",2762.76,1.43,0.01,"Aurobindo Unit III, India",FALSE,See ASN-19819 (ID#:13739),null,3.42
"62,159",106-HT-T30,FPQ-11443,SCMS-180940,ASN-19819,Haiti,PMO - US,Direct Drop,EXW,Ocean,02-07-13,3/22/2013,02-Sep-13,02-Sep-13,02-Sep-13,ARV,Pediatric,Aurobindo Pharma Limited,"Nevirapine 10mg/ml, oral suspension w/syringe, Bottle, 240 ml",Nevirapine,Generic,10mg/ml,Oral suspension,240,"2,040",3080.40,1.51,0.01,"Aurobindo Unit III, India",FALSE,See ASN-19819 (ID#:13739),null,3.81
"63,486",108-VN-T30,FPQ-11418,SCMS-176270,ASN-19859,Vietnam,PMO - US,Direct Drop,EXW,Air,1/29/2013,02-06-13,05-Jul-13,05-Jul-13,05-Jul-13,ARV,Adult,HETERO LABS LIMITED,"Abacavir 300mg, tablets, 60 Tabs",Abacavir,Generic,300mg,Tablet,60,683,8366.75,12.25,0.2,Hetero Unit III Hyderabad IN,FALSE,See ASN-19859 (ID#:59267),null,10.35
"68,050",108-VN-T30,FPQ-11418,SCMS-176270,ASN-19859,Vietnam,PMO - US,Direct Drop,EXW,Air,1/29/2013,02-06-13,05-Jul-13,05-Jul-13,05-Jul-13,ARV,Adult,HETERO LABS LIMITED,"Lamivudine/Nevirapine/Zidovudine 150/200/300mg, tablets, 60 Tabs",Lamivudine/Nevirapine/Zidovudine,Generic,150/300/200mg,Tablet - FDC,60,"4,555",37396.55,8.21,0.14,Hetero Unit III Hyderabad IN,FALSE,See ASN-19859 (ID#:59267),null,46.26
"64,660",105-GY-T30,FPQ-12057,SCMS-189030,ASN-20003,Guyana,PMO - US,Direct Drop,EXW,Air,4/15/2013,5/23/2013,01-Jul-13,01-Jul-13,01-Jul-13,ARV,Pediatric,Aurobindo Pharma Limited,"Efavirenz 50mg, capsule, 30 Caps",Efavirenz,Generic,50mg,Capsule,30,69,154.56,2.24,0.07,"Aurobindo Unit III, India",FALSE,See ASN-20003 (ID#:38247),null,0.19
"50,231",108-VN-T30,FPQ-5317,SCMS-69720,ASN-7237,Vietnam,PMO - US,Direct Drop,EXW,Air,3/22/2010,3/29/2010,02-Jul-10,02-Jul-10,02-Jul-10,ARV,Adult,MYLAN LABORATORIES LTD (FORMERLY MATRIX LABORATORIES),"Abacavir 300mg, tablets, 60 Tabs",Abacavir,Generic,300mg,Tablet,60,151,2399.39,15.89,0.26,Mylan (formerly Matrix) Nashik,TRUE,749,"$7,488.39 ",5.17
"76,226",106-HT-T30,FPQ-11443,SCMS-180970,ASN-20026,Haiti,PMO - US,Direct Drop,EXW,Ocean,02-07-13,3/26/2013,02-Sep-13,02-Sep-13,02-Sep-13,ARV,Adult,HETERO LABS LIMITED,"Efavirenz/Lamivudine/Tenofovir Disoproxil Fumarate 600/300/300mg, tablets, 30 Tabs",Efavirenz/Lamivudine/Tenofovir Disoproxil Fumarate,Generic,600/300/300mg,Tablet - FDC,30,"48,150",505575.00,10.5,0.35,Hetero Unit III Hyderabad IN,FALSE,See ASN-20026 (ID#:64635),null,625.4
"9,669",108-VN-T01,Pre-PQ Process,SCMS-20200,ASN-2017,Vietnam,PMO - US,Direct Drop,EXW,Air,Pre-PQ Process,3/31/2008,14-Jul-08,14-Jul-08,14-Jul-08,ARV,Pediatric,Aurobindo Pharma Limited,"Didanosine 100mg, chewable/dispersible tablets, 60 Tabs",Didanosine,Generic,10mg+ml+/,Chewable/dispersible tablet,60,360,2790.00,7.75,0.13,"Aurobindo Unit III, India",FALSE,See ASN-2017 (ID#:5701),null,4.46
"50,261",113-ZW-T30,FPQ-13939,SCMS-240580,ASN-27033,Zimbabwe,PMO - US,Direct Drop,EXW,Air Charter,04-01-14,5/26/2014,23-Jul-14,22-Jul-14,29-Jul-14,ARV,Adult,Aurobindo Pharma Limited,"Lamivudine/Tenofovir Disoproxil Fumarate 300/300mg, tablets, 30 Tabs",Lamivudine/Tenofovir Disoproxil Fumarate,Generic,300/300mg,Tablet - FDC,30,"18,000",83700.00,4.65,0.16,"Aurobindo Unit VII, IN",TRUE,1764,"$13,959.22 ",86.04
"50,287",110-ZM-T30,FPQ-13479,SCMS-223510,ASN-24256,Zambia,PMO - US,Direct Drop,EXW,Air,12/23/2013,1/16/2014,14-Feb-14,14-Feb-14,25-Feb-14,ARV,Adult,MYLAN LABORATORIES LTD (FORMERLY MATRIX LABORATORIES),"Zidovudine 300mg, tablets, 60 Tabs",Zidovudine,Generic,300mg,Tablet,60,"6,160",40040.00,6.5,0.11,Mylan (formerly Matrix) Nashik,TRUE,356,"$2,543.67 ",41.16
"50,294",113-ZW-T30,FPQ-13939,SCMS-234770,ASN-26184,Zimbabwe,PMO - US,Direct Drop,EXW,Air Charter,04-01-14,04-11-14,14-Jun-14,14-Jun-14,16-Jun-14,ARV,Adult,HETERO LABS LIMITED,"Nevirapine 200mg, tablets, 60 Tabs",Nevirapine,Generic,200mg,Tablet,60,"78,000",170040.00,2.18,0.04,Hetero Unit III Hyderabad IN,TRUE,5163,"$41,158.49 ",174.8
"43,344",101-CD-T30,FPQ-12093,SCMS-189070,ASN-20218,"Congo, DRC",PMO - US,Direct Drop,EXW,Air,4/23/2013,5/17/2013,28-Nov-13,28-Nov-13,03-Dec-13,ARV,Pediatric,Aurobindo Pharma Limited,"Nevirapine 50mg, dispersible tablets (tablets for oral suspension), 30 Tabs",Nevirapine,Generic,50mg,Chewable/dispersible tablet,30,"1,014",1267.50,1.25,0.04,"Aurobindo Unit III, India",FALSE,See ASN-20218 (ID#:20450),null,1.57
"50,309",114-UG-T30,FPQ-11153,SCMS-177120,ASN-18910,Uganda,PMO - US,Direct Drop,EXW,Air,12/13/2012,02-07-13,10-Apr-13,10-Apr-13,10-Apr-13,ARV,Pediatric,MICRO LABS LIMITED,"Efavirenz 50mg, capsule, 30 Caps",Efavirenz,Generic,50mg,Capsule,30,168,336.00,2,0.07,"Micro labs, Verna, Goa, India",TRUE,8,"$1,021.34 ",0.42
"50,314",161-ZA-T30,FPQ-6708,SCMS-93630,ASN-9855,South Africa,PMO - US,Direct Drop,DDP,Ocean,11/26/2010,12-06-10,04-Apr-11,04-Apr-11,04-Apr-11,ARV,Adult,CIPLA LIMITED,"Tenofovir Disoproxil Fumarate 300mg, tablets, 30 Tabs",Tenofovir Disoproxil Fumarate,Generic,300mg,Tablet,30,"82,500",565950.00,6.86,0.23,"Cipla, Goa, India",TRUE,5624,"$7,378.63 ",933.82
"50,316",133-NG-T30,FPQ-4069,SCMS-51080,ASN-5104,Nigeria,PMO - US,Direct Drop,EXW,Air,08-03-09,08-07-09,16-Nov-09,16-Nov-09,16-Nov-09,HRDT,HIV test,"Orgenics, Ltd","HIV 1/2, Determine Complete HIV Kit, 100 Tests","HIV 1/2, Determine Complete HIV Kit",Determine,,Test kit,100,"4,817",385360.00,80,0.8,Inverness Japan,TRUE,2305,"$43,338.93 ",755.31
"50,345",900-SZ-T30,FPQ-8386,SCMS-124160,ASN-13367,Swaziland,PMO - US,Direct Drop,EXW,Air,9/14/2011,10-05-11,06-Feb-12,06-Feb-12,06-Feb-12,ARV,Adult,Aurobindo Pharma Limited,"Lamivudine/Zidovudine+Efavirenz 150/300mg+600mg, tablets, co-blister 60+30 Tabs",Lamivudine/Zidovudine+Efavirenz,Generic,150/300mg+600mg,Tablet - FDC + co-blister,90,"20,000",272000.00,13.6,0.15,"Aurobindo Unit III, India",TRUE,3295,"$17,214.74 ",448.8
"57,540",101-CD-T30,FPQ-12093,SCMS-189070,ASN-20218,"Congo, DRC",PMO - US,Direct Drop,EXW,Air,4/23/2013,5/17/2013,28-Nov-13,28-Nov-13,03-Dec-13,ARV,Pediatric,Aurobindo Pharma Limited,"Didanosine 200mg, delayed-release capsules, 30 Caps",Didanosine,Generic,200mg,Delayed-release capsules,30,75,825.00,11,0.37,"Aurobindo Unit III, India",FALSE,See ASN-20218 (ID#:20450),null,1.02
"4,367",108-VN-T01,Pre-PQ Process,SCMS-20181,ASN-2023,Vietnam,PMO - US,Direct Drop,EXW,Air,Pre-PQ Process,3/31/2008,07-Jul-08,07-Jul-08,07-Jul-08,ARV,Pediatric,Aurobindo Pharma Limited,"Didanosine 100mg, chewable/dispersible tablets, 60 Tabs",Didanosine,Generic,10mg+ml+/,Chewable/dispersible tablet,60,408,3162.00,7.75,0.13,"Aurobindo Unit III, India",FALSE,See ASN-2023 (ID#:3094),null,5.06
"30,237",114-UG-T30,FPQ-12154,SCMS-188330,ASN-20242,Uganda,PMO - US,Direct Drop,EXW,Air,4/23/2013,05-09-13,15-Jul-13,15-Jul-13,15-Jul-13,HRDT,HIV test - Ancillary,"Orgenics, Ltd","HIV, Lancet, Safety, for HIV Test kits, 100 Pcs","HIV, Lancet, Safety, for HIV Test kits, 100 Pcs",Generic,,Test kit - Ancillary,100,864,4320.00,5,0.05,"Alere Medical Co., Ltd.",FALSE,See ASN-20242 (ID#:29951),null,5.34
"50,483",107-RW-T30,FPQ-3859,SCMS-48830,ASN-5409,Rwanda,PMO - US,Direct Drop,CIP,Air,6/30/2009,7/16/2009,19-Nov-09,19-Nov-09,19-Nov-09,ARV,Adult,Aurobindo Pharma Limited,"Tenofovir Disoproxil Fumarate 300mg, tablets, 30 Tabs",Tenofovir Disoproxil Fumarate,Generic,300mg,Tablet,30,250,2.50,0.01,0,"Aurobindo Unit III, India",TRUE,24,$280.23 ,0
"49,832",105-SS-T30,FPQ-11539,SCMS-176931,ASN-20331,South Sudan,PMO - US,Direct Drop,EXW,Air,1/24/2013,2/26/2013,20-Sep-13,20-Sep-13,20-Sep-13,HRDT,HIV test,"Orgenics, Ltd","HIV 1/2, Determine Complete HIV Kit, 100 Tests","HIV 1/2, Determine Complete HIV Kit",Determine,,Test kit,100,250,22250.00,89,0.89,"Alere Medical Co., Ltd.",FALSE,See ASN-20331 (ID#:34113),null,27.52
"50,514",106-HT-T30,FPQ-13494,SCMS-225412,ASN-26564,Haiti,PMO - US,Direct Drop,EXW,Air,1/21/2014,2/19/2014,07-Aug-14,07-Aug-14,12-Aug-14,HRDT,HIV test,"Orgenics, Ltd","HIV 1/2, Determine Complete HIV Kit, 100 Tests","HIV 1/2, Determine Complete HIV Kit",Determine,,Test kit,100,"4,500",450000.00,100,1,"Alere Medical Co., Ltd.",TRUE,1825,"$17,758.82 ",462.6
"80,343",105-SS-T30,FPQ-11539,SCMS-176931,ASN-20331,South Sudan,PMO - US,Direct Drop,EXW,Air,1/24/2013,2/26/2013,20-Sep-13,20-Sep-13,20-Sep-13,HRDT,HIV test - Ancillary,"Orgenics, Ltd","Capillary Tubes, for Determine, EDTA, 50uL,100 Pcs","HIV, Capillary Tubes, for Determine, EDTA, 50uL,100 Pcs",Determine,,Test kit - Ancillary,100,115,920.00,8,0.08,"Alere Medical Co., Ltd.",FALSE,See ASN-20331 (ID#:34113),null,1.14
"50,581",110-ZM-T30,FPQ-7439,SCMS-106740,ASN-11400,Zambia,PMO - US,Direct Drop,EXW,Air,04-01-11,4/21/2011,22-Jul-11,25-Jul-11,25-Jul-11,HRDT,HIV test,"Orgenics, Ltd","HIV 1/2, Determine Complete HIV Kit, 100 Tests","HIV 1/2, Determine Complete HIV Kit",Determine,,Test kit,100,"2,835",226800.00,80,0.8,Inverness Japan,TRUE,1094,"$24,400.67 ",374.22
"50,607",106-HT-T30,FPQ-4406,SCMS-57150,ASN-5587,Haiti,PMO - US,Direct Drop,EXW,Air,10/23/2009,11/19/2009,17-Dec-09,17-Dec-09,17-Dec-09,ARV,Adult,Aurobindo Pharma Limited,"Lopinavir/Ritonavir 200/50mg, tablets, 120 Tabs",Lopinavir/Ritonavir,Generic,200/50mg,Tablet,120,740,27750.00,37.5,0.31,"Aurobindo Unit III, India",TRUE,203,"$2,228.92 ",59.83
"27,236",106-HT-T30,FPQ-11443,SCMS-180960,ASN-20434,Haiti,PMO - US,Direct Drop,EXW,Air,02-07-13,3/22/2013,14-Aug-13,14-Aug-13,14-Aug-13,ARV,Adult,MICRO LABS LIMITED,"Lamivudine 150mg, tablets, 60 Tabs",Lamivudine,Generic,150mg,Tablet,60,"1,260",2318.40,1.84,0.03,"Micro labs, Verna, Goa, India",FALSE,See ASN-20434 (ID#:13874),null,2.87
"70,531",106-HT-T30,FPQ-11443,SCMS-180960,ASN-20434,Haiti,PMO - US,Direct Drop,EXW,Air,02-07-13,3/22/2013,14-Aug-13,14-Aug-13,14-Aug-13,ARV,Adult,MICRO LABS LIMITED,"Nevirapine 200mg, tablets, 60 Tabs",Nevirapine,Generic,200mg,Tablet,60,"15,825",34815.00,2.2,0.04,"Micro labs, Verna, Goa, India",FALSE,See ASN-20434 (ID#:13874),null,43.07
"63,988",101-CD-T30,FPQ-12073,SCMS-186710,ASN-20472,"Congo, DRC",PMO - US,Direct Drop,EXW,Air,04-12-13,05-08-13,20-Sep-13,20-Sep-13,20-Sep-13,HRDT,HIV test - Ancillary,"Orgenics, Ltd","Chase Buffer, Determine, 100 Tests, 2.5ml x 1 Vial","Chase Buffer, Determine, 100 Tests, 2.5ml x 1 Vial",Determine,,Test kit - Ancillary,1,"2,407",12035.00,5,5,"Alere Medical Co., Ltd.",FALSE,See ASN-20472 (ID#:38266),null,14.89
"50,662",110-ZM-T30,FPQ-6263,SCMS-87280,ASN-8630,Zambia,PMO - US,Direct Drop,EXW,Air,09-08-10,10-07-10,23-Nov-10,23-Nov-10,23-Nov-10,HRDT,HIV test,"Trinity Biotech, Plc","HIV 1/2, Uni-Gold HIV Kit, 20 Tests","HIV 1/2, Uni-Gold HIV Kit",Uni-Gold,,Test kit,20,"7,000",224000.00,32,1.6,"Trinity Biotech, Plc",TRUE,2304,"$33,525.96 ",482.94
"50,665",104-CI-T30,FPQ-3967,SCMS-52640,ASN-5258,Côte d'Ivoire,PMO - US,Direct Drop,FCA,Air,8/21/2009,09-11-09,06-Nov-09,06-Nov-09,06-Nov-09,ARV,Adult,ABBVIE LOGISTICS (FORMERLY ABBOTT LOGISTICS BV),"Lopinavir/Ritonavir 200/50mg [Aluvia], tablets, 120 Tabs",Lopinavir/Ritonavir,Aluvia,200/50mg,Tablet,120,"10,560",381849.60,36.16,0.3,ABBVIE Ludwigshafen Germany,TRUE,2598,"$15,873.33 ",748.43
"54,744",108-VN-T30,FPQ-12051,SCMS-188680,ASN-20555,Vietnam,PMO - US,Direct Drop,EXW,Air,05-03-13,5/17/2013,03-Sep-13,03-Sep-13,03-Sep-13,ARV,Adult,Aurobindo Pharma Limited,"Nevirapine 200mg, tablets, 60 Tabs",Nevirapine,Generic,200mg,Tablet,60,"4,000",9000.00,2.25,0.04,"Aurobindo Unit III, India",FALSE,See ASN-20555 (ID#:25809),null,11.13
"50,723",119-NA-T30,FPQ-7007,SCMS-98330,ASN-9834,Namibia,PMO - US,Direct Drop,EXW,Air,1/13/2011,02-02-11,15-Mar-11,15-Mar-11,15-Mar-11,HRDT,HIV test,"Trinity Biotech, Plc","HIV 1/2, Uni-Gold HIV Kit, 20 Tests","HIV 1/2, Uni-Gold HIV Kit",Uni-Gold,,Test kit,20,520,16640.00,32,1.6,"Trinity Biotech, Plc",TRUE,177,"$3,496.34 ",27.46
"50,730",106-HT-T30,FPQ-9066,SCMS-138600,ASN-15150,Haiti,PMO - US,Direct Drop,FCA,Air,01-06-12,2/24/2012,13-Jun-12,13-Jun-12,13-Jun-12,ARV,Pediatric,LAWRENCE LABORATORIES (SUBSIDIARY OF BRISTOL MYERS SQUIBB),"Didanosine 25mg [Videx], chewable tablets, 60 Tabs",Didanosine,Videx,25mg,Chewable/dispersible tablet,60,120,840.00,7,0.12,Bristol-Myers Squibb Anagni IT,TRUE,26,$575.17 ,1.18
"50,739",161-ZA-T30,FPQ-5648,SCMS-75750,ASN-9483,South Africa,PMO - US,Direct Drop,DDP,Ocean,06-02-10,6/17/2010,01-Feb-11,04-Mar-11,04-Mar-11,ARV,Adult,Aurobindo Pharma Limited,"Efavirenz 600mg, tablets, 30 Tabs",Efavirenz,Generic,600mg,Tablet,30,120,541.20,4.51,0.15,"Aurobindo Unit III, India",TRUE,10,"$19,518.98 ",1.17
"50,752",103-ML-T30,FPQ-15006,SCMS-260740,ASN-30241,Mali,PMO - US,Direct Drop,EXW,Air,10-07-14,11/19/2014,18-Feb-15,18-Feb-15,25-Feb-15,HRDT,HIV test,"Orgenics, Ltd","HIV 1/2, Determine Complete HIV Kit, 100 Tests","HIV 1/2, Determine Complete HIV Kit",Determine,,Test kit,100,150,12000.00,80,0.8,"Alere Medical Co., Ltd.",TRUE,66,"$2,572.91 ",12.34
"50,754",161-ZA-T30,FPQ-7175,SCMS-104050,ASN-12190,South Africa,PMO - US,Direct Drop,DDP,Ocean,03-10-11,3/28/2011,09-Dec-11,09-Dec-11,09-Dec-11,ARV,Adult,CIPLA LIMITED,"Tenofovir Disoproxil Fumarate 300mg, tablets, 30 Tabs",Tenofovir Disoproxil Fumarate,Generic,300mg,Tablet,30,"112,595",728489.65,6.47,0.22,"Cipla, Goa, India",TRUE,7991,"$9,972.68 ","1,202.01"
"31,304",105-SS-T30,FPQ-11754,SCMS-181401,ASN-20649,South Sudan,PMO - US,Direct Drop,EXW,Air,2/22/2013,04-01-13,13-Sep-13,13-Sep-13,13-Sep-13,HRDT,HIV test - Ancillary,"Orgenics, Ltd","Chase Buffer, Determine, 100 Tests, 2.5ml x 1 Vial","Chase Buffer, Determine, 100 Tests, 2.5ml x 1 Vial",Determine,,Test kit - Ancillary,1,45,225.00,5,5,"Alere Medical Co., Ltd.",FALSE,See ASN-20649 (ID#:28306),null,0.28
"50,758",109-TZ-T30,FPQ-4157,SCMS-52770,ASN-5791,Tanzania,PMO - US,Direct Drop,EXW,Air,8/27/2009,09-03-09,10-Feb-10,10-Feb-10,10-Feb-10,HRDT,HIV test,"Standard Diagnostics, Inc.","HIV 1/2, Bioline 3.0 Kit, (no accessories), 30 Tests","HIV 1/2, Bioline 3.0 Kit (no accessories)",Bioline,,Test kit,30,"11,990",287760.00,24,0.8,"Standard Diagnostics, Korea",TRUE,3997,"$28,620.81 ",564.01
"9,842",112-NG-T01,Pre-PQ Process,SCMS-26290,ASN-2106,Nigeria,PMO - US,Direct Drop,EXW,Air,Pre-PQ Process,6/30/2008,05-Aug-08,05-Aug-08,05-Aug-08,ACT,ACT,IDA FOUNDATION,"Artemether/Lumefantrine 20/120mg [Coartem], scored tablets, Blister 30 x 18 Tabs",Artemether/Lumefantrine,Coartem,10mg+ml+/,Tablet - FDC + blister,540,34,1547.68,45.52,0.08,"Novartis Pharma AG, Switzerland",FALSE,See ASN-2106 (ID#:9841),null,2.48
"50,802",109-TZ-T30,FPQ-13048,SCMS-212160,ASN-22844,Tanzania,PMO - US,Direct Drop,EXW,Air,10-03-13,10/28/2013,31-Dec-13,31-Dec-13,03-Jan-14,ARV,Adult,Aurobindo Pharma Limited,"Zidovudine 300mg, tablets, 60 Tabs",Zidovudine,Generic,300mg,Tablet,60,"11,500",62445.00,5.43,0.09,"Aurobindo Unit III, India",TRUE,632,"$4,168.19 ",77.24
"50,876",107-RW-T30,FPQ-10223,SCMS-152980,ASN-16610,Rwanda,PMO - US,Direct Drop,EXW,Ocean,07-05-12,7/16/2012,11-Jan-13,11-Jan-13,11-Jan-13,ARV,Adult,HETERO LABS LIMITED,"Lamivudine/Nevirapine/Stavudine 150/200/30mg, tablets, 60 Tabs",Lamivudine/Nevirapine/Stavudine,Generic,150/200/30mg,Tablet - FDC,60,"63,410",278369.90,4.39,0.07,Hetero Unit III Hyderabad IN,TRUE,6589,"$17,075.43 ",390.27
"50,893",161-ZA-T30,FPQ-6708,SCMS-93470,ASN-11007,South Africa,PMO - US,Direct Drop,DDP,Air,11/26/2010,12/14/2010,11-Jul-11,11-Jul-11,11-Jul-11,ARV,Pediatric,GLAXOSMITHKLINE EXPORT LIMITED,"Abacavir 20mg/ml [Ziagen], oral solution, Bottle, 240 ml",Abacavir,Ziagen,20mg/ml,Oral solution,240,"32,000",320640.00,10.02,0.04,GSK Mississauga (Canada),TRUE,12374,"$11,865.62 ",529.06
"50,901",114-UG-T30,FPQ-13816,SCMS-231340,ASN-26447,Uganda,PMO - US,Direct Drop,EXW,Air,2/27/2014,3/19/2014,14-Jun-14,14-Jun-14,14-Jun-14,HRDT,HIV test,"Orgenics, Ltd","HIV 1/2, Determine Complete HIV Kit, 100 Tests","HIV 1/2, Determine Complete HIV Kit",Determine,,Test kit,100,"6,000",480000.00,80,0.8,"Alere Medical Co., Ltd.",TRUE,2432,"$23,178.68 ",493.44
"67,153",114-UG-T30,FPQ-12477,SCMS-198720,ASN-21627,Uganda,PMO - US,Direct Drop,EXW,Ocean,07-08-13,7/31/2013,06-Nov-13,06-Nov-13,13-Nov-13,ARV,Adult,MYLAN LABORATORIES LTD (FORMERLY MATRIX LABORATORIES),"Lamivudine/Nevirapine/Zidovudine 150/200/300mg, tablets, 60 Tabs",Lamivudine/Nevirapine/Zidovudine,Generic,150/300/200mg,Tablet - FDC,60,"165,374",1339529.40,8.1,0.13,Mylan (formerly Matrix) Nashik,FALSE,See ASN-21627 (ID#:48945),null,"1,657"
"73,675",108-VN-T30,FPQ-12051,SCMS-188710,ASN-21667,Vietnam,PMO - US,Direct Drop,EXW,Air,05-03-13,5/15/2013,28-Sep-13,28-Sep-13,28-Sep-13,ARV,Adult,HETERO LABS LIMITED,"Abacavir 300mg, tablets, 60 Tabs",Abacavir,Generic,300mg,Tablet,60,429,5255.25,12.25,0.2,Hetero Unit III Hyderabad IN,FALSE,See ASN-21667 (ID#:41892),null,6.5
"50,918",107-RW-T30,FPQ-6341,SCMS-84960,ASN-9369,Rwanda,PMO - US,Direct Drop,EXW,Ocean,09-03-10,9/28/2010,01-Mar-11,01-Mar-11,01-Mar-11,ARV,Adult,HETERO LABS LIMITED,"Nevirapine 200mg, tablets, 60 Tabs",Nevirapine,Generic,200mg,Tablet,60,"206,475",501734.25,2.43,0.04,Hetero Unit III Hyderabad IN,TRUE,12077,"$19,328.36 ","1,081.74"
"28,506",108-VN-T30,FPQ-12051,SCMS-188700,ASN-21668,Vietnam,PMO - US,Direct Drop,EXW,Air,05-03-13,5/15/2013,25-Sep-13,25-Sep-13,25-Sep-13,ARV,Adult,HETERO LABS LIMITED,"Zidovudine 300mg, tablets, 60 Tabs",Zidovudine,Generic,300mg,Tablet,60,503,2892.25,5.75,0.1,Hetero Unit III Hyderabad IN,FALSE,See ASN-21668 (ID#:17501),null,3.58
"50,971",106-HT-T30,FPQ-9066,SCMS-138620,ASN-14952,Haiti,PMO - US,Direct Drop,EXW,Air,01-06-12,2/24/2012,12-Jun-12,12-Jun-12,12-Jun-12,ARV,Pediatric,CIPLA LIMITED,"Lamivudine/Stavudine 30/6mg, dispersible tablets, 60 Tabs",Lamivudine/Stavudine,Generic,30/6mg,Chewable/dispersible tablet - FDC,60,408,775.20,1.9,0.03,"Cipla, Goa, India",TRUE,26,$304.63 ,1.09
"71,241",103-CM-T30,FPQ-12659,SCMS-201930,ASN-21679,Cameroon,PMO - US,Direct Drop,EXW,Air,7/26/2013,08-06-13,10-Oct-13,10-Oct-13,18-Oct-13,HRDT,HIV test - Ancillary,"Orgenics, Ltd","Chase Buffer, Determine, 100 Tests, 2.5ml x 1 Vial","Chase Buffer, Determine, 100 Tests, 2.5ml x 1 Vial",Determine,,Test kit - Ancillary,1,50,250.00,5,5,"Alere Medical Co., Ltd.",FALSE,See ASN-21679 (ID#:13900),null,0.31
"44,180",901-CM-T30,FPQ-12837,SCMS-204300,ASN-21698,Cameroon,PMO - US,Direct Drop,EXW,Air,8/19/2013,8/23/2013,18-Oct-13,18-Oct-13,18-Oct-13,ARV,Adult,Aurobindo Pharma Limited,"Nevirapine 200mg, tablets, 60 Tabs",Nevirapine,Generic,200mg,Tablet,60,"19,429",43715.25,2.25,0.04,"Aurobindo Unit III, India",FALSE,See ASN-21698 (ID#:33964),null,54.08
"51,016",133-NG-T30,FPQ-15504,SCMS-270770,ASN-31786,Nigeria,PMO - US,Direct Drop,EXW,Air,12-08-14,3/13/2015,07-May-15,07-May-15,13-May-15,HRDT,HIV test,"Orgenics, Ltd","HIV 1/2, Determine Complete HIV Kit, 100 Tests","HIV 1/2, Determine Complete HIV Kit",Determine,,Test kit,100,"6,360",566040.00,89,0.89,"Alere Medical Co., Ltd.",TRUE,2579,"$28,759.53 ",666.23
"51,034",133-NG-T30,FPQ-12456,SCMS-196561,ASN-22345,Nigeria,PMO - US,Direct Drop,EXW,Air,06-10-13,07-10-13,07-Nov-13,07-Nov-13,17-Nov-13,HRDT,HIV test,"Orgenics, Ltd","HIV 1/2, Determine Complete HIV Kit, 100 Tests","HIV 1/2, Determine Complete HIV Kit",Determine,,Test kit,100,898,79922.00,89,0.89,"Alere Medical Co., Ltd.",TRUE,364,"$6,522.64 ",98.86
"51,046",108-VN-T30,FPQ-10643,SCMS-160980,ASN-17428,Vietnam,PMO - US,Direct Drop,EXW,Air,9/18/2012,9/24/2012,26-Dec-12,26-Dec-12,26-Dec-12,ARV,Adult,Aurobindo Pharma Limited,"Nevirapine 200mg, tablets, 60 Tabs",Nevirapine,Generic,200mg,Tablet,60,"15,945",35876.25,2.25,0.04,"Aurobindo Unit III, India",TRUE,1479,"$5,180.86 ",50.3
"19,063",105-SS-T30,FPQ-12623,SCMS-200920,ASN-21751,South Sudan,PMO - US,Direct Drop,EXW,Air,7/18/2013,08-06-13,18-Oct-13,18-Oct-13,18-Oct-13,HRDT,HIV test,"Trinity Biotech, Plc","HIV 1/2, Uni-Gold HIV Kit, 20 Tests","HIV 1/2, Uni-Gold HIV Kit",Uni-Gold,,Test kit,20,450,14400.00,32,1.6,"Trinity Biotech, Plc",FALSE,See ASN-21751 (ID#:13968),null,17.81
"43,250",105-SS-T30,FPQ-12623,SCMS-200920,ASN-21751,South Sudan,PMO - US,Direct Drop,EXW,Air,7/18/2013,08-06-13,18-Oct-13,18-Oct-13,18-Oct-13,HRDT,HIV test,"Trinity Biotech, Plc","HIV 1/2, Uni-Gold HIV Kit, 20 Tests","HIV 1/2, Uni-Gold HIV Kit",Uni-Gold,,Test kit,20,25,800.00,32,1.6,"Trinity Biotech, Plc",FALSE,See ASN-21751 (ID#:13968),null,0.99
"61,913",105-SS-T30,FPQ-12623,SCMS-200920,ASN-21751,South Sudan,PMO - US,Direct Drop,EXW,Air,7/18/2013,08-06-13,18-Oct-13,18-Oct-13,18-Oct-13,HRDT,HIV test,"Trinity Biotech, Plc","HIV 1/2, Uni-Gold HIV Kit, 20 Tests","HIV 1/2, Uni-Gold HIV Kit",Uni-Gold,,Test kit,20,18,576.00,32,1.6,"Trinity Biotech, Plc",FALSE,See ASN-21751 (ID#:13968),null,0.71
"51,134",104-CI-T30,FPQ-12688,SCMS-201220,ASN-22164,Côte d'Ivoire,PMO - US,Direct Drop,EXW,Air,7/19/2013,08-06-13,07-Nov-13,07-Nov-13,13-Nov-13,HRDT,HIV test,"Orgenics, Ltd","HIV 1/2, Determine Complete HIV Kit, 100 Tests","HIV 1/2, Determine Complete HIV Kit",Determine,,Test kit,100,"1,800",144000.00,80,0.8,"Alere Medical Co., Ltd.",TRUE,730,"$10,351.26 ",178.13
"68,128",105-SS-T30,FPQ-12623,SCMS-200920,ASN-21751,South Sudan,PMO - US,Direct Drop,EXW,Air,7/18/2013,08-06-13,18-Oct-13,18-Oct-13,18-Oct-13,HRDT,HIV test,"Trinity Biotech, Plc","HIV 1/2, Uni-Gold HIV Kit, 20 Tests","HIV 1/2, Uni-Gold HIV Kit",Uni-Gold,,Test kit,20,25,800.00,32,1.6,"Trinity Biotech, Plc",FALSE,See ASN-21751 (ID#:13968),null,0.99
"51,155",106-HT-T30,FPQ-4822,SCMS-63790,ASN-6064,Haiti,PMO - US,Direct Drop,EXW,Air,01-07-10,1/21/2010,02-Mar-10,02-Mar-10,02-Mar-10,HRDT,HIV test,Orasure Technologies Inc.,"HIV 1/2, OraQuick Advance HIV Rapid Antibody Kit, 100 Tests","HIV 1/2, OraQuick Advance HIV Rapid Antibody Kit",OraQuick,,Test kit,100,100,35000.00,350,3.5,"Pacific Biotech, Thailand",TRUE,240,"$5,362.39 ",75.46
"51,165",110-ZM-T30,FPQ-11390,SCMS-173910,ASN-18339,Zambia,PMO - US,Direct Drop,EXW,Air,01-08-13,1/23/2013,15-Mar-13,15-Mar-13,15-Mar-13,HRDT,HIV test,"Trinity Biotech, Plc","HIV 1/2, Uni-Gold HIV Kit, 20 Tests","HIV 1/2, Uni-Gold HIV Kit",Uni-Gold,,Test kit,20,"10,500",336000.00,32,1.6,"Trinity Biotech, Plc",TRUE,3445,"$39,662.72 ",415.63
"51,175",133-NG-T30,FPQ-4891,SCMS-64780,ASN-6619,Nigeria,PMO - US,Direct Drop,EXW,Air,1/15/2010,02-05-10,05-May-10,05-May-10,05-May-10,HRDT,HIV test,"Orgenics, Ltd","HIV 1/2, Determine Complete HIV Kit, 100 Tests","HIV 1/2, Determine Complete HIV Kit",Determine,,Test kit,100,"2,685",214800.00,80,0.8,Inverness Japan,TRUE,1284,"$21,821.97 ",463.11
"51,217",200-ZW-T30,FPQ-6488,SCMS-90690,ASN-13956,Zimbabwe,PMO - US,Direct Drop,FCA,Air,10/26/2010,11-10-10,02-Apr-12,02-Apr-12,02-Apr-12,ARV,Pediatric,ABBVIE LOGISTICS (FORMERLY ABBOTT LOGISTICS BV),"Lopinavir/Ritonavir 80/20mg/ml [Kaletra], oral solution, cool, Bottle 5 x 60 ml",Lopinavir/Ritonavir,Kaletra,80/20mg/ml,Oral solution,300,"1,251",38555.82,30.82,0.1,ABBVIE (Abbott) Logis. UK,TRUE,1254,"$54,424.24 ",83.13
"48,519",105-SS-T30,FPQ-12623,SCMS-200910,ASN-22040,South Sudan,PMO - US,Direct Drop,EXW,Air,7/18/2013,08-05-13,08-Nov-13,08-Nov-13,11-Nov-13,HRDT,HIV test - Ancillary,"Orgenics, Ltd","Capillary Tubes, for Determine, EDTA, 50uL,100 Pcs","HIV, Capillary Tubes, for Determine, EDTA, 50uL,100 Pcs",Determine,,Test kit - Ancillary,100,165,1320.00,8,0.08,"Alere Medical Co., Ltd.",FALSE,See ASN-22040 (ID#:45178),null,1.63
"51,233",108-VN-T30,FPQ-15087,SCMS-261460,ASN-30940,Vietnam,PMO - US,Direct Drop,EXW,Air,10/24/2014,10/30/2014,31-Mar-15,31-Mar-15,31-Mar-15,ARV,Adult,HETERO LABS LIMITED,"Lamivudine 150mg, tablets, 60 Tabs",Lamivudine,Generic,150mg,Tablet,60,"9,400",16920.00,1.8,0.03,Hetero Unit III Hyderabad IN,TRUE,1030,"$1,593.67 ",19.91
"51,267",133-NG-T30,FPQ-10765,SCMS-162440,ASN-18601,Nigeria,PMO - US,Direct Drop,EXW,Air,10-05-12,10/16/2012,09-Jan-13,02-Apr-13,02-Apr-13,HRDT,HIV test,"Orgenics, Ltd","HIV 1/2, Determine Complete HIV Kit, 100 Tests","HIV 1/2, Determine Complete HIV Kit",Determine,,Test kit,100,"2,887",256943.00,89,0.89,"Alere Medical Co., Ltd.",TRUE,1247,"$26,859.39 ",360.23
"51,268",133-NG-T30,FPQ-10765,SCMS-162440,ASN-17646,Nigeria,PMO - US,Direct Drop,EXW,Air,10-05-12,10/16/2012,09-Jan-13,17-Jan-13,17-Jan-13,HRDT,HIV test,"Orgenics, Ltd","HIV 1/2, Determine Complete HIV Kit, 100 Tests","HIV 1/2, Determine Complete HIV Kit",Determine,,Test kit,100,"2,744",244216.00,89,0.89,"Alere Medical Co., Ltd.",TRUE,1235,"$25,577.15 ",342.39
"60,357",105-SS-T30,FPQ-12623,SCMS-200910,ASN-22040,South Sudan,PMO - US,Direct Drop,EXW,Air,7/18/2013,08-05-13,08-Nov-13,08-Nov-13,11-Nov-13,HRDT,HIV test - Ancillary,"Orgenics, Ltd","Chase Buffer, Determine, 100 Tests, 2.5ml x 1 Vial","Chase Buffer, Determine, 100 Tests, 2.5ml x 1 Vial",Determine,,Test kit - Ancillary,1,210,1050.00,5,5,"Alere Medical Co., Ltd.",FALSE,See ASN-22040 (ID#:45178),null,1.3
"51,340",106-HT-T30,FPQ-11443,SCMS-180990,ASN-20370,Haiti,PMO - US,Direct Drop,EXW,Air,02-07-13,3/22/2013,24-Jul-13,24-Jul-13,24-Jul-13,ARV,Pediatric,STRIDES ARCOLAB LIMITED,"Lamivudine/Nevirapine/Zidovudine 30/50/60mg, dispersible tablets, 60 Tabs",Lamivudine/Nevirapine/Zidovudine,Generic,30/50/60mg,Chewable/dispersible tablet - FDC,60,"4,095",16380.00,4,0.07,"Strides, Bangalore, India.",TRUE,176,"$3,456.02 ",20.26
"67,769",105-DO-T30,FPQ-12359,SCMS-202330,ASN-22277,Dominican Republic,PMO - US,Direct Drop,EXW,Air,06-04-13,08-07-13,29-Oct-13,29-Oct-13,01-Nov-13,HRDT,HIV test,"Standard Diagnostics, Inc.","HIV 1/2, Determine Complete HIV Kit, 100 Tests","HIV 1/2, Determine Complete HIV Kit",Determine,,Test kit,100,112,0.00,0,0,"Alere Medical Co., Ltd.",FALSE,See ASN-22277 (ID#:61493),null,0
"51,380",117-ET-T30,FPQ-9209,SCMS-134730,ASN-14232,Ethiopia,PMO - US,Direct Drop,EXW,Air,1/18/2012,1/23/2012,02-Apr-12,02-Apr-12,02-Apr-12,HRDT,HIV test,"SHANGHAI KEHUA BIOENGINEERING CO.,LTD.  (KHB)","HIV 1/2, SKB Colloidal Gold, Diagnostic Kit, Antibody, 50 Tests","HIV 1/2, Colloidal Gold, Diagnostic Kit, Antibody",Colloidal Gold,,Test kit,1,"1,100",26950.00,24.5,24.5,"KHB Test Kit Facility, Shanghai China",TRUE,780,"$7,655.99 ",37.78
"49,653",114-UG-T30,FPQ-12290,SCMS-192170,ASN-22706,Uganda,PMO - US,Direct Drop,CIP,Air,5/17/2013,07-03-13,20-Nov-13,20-Nov-13,21-Nov-13,ARV,Adult,ASPEN PHARMACARE,"Darunavir 300mg [Prezista], tablets, 120 Tabs",Darunavir,Prezista,300mg,Tablet,120,287,19114.20,66.6,0.55,"Aspen-OSD, Port Elizabeth, SA",FALSE,See ASN-22706 (ID#:46447),null,23.64
"65,002",106-HT-T30,FPQ-12590,SCMS-210530,ASN-22712,Haiti,PMO - US,Direct Drop,EXW,Air,8/21/2013,10/25/2013,24-Jan-14,24-Jan-14,29-Jan-14,ARV,Adult,MYLAN LABORATORIES LTD (FORMERLY MATRIX LABORATORIES),"Atazanavir/Ritonavir 300/100mg, tablets, 30 Tabs",Atazanavir/Ritonavir,Generic,300/100mg,Tablet,30,"3,905",78100.00,20,0.67,Mylan (formerly Matrix) Nashik,FALSE,See ASN-22712 (ID#:47413),null,96.61
"51,408",133-NG-T30,FPQ-8117,SCMS-118190,ASN-12878,Nigeria,PMO - US,Direct Drop,EXW,Air,7/28/2011,8/15/2011,19-Dec-11,09-Dec-11,09-Dec-11,HRDT,HIV test,"Orgenics, Ltd","HIV 1/2, Determine Complete HIV Kit, 100 Tests","HIV 1/2, Determine Complete HIV Kit",Determine,,Test kit,100,"2,891",257299.00,89,0.89,"Alere Medical Co., Ltd.",TRUE,1378,"$32,667.09 ",424.54
"51,410",106-HT-T30,FPQ-15038,SCMS-262910,ASN-30183,Haiti,PMO - US,Direct Drop,EXW,Ocean,10/22/2014,12/24/2014,13-Mar-15,13-Mar-15,18-Mar-15,ARV,Adult,Aurobindo Pharma Limited,"Efavirenz 600mg, tablets, 30 Tabs",Efavirenz,Generic,600mg,Tablet,30,"39,554",130528.20,3.3,0.11,"Aurobindo Unit VII, IN",TRUE,3823,"$11,051.22 ",134.18
"1,905",108-VN-T01,Pre-PQ Process,SCMS-26180,ASN-2274,Vietnam,PMO - US,Direct Drop,EXW,Air,Pre-PQ Process,07-01-08,19-Sep-08,19-Sep-08,19-Sep-08,ARV,Adult,Aurobindo Pharma Limited,"Lamivudine/Zidovudine 150/300mg, tablets, 60 Tabs",Lamivudine/Zidovudine,Generic,1mg+ml+/,Tablet - FDC,60,"4,300",37023.00,8.61,0.14,"Aurobindo Unit III, India",FALSE,See ASN-2274 (ID#:610),null,59.24
"7,218",108-VN-T01,Pre-PQ Process,SCMS-26180,ASN-2274,Vietnam,PMO - US,Direct Drop,EXW,Air,Pre-PQ Process,07-01-08,19-Sep-08,19-Sep-08,19-Sep-08,ARV,Adult,Aurobindo Pharma Limited,"Nevirapine 200mg, tablets, 60 Tabs",Nevirapine,Generic,10mg+ml+/,Tablet,60,"4,200",12180.00,2.9,0.05,"Aurobindo Unit III, India",FALSE,See ASN-2274 (ID#:610),null,19.49
"53,989",105-SS-T30,FPQ-12623,SCMS-200911,ASN-22749,South Sudan,PMO - US,Direct Drop,EXW,Air,7/18/2013,08-05-13,24-Jan-14,24-Jan-14,24-Jan-14,HRDT,HIV test,"Orgenics, Ltd","HIV 1/2, Determine Complete HIV Kit, 100 Tests","HIV 1/2, Determine Complete HIV Kit",Determine,,Test kit,100,350,31150.00,89,0.89,"Alere Medical Co., Ltd.",FALSE,See ASN-22749 (ID#:45723),null,38.53
"51,452",102-BW-T30,FPQ-5353,SCMS-77130,ASN-7693,Botswana,PMO - US,Direct Drop,EXW,Air,3/30/2010,6/23/2010,25-Aug-10,25-Aug-10,25-Aug-10,HRDT,HIV test,"Trinity Biotech, Plc","HIV 1/2, Uni-Gold HIV Kit, 20 Tests","HIV 1/2, Uni-Gold HIV Kit",Uni-Gold,,Test kit,20,50,1600.00,32,1.6,"Trinity Biotech, Plc",TRUE,26,$659.27 ,3.45
"68,583",105-SS-T30,FPQ-12623,SCMS-200911,ASN-22749,South Sudan,PMO - US,Direct Drop,EXW,Air,7/18/2013,08-05-13,24-Jan-14,24-Jan-14,24-Jan-14,HRDT,HIV test - Ancillary,"Orgenics, Ltd","Chase Buffer, Determine, 100 Tests, 2.5ml x 1 Vial","Chase Buffer, Determine, 100 Tests, 2.5ml x 1 Vial",Determine,,Test kit - Ancillary,1,160,800.00,5,5,"Alere Medical Co., Ltd.",FALSE,See ASN-22749 (ID#:45723),null,0.99
"8,460",108-VN-T01,Pre-PQ Process,SCMS-23340,ASN-2277,Vietnam,PMO - US,Direct Drop,EXW,Air,Pre-PQ Process,5/13/2008,19-Sep-08,19-Sep-08,19-Sep-08,ARV,Adult,Aurobindo Pharma Limited,"Nevirapine 200mg, tablets, 60 Tabs",Nevirapine,Generic,10mg+ml+/,Tablet,60,"3,840",12326.40,3.21,0.05,"Aurobindo Unit III, India",FALSE,See ASN-2277 (ID#:5793),null,19.72
"51,440",113-ZW-T30,FPQ-13032,SCMS-210170,ASN-22818,Zimbabwe,PMO - US,Direct Drop,EXW,Air,9/24/2013,10/18/2013,09-Dec-13,09-Dec-13,10-Dec-13,HRDT,HIV test,"Orgenics, Ltd","HIV 1/2, Determine Complete HIV Kit, 100 Tests","HIV 1/2, Determine Complete HIV Kit",Determine,,Test kit,100,"2,000",160000.00,80,0.8,"Alere Medical Co., Ltd.",FALSE,See ASN-22818 (ID#:39794),null,197.92
"63,568",105-SS-T30,FPQ-12623,SCMS-200921,ASN-22955,South Sudan,PMO - US,Direct Drop,EXW,Air,7/18/2013,08-06-13,11-Feb-14,11-Feb-14,11-Feb-14,HRDT,HIV test,"Trinity Biotech, Plc","HIV 1/2, Uni-Gold HIV Kit, 20 Tests","HIV 1/2, Uni-Gold HIV Kit",Uni-Gold,,Test kit,20,18,576.00,32,1.6,"Trinity Biotech, Plc",FALSE,See ASN-22955 (ID#:19019),null,0.71
"74,385",105-SS-T30,FPQ-12623,SCMS-200921,ASN-22955,South Sudan,PMO - US,Direct Drop,EXW,Air,7/18/2013,08-06-13,11-Feb-14,11-Feb-14,11-Feb-14,HRDT,HIV test,"Trinity Biotech, Plc","HIV 1/2, Uni-Gold HIV Kit, 20 Tests","HIV 1/2, Uni-Gold HIV Kit",Uni-Gold,,Test kit,20,35,1120.00,32,1.6,"Trinity Biotech, Plc",FALSE,See ASN-22955 (ID#:19019),null,1.39
"51,535",122-HT-T30,FPQ-8671,SCMS-131050,ASN-13551,Haiti,PMO - US,Direct Drop,EXW,Air,11-09-11,12/29/2011,14-Feb-12,14-Feb-12,14-Feb-12,MRDT,Malaria,"ACCESS BIO, INC.","Malaria, Antigen P.f., HRP2 CareStart Kit, 60 Tests","Malaria, Antigen P.f., HRP2 CareStart Kit",CareStart,,Test kit,60,"2,159",50520.60,23.4,0.39,"Access BIO, L.C.",TRUE,5,"$5,642.36 ",70.83
"76,197",105-SS-T30,FPQ-12623,SCMS-200921,ASN-22955,South Sudan,PMO - US,Direct Drop,EXW,Air,7/18/2013,08-06-13,11-Feb-14,11-Feb-14,11-Feb-14,HRDT,HIV test,"Trinity Biotech, Plc","HIV 1/2, Uni-Gold HIV Kit, 20 Tests","HIV 1/2, Uni-Gold HIV Kit",Uni-Gold,,Test kit,20,450,14400.00,32,1.6,"Trinity Biotech, Plc",FALSE,See ASN-22955 (ID#:19019),null,17.81
"37,829",108-VN-T30,FPQ-12539,SCMS-199710,ASN-23182,Vietnam,PMO - US,Direct Drop,FCA,Air,07-11-13,7/30/2013,08-Jan-14,08-Jan-14,08-Jan-14,ARV,Adult,ABBVIE LOGISTICS (FORMERLY ABBOTT LOGISTICS BV),"Lopinavir/Ritonavir 200/50mg [Aluvia], tablets, 120 Tabs",Lopinavir/Ritonavir,Aluvia,200/50mg,Tablet,120,"7,067",429814.94,60.82,0.51,ABBVIE Ludwigshafen Germany,FALSE,See ASN-23182 (ID#:16967),null,531.68
"51,587",161-ZA-T30,FPQ-5303,SCMS-68950,ASN-7078,South Africa,PMO - US,Direct Drop,DDP,Air,3/18/2010,3/19/2010,09-Jun-10,09-Jun-10,09-Jun-10,ARV,Adult,Aurobindo Pharma Limited,"Nevirapine 200mg, tablets, 60 Tabs",Nevirapine,Generic,200mg,Tablet,60,"22,372",65326.24,2.92,0.05,"Aurobindo Unit III, India",TRUE,2655,"$6,369.79 ",140.84
"7,120",108-VN-T01,Pre-PQ Process,SCMS-23440,ASN-2335,Vietnam,PMO - US,Direct Drop,EXW,Air,Pre-PQ Process,5/13/2008,20-Sep-08,20-Sep-08,20-Sep-08,ARV,Adult,MYLAN LABORATORIES LTD (FORMERLY MATRIX LABORATORIES),"Tenofovir Disoproxil Fumarate 300mg, tablets, 30 Tabs",Tenofovir Disoproxil Fumarate,Generic,20mg+ml+/,Tablet,30,672,9179.52,13.66,0.46,Mylan (formerly Matrix) Nashik,FALSE,See ASN-2335 (ID#:5796),null,14.69
"8,461",108-VN-T01,Pre-PQ Process,SCMS-23440,ASN-2335,Vietnam,PMO - US,Direct Drop,EXW,Air,Pre-PQ Process,5/13/2008,20-Sep-08,20-Sep-08,20-Sep-08,ARV,Adult,MYLAN LABORATORIES LTD (FORMERLY MATRIX LABORATORIES),"Zidovudine 300mg, tablets, 60 Tabs",Zidovudine,Generic,10mg+ml+/,Tablet,60,432,3240.00,7.5,0.12,Mylan (formerly Matrix) Nashik,FALSE,See ASN-2335 (ID#:5796),null,5.18
"9,750",108-VN-T01,Pre-PQ Process,SCMS-23440,ASN-2335,Vietnam,PMO - US,Direct Drop,EXW,Air,Pre-PQ Process,5/13/2008,20-Sep-08,20-Sep-08,20-Sep-08,ARV,Adult,MYLAN LABORATORIES LTD (FORMERLY MATRIX LABORATORIES),"Efavirenz 600mg, tablets, 30 Tabs",Efavirenz,Generic,10mg+ml+/,Tablet,30,"5,040",51609.60,10.24,0.34,Mylan (formerly Matrix) Nashik,FALSE,See ASN-2335 (ID#:5796),null,82.58
"4,460",108-VN-T01,Pre-PQ Process,SCMS-23450,ASN-2336,Vietnam,PMO - US,Direct Drop,EXW,Air,Pre-PQ Process,5/14/2008,19-Sep-08,19-Sep-08,19-Sep-08,ARV,Adult,MYLAN LABORATORIES LTD (FORMERLY MATRIX LABORATORIES),"Efavirenz 600mg, tablets, 30 Tabs",Efavirenz,Generic,20mg+ml+/,Tablet,30,"10,080",103219.20,10.24,0.34,Mylan (formerly Matrix) Nashik,FALSE,See ASN-2336 (ID#:530),null,165.15
"51,717",901-GH-T30,FPQ-14101,SCMS-249120,ASN-28705,Ghana,PMO - US,Direct Drop,FCA,Air,4/30/2014,7/18/2014,12-Nov-14,12-Nov-14,13-Nov-14,ARV,Pediatric,ABBVIE LOGISTICS (FORMERLY ABBOTT LOGISTICS BV),"Lopinavir/Ritonavir 100/25mg [Aluvia], tablets, 60 Tabs",Lopinavir/Ritonavir,Generic,100/25mg,Tablet,60,672,3991.68,5.94,0.1,ABBVIE Ludwigshafen Germany,TRUE,88,"$1,472.41 ",4.1
"51,755",110-ZM-T30,FPQ-7439,SCMS-106740,ASN-11399,Zambia,PMO - US,Direct Drop,EXW,Air,04-01-11,4/21/2011,22-Jul-11,22-Jul-11,22-Jul-11,HRDT,HIV test,"Orgenics, Ltd","HIV 1/2, Determine Complete HIV Kit, 100 Tests","HIV 1/2, Determine Complete HIV Kit",Determine,,Test kit,100,"1,729",138320.00,80,0.8,Inverness Japan,TRUE,667,"$15,123.48 ",228.23
"7,121",108-VN-T01,Pre-PQ Process,SCMS-23450,ASN-2336,Vietnam,PMO - US,Direct Drop,EXW,Air,Pre-PQ Process,5/14/2008,19-Sep-08,19-Sep-08,19-Sep-08,ARV,Adult,MYLAN LABORATORIES LTD (FORMERLY MATRIX LABORATORIES),"Zidovudine 300mg, tablets, 60 Tabs",Zidovudine,Generic,20mg+ml+/,Tablet,60,648,4860.00,7.5,0.12,Mylan (formerly Matrix) Nashik,FALSE,See ASN-2336 (ID#:530),null,7.78
"51,775",108-VN-T30,FPQ-13034,SCMS-210040,ASN-24696,Vietnam,PMO - US,Direct Drop,FCA,Air,10-04-13,10-10-13,07-Apr-14,07-Apr-14,07-Apr-14,ARV,Adult,ABBVIE LOGISTICS (FORMERLY ABBOTT LOGISTICS BV),"Lopinavir/Ritonavir 200/50mg [Aluvia], tablets, 120 Tabs",Lopinavir/Ritonavir,Aluvia,200/50mg,Tablet,120,"7,031",427625.42,60.82,0.51,ABBVIE Ludwigshafen Germany,TRUE,1720,"$5,324.08 ",528.97
"51,803",161-ZA-T30,FPQ-5648,SCMS-75660,ASN-8261,South Africa,PMO - US,Direct Drop,DDP,Ocean,06-02-10,6/17/2010,12-Oct-10,12-Oct-10,12-Oct-10,ARV,Adult,Aurobindo Pharma Limited,"Efavirenz 600mg, tablets, 30 Tabs",Efavirenz,Generic,600mg,Tablet,30,"17,701",79831.51,4.51,0.15,"Aurobindo Unit III, India",TRUE,1552,"$18,114.34 ",172.12
"8,462",108-VN-T01,Pre-PQ Process,SCMS-23450,ASN-2336,Vietnam,PMO - US,Direct Drop,EXW,Air,Pre-PQ Process,5/14/2008,19-Sep-08,19-Sep-08,19-Sep-08,ARV,Adult,MYLAN LABORATORIES LTD (FORMERLY MATRIX LABORATORIES),"Lamivudine 150mg, tablets, 60 Tabs",Lamivudine,Generic,20mg+ml+/,Tablet,60,"14,364",37346.40,2.6,0.04,Mylan (formerly Matrix) Nashik,FALSE,See ASN-2336 (ID#:530),null,59.75
"60,286",104-CI-T30,FPQ-12806,SCMS-206560,ASN-23448,Côte d'Ivoire,PMO - US,Direct Drop,EXW,Air,08-09-13,9/17/2013,03-Jan-14,03-Jan-14,06-Jan-14,ARV,Pediatric,Aurobindo Pharma Limited,"Zidovudine 100mg, capsules, 100 Caps",Zidovudine,Generic,100mg,Capsule,100,400,1800.00,4.5,0.04,"Aurobindo Unit III, India",FALSE,See ASN-23448 (ID#:58372),null,2.23
"51,820",102-SZ-T30,FPQ-10537,SCMS-159091,ASN-17894,Swaziland,PMO - US,Direct Drop,EXW,Air,8/23/2012,09-12-12,17-May-13,17-May-13,17-May-13,HRDT,HIV test,"Orgenics, Ltd","HIV 1/2, Determine Complete HIV Kit, 100 Tests","HIV 1/2, Determine Complete HIV Kit",Determine,,Test kit,100,240,19200.00,80,0.8,"Alere Medical Co., Ltd.",TRUE,100,"$2,274.64 ",26.92
"9,960",111-MZ-T01,Pre-PQ Process,SCMS-29440,ASN-2403,Mozambique,PMO - US,Direct Drop,EXW,Air,Pre-PQ Process,8/29/2008,03-Oct-08,03-Oct-08,03-Oct-08,HRDT,HIV test - Ancillary,"Orgenics, Ltd","HIV, Lancet, Safety, for HIV Test kits, 100 Pcs","HIV, Lancet, Safety, for HIV Test kits, 100 Pcs",Generic,,Test kit - Ancillary,100,"1,000",10.00,0.01,0,Inverness Japan,FALSE,See ASN-2403 (ID#:3386),null,0.02
"78,839",108-VN-T30,FPQ-12051,SCMS-188651,ASN-24041,Vietnam,PMO - US,Direct Drop,EXW,Air,05-03-13,11/28/2013,30-May-14,30-May-14,31-May-14,ARV,Adult,MYLAN LABORATORIES LTD (FORMERLY MATRIX LABORATORIES),"Tenofovir Disoproxil Fumarate 300mg, tablets, 30 Tabs",Tenofovir Disoproxil Fumarate,Generic,300mg,Tablet,30,"12,000",48000.00,4,0.13,Mylan (formerly Matrix) Nashik,FALSE,See ASN-24041 (ID#:34062),null,59.38
"51,871",161-ZA-T30,FPQ-6708,SCMS-93640,ASN-9950,South Africa,PMO - US,Direct Drop,DDP,Ocean,11/26/2010,12/14/2010,05-Apr-11,08-Apr-11,08-Apr-11,ARV,Adult,CIPLA LIMITED,"Tenofovir Disoproxil Fumarate 300mg, tablets, 30 Tabs",Tenofovir Disoproxil Fumarate,Generic,300mg,Tablet,30,"44,293",303849.98,6.86,0.23,"Cipla, Goa, India",TRUE,2951,"$5,567.75 ",501.35
"51,883",133-NG-T30,FPQ-10765,SCMS-162440,ASN-17649,Nigeria,PMO - US,Direct Drop,EXW,Air,10-05-12,10/16/2012,09-Jan-13,17-Jan-13,17-Jan-13,HRDT,HIV test,"Orgenics, Ltd","HIV 1/2, Determine Complete HIV Kit, 100 Tests","HIV 1/2, Determine Complete HIV Kit",Determine,,Test kit,100,"2,744",244216.00,89,0.89,"Alere Medical Co., Ltd.",TRUE,1235,"$25,577.20 ",342.39
"1,299",107-RW-T01,Pre-PQ Process,SCMS-268,ASN-242,Rwanda,PMO - US,Direct Drop,EXW,Air,Pre-PQ Process,12/22/2006,27-Feb-07,27-Feb-07,27-Feb-07,ARV,Adult,CIPLA LIMITED,"Efavirenz 600mg, tablets, 30 Tabs",Efavirenz,Generic,80+20mg+ml,Tablet,30,"71,577",1087970.40,15.2,0.51,"Cipla, Goa, India",FALSE,See ASN-242 (ID#:64),null,
"51,895",109-TZ-T30,FPQ-13945,SCMS-235420,ASN-26517,Tanzania,PMO - US,Direct Drop,EXW,Air,3/27/2014,4/29/2014,29-Aug-14,29-Aug-14,03-Sep-14,HRDT,HIV test,"Orgenics, Ltd","HIV 1/2, Determine Complete HIV Kit, 100 Tests","HIV 1/2, Determine Complete HIV Kit",Determine,,Test kit,100,672,53760.00,80,0.8,"Alere Medical Co., Ltd.",TRUE,277,"$4,379.48 ",55.27
"51,911",901-CM-T30,FPQ-12837,SCMS-204300,ASN-21708,Cameroon,PMO - US,Direct Drop,EXW,Air,8/19/2013,8/23/2013,07-Nov-13,30-Oct-13,31-Oct-13,ARV,Adult,Aurobindo Pharma Limited,"Lamivudine/Tenofovir Disoproxil Fumarate 300/300mg, tablets, 30 Tabs",Lamivudine/Tenofovir Disoproxil Fumarate,Generic,300/300mg,Tablet - FDC,30,"32,400",150660.00,4.65,0.16,"Aurobindo Unit VII, IN",TRUE,3227,"$26,930.79 ",186.37
"51,928",117-ET-T30,FPQ-4502,SCMS-58060,ASN-5747,Ethiopia,PMO - US,Direct Drop,EXW,Air,10/27/2009,11/25/2009,30-Dec-09,30-Dec-09,30-Dec-09,ARV,Adult,MYLAN LABORATORIES LTD (FORMERLY MATRIX LABORATORIES),"Lamivudine 150mg, tablets, 60 Tabs",Lamivudine,Generic,150mg,Tablet,60,"50,000",130000.00,2.6,0.04,Mylan (formerly Matrix) Nashik,TRUE,2504,"$7,354.24 ",280.28
"1,300",107-RW-T01,Pre-PQ Process,SCMS-268,ASN-242,Rwanda,PMO - US,Direct Drop,EXW,Air,Pre-PQ Process,12/22/2006,27-Feb-07,27-Feb-07,27-Feb-07,ARV,Adult,CIPLA LIMITED,"Abacavir 300mg, tablets, 60 Tabs",Abacavir,Generic,80+20mg+ml,Tablet,60,"5,605",202340.50,36.1,0.6,"Cipla, Patalganga, India",FALSE,See ASN-242 (ID#:64),null,
"51,990",107-RW-T30,FPQ-6341,SCMS-84970,ASN-10317,Rwanda,PMO - US,Direct Drop,EXW,Ocean,09-03-10,9/28/2010,31-May-11,31-May-11,31-May-11,ARV,Adult,HETERO LABS LIMITED,"Lamivudine/Tenofovir Disoproxil Fumarate 300/300mg, tablets, 30 Tabs",Lamivudine/Tenofovir Disoproxil Fumarate,Generic,300/300mg,Tablet - FDC,30,"82,981",776702.16,9.36,0.31,Hetero Unit III Hyderabad IN,TRUE,6683,"$14,760.60 ","1,674.57"
"51,999",102-GY-T30,FPQ-8053,SCMS-115830,ASN-11820,Guyana,PMO - US,Direct Drop,EXW,Air,7/13/2011,7/20/2011,06-Sep-11,06-Sep-11,06-Sep-11,HRDT,HIV test,"Orgenics, Ltd","HIV 1/2, Determine Complete HIV Kit, 100 Tests","HIV 1/2, Determine Complete HIV Kit",Determine,,Test kit,100,915,91500.00,100,1,Inverness Japan,TRUE,439,"$11,941.94 ",150.98
"52,034",106-HT-T30,FPQ-12041,SCMS-189221,ASN-22217,Haiti,PMO - US,Direct Drop,EXW,Air,4/26/2013,5/21/2013,12-Dec-13,12-Dec-13,13-Dec-13,HRDT,HIV test,"SHANGHAI KEHUA BIOENGINEERING CO.,LTD.  (KHB)","HIV 1/2, SKB Colloidal Gold, Diagnostic Kit, Antibody, 50 Tests","HIV 1/2, Colloidal Gold, Diagnostic Kit, Antibody",Colloidal Gold,,Test kit,1,350,8575.00,24.5,24.5,"KHB Test Kit Facility, Shanghai China",TRUE,240,"$2,933.25 ",10.61
"52,049",102-KE-T30,FPQ-7498,SCMS-106790,ASN-11121,Kenya,PMO - US,Direct Drop,EXW,Air,3/30/2011,4/21/2011,08-Jul-11,08-Jul-11,08-Jul-11,HRDT,HIV test,"Orgenics, Ltd","HIV 1/2, Determine Complete HIV Kit, 100 Tests","HIV 1/2, Determine Complete HIV Kit",Determine,,Test kit,100,"10,000",890000.00,89,0.89,Inverness Japan,TRUE,2951,"$31,923.61 ","1,468.50"
"35,951",106-HT-T30,FPQ-12590,SCMS-210541,ASN-24373,Haiti,PMO - US,Direct Drop,EXW,Ocean,8/21/2013,02-03-14,09-May-14,09-May-14,12-May-14,ARV,Pediatric,MYLAN LABORATORIES LTD (FORMERLY MATRIX LABORATORIES),"Abacavir/Lamivudine 60/30mg, tablets, 60 Tabs",Abacavir/Lamivudine,Generic,60/30mg,Tablet - FDC,60,"1,080",4266.00,3.95,0.07,Mylan (formerly Matrix) Nashik,FALSE,See ASN-24373 (ID#:16513),null,5.28
"52,081",161-ZA-T30,FPQ-6262,SCMS-83830,ASN-9942,South Africa,PMO - US,Direct Drop,DDP,Ocean,8/31/2010,9/24/2010,03-May-11,03-May-11,03-May-11,ARV,Adult,Aurobindo Pharma Limited,"Lamivudine/Zidovudine 150/300mg, tablets, 60 Tabs",Lamivudine/Zidovudine,Generic,150/300mg,Tablet - FDC,60,"25,000",209000.00,8.36,0.14,"Aurobindo Unit III, India",TRUE,2275,"$3,073.74 ",450.6
"52,093",107-RW-T30,FPQ-4248,SCMS-43860,ASN-8371,Rwanda,PMO - US,Direct Drop,CIP,Air,2/27/2009,4/15/2010,10-Oct-10,10-Oct-10,10-Oct-10,ARV,Adult,MYLAN LABORATORIES LTD (FORMERLY MATRIX LABORATORIES),"Lamivudine/Zidovudine 150/300mg, tablets, 60 Tabs",Lamivudine/Zidovudine,Generic,150/300mg,Tablet - FDC,60,"21,080",189720.00,9,0.15,Mylan (formerly Matrix) Nashik,TRUE,1716,"$17,074.80 ",371.85
"9,866",133-NG-T01,Pre-PQ Process,SCMS-27060,ASN-2438,Nigeria,PMO - US,Direct Drop,EXW,Air,Pre-PQ Process,7/18/2008,15-Oct-08,15-Oct-08,15-Oct-08,HRDT,HIV test,"Orgenics, Ltd","HIV 1/2, Determine HIV Kit, without Lancets, 100 Tests","HIV 1/2, Determine HIV Kit, without Lancets",Determine,10mg+ml+/,Test kit,100,"6,502",520094.98,79.99,0.8,Inverness Japan,FALSE,See ASN-2438 (ID#:1941),null,832.15
"52,144",133-NG-T30,FPQ-10765,SCMS-162440,ASN-18600,Nigeria,PMO - US,Direct Drop,EXW,Air,10-05-12,10/16/2012,09-Jan-13,20-Mar-13,20-Mar-13,HRDT,HIV test,"Orgenics, Ltd","HIV 1/2, Determine Complete HIV Kit, 100 Tests","HIV 1/2, Determine Complete HIV Kit",Determine,,Test kit,100,"2,880",256320.00,89,0.89,"Alere Medical Co., Ltd.",TRUE,1249,"$26,380.35 ",359.36
"19,712",108-VN-T30,FPQ-13034,SCMS-210120,ASN-24394,Vietnam,PMO - US,Direct Drop,EXW,Air,10-04-13,10-10-13,23-Apr-14,23-Apr-14,23-Apr-14,ARV,Adult,HETERO LABS LIMITED,"Efavirenz 600mg, tablets, 30 Tabs",Efavirenz,Generic,600mg,Tablet,30,"2,516",8151.84,3.24,0.11,Hetero Unit III Hyderabad IN,FALSE,See ASN-24394 (ID#:16053),null,10.08
"52,206",106-HT-T30,FPQ-4389,SCMS-58030,ASN-7025,Haiti,PMO - US,Direct Drop,FCA,Air,11-03-09,11/13/2009,18-Jun-10,18-Jun-10,18-Jun-10,ARV,Pediatric,ABBVIE LOGISTICS (FORMERLY ABBOTT LOGISTICS BV),"Lopinavir/Ritonavir 100/25mg [Aluvia], tablets, 60 Tabs",Lopinavir/Ritonavir,Generic,100/25mg,Tablet,60,300,2712.00,9.04,0.15,ABBVIE Ludwigshafen Germany,TRUE,44,"$1,075.54 ",5.85
"23,192",108-VN-T30,FPQ-13034,SCMS-210120,ASN-24394,Vietnam,PMO - US,Direct Drop,EXW,Air,10-04-13,10-10-13,23-Apr-14,23-Apr-14,23-Apr-14,ARV,Adult,HETERO LABS LIMITED,"Tenofovir Disoproxil Fumarate 300mg, tablets, 30 Tabs",Tenofovir Disoproxil Fumarate,Generic,300mg,Tablet,30,"9,683",34374.65,3.55,0.12,Hetero Unit III Hyderabad IN,FALSE,See ASN-24394 (ID#:16053),null,42.52
"52,241",108-VN-T30,FPQ-7427,SCMS-105550,ASN-12036,Vietnam,PMO - US,Direct Drop,EXW,Air,3/31/2011,4/14/2011,19-Oct-11,19-Oct-11,19-Oct-11,ARV,Adult,HETERO LABS LIMITED,"Tenofovir Disoproxil Fumarate 300mg, tablets, 30 Tabs",Tenofovir Disoproxil Fumarate,Generic,300mg,Tablet,30,"10,000",60000.00,6,0.2,Hetero Unit III Hyderabad IN,TRUE,865,"$7,878.43 ",99
"52,244",107-RW-T30,FPQ-8741,SCMS-129750,ASN-14450,Rwanda,PMO - US,Direct Drop,CIP,Air,11/30/2011,3/13/2012,23-May-12,23-May-12,23-May-12,ARV,Adult,CIPLA LIMITED,"Tenofovir Disoproxil Fumarate 300mg, tablets, 30 Tabs",Tenofovir Disoproxil Fumarate,Generic,300mg,Tablet,30,768,4369.92,5.69,0.19,"Cipla, Goa, India",TRUE,55,$393.29 ,6.13
"52,258",104-CI-T30,FPQ-13629,SCMS-228920,ASN-29320,Côte d'Ivoire,PMO - US,Direct Drop,EXW,Air,1/31/2014,03-03-14,04-Dec-14,04-Dec-14,08-Dec-14,ARV,Adult,MYLAN LABORATORIES LTD (FORMERLY MATRIX LABORATORIES),"Atazanavir/Ritonavir 300/100mg, tablets, 30 Tabs",Atazanavir/Ritonavir,Generic,300/100mg,Tablet,30,"2,500",50000.00,20,0.67,Mylan (formerly Matrix) Nashik,TRUE,343,"$3,978.49 ",51.4
"52,280",102-KE-T30,FPQ-4250,SCMS-55901,ASN-5639,Kenya,PMO - US,Direct Drop,EXW,Air,9/16/2009,10/22/2009,11-Jan-10,11-Jan-10,11-Jan-10,HRDT,HIV test,"Trinity Biotech, Plc","HIV 1/2, Uni-Gold HIV Kit, 20 Tests","HIV 1/2, Uni-Gold HIV Kit",Uni-Gold,,Test kit,20,"1,000",32000.00,32,1.6,"Trinity Biotech, Plc",TRUE,347,"$4,259.57 ",62.72
"56,957",108-VN-T30,FPQ-13034,SCMS-210120,ASN-24394,Vietnam,PMO - US,Direct Drop,EXW,Air,10-04-13,10-10-13,23-Apr-14,23-Apr-14,23-Apr-14,ARV,Adult,HETERO LABS LIMITED,"Abacavir 300mg, tablets, 60 Tabs",Abacavir,Generic,300mg,Tablet,60,564,6457.80,11.45,0.19,Hetero Unit III Hyderabad IN,FALSE,See ASN-24394 (ID#:16053),null,7.99
"52,341",105-DO-T30,FPQ-11295,SCMS-172491,ASN-20972,Dominican Republic,PMO - US,Direct Drop,EXW,Air,12/17/2012,01-11-13,10-Aug-13,10-Aug-13,10-Aug-13,HRDT,HIV test,"Trinity Biotech, Plc","HIV 1/2, Uni-Gold HIV Kit, 20 Tests","HIV 1/2, Uni-Gold HIV Kit",Uni-Gold,,Test kit,20,412,13184.00,32,1.6,"Trinity Biotech, Plc",TRUE,123,"$1,375.80 ",16.31
"42,917",108-VN-T30,FPQ-13034,SCMS-210150,ASN-24398,Vietnam,PMO - US,Direct Drop,EXW,Air,10-04-13,10-10-13,23-Apr-14,23-Apr-14,23-Apr-14,ARV,Adult,HETERO LABS LIMITED,"Lamivudine 150mg, tablets, 60 Tabs",Lamivudine,Generic,150mg,Tablet,60,"9,989",18479.65,1.85,0.03,Hetero Unit III Hyderabad IN,FALSE,See ASN-24398 (ID#:18664),null,22.86
"52,354",110-ZM-T30,FPQ-14827,SCMS-256510,ASN-29092,Zambia,PMO - US,Direct Drop,EXW,Air,8/19/2014,9/19/2014,11-Mar-15,11-Mar-15,31-Mar-15,HRDT,HIV test,"Orgenics, Ltd","HIV 1/2, Determine Complete HIV Kit, 100 Tests","HIV 1/2, Determine Complete HIV Kit",Determine,,Test kit,100,"1,364",109120.00,80,0.8,"Alere Medical Co., Ltd.",TRUE,553,"$7,845.09 ",112.18
"52,364",114-UG-T30,FPQ-14407,SCMS-244450,ASN-28699,Uganda,PMO - US,Direct Drop,FCA,Air,06-11-14,6/23/2014,06-Nov-14,06-Nov-14,07-Nov-14,ARV,Pediatric,ABBVIE LOGISTICS (FORMERLY ABBOTT LOGISTICS BV),"Lopinavir/Ritonavir 100/25mg [Aluvia], tablets, 60 Tabs",Lopinavir/Ritonavir,Generic,100/25mg,Tablet,60,724,4300.56,5.94,0.1,ABBVIE Ludwigshafen Germany,TRUE,82,"$1,042.36 ",4.42
"52,367",901-GH-T30,FPQ-14101,SCMS-245410,ASN-28061,Ghana,PMO - US,Direct Drop,EXW,Ocean,4/30/2014,07-08-14,10-Nov-14,10-Nov-14,12-Nov-14,ARV,Adult,STRIDES ARCOLAB LIMITED,"Efavirenz 600mg, tablets, 30 Tabs",Efavirenz,Generic,600mg,Tablet,30,"167,716",535014.04,3.19,0.11,"Strides, Bangalore, India.",TRUE,10803,"$24,636.23 ",549.99
"52,380",161-ZA-T30,FPQ-7400,SCMS-104220,ASN-12745,South Africa,PMO - US,Direct Drop,DDP,Ocean,03-11-11,3/30/2011,09-Jan-12,09-Jan-12,09-Jan-12,ARV,Pediatric,GLAXOSMITHKLINE EXPORT LIMITED,"Abacavir 20mg/ml [Ziagen], oral solution, Bottle, 240 ml",Abacavir,Ziagen,20mg/ml,Oral solution,240,"17,337",160887.36,9.28,0.04,GSK Mississauga (Canada),TRUE,6680,"$3,755.91 ",265.46
"52,383",104-CI-T30,FPQ-12136,SCMS-188320,ASN-23834,Côte d'Ivoire,PMO - US,Direct Drop,EXW,Air,4/18/2013,5/21/2013,31-Jan-14,31-Jan-14,03-Feb-14,HRDT,HIV test,"CHEMBIO DIAGNOSTIC SYSTEMS, INC.","HIV 1/2, Stat-Pak HIV, Kit, 20 Tests","HIV 1/2, Stat-Pak HIV, Kit",Stat-Pak,,Test kit,20,"1,900",55100.00,29,1.45,Chembio Diagnostics Sys. Inc.,TRUE,763,"$7,153.63 ",68.16
"43,600",108-VN-T30,FPQ-13034,SCMS-210150,ASN-24398,Vietnam,PMO - US,Direct Drop,EXW,Air,10-04-13,10-10-13,23-Apr-14,23-Apr-14,23-Apr-14,ARV,Adult,HETERO LABS LIMITED,"Tenofovir Disoproxil Fumarate 300mg, tablets, 30 Tabs",Tenofovir Disoproxil Fumarate,Generic,300mg,Tablet,30,"12,317",43725.35,3.55,0.12,Hetero Unit III Hyderabad IN,FALSE,See ASN-24398 (ID#:18664),null,54.09
"52,398",114-UG-T30,FPQ-12477,SCMS-198700,ASN-21821,Uganda,PMO - US,Direct Drop,EXW,Ocean,07-08-13,7/30/2013,08-Nov-13,08-Nov-13,13-Nov-13,ARV,Adult,STRIDES ARCOLAB LIMITED,"Efavirenz 600mg, tablets, 30 Tabs",Efavirenz,Generic,600mg,Tablet,30,"71,348",227600.12,3.19,0.11,"Strides, Bangalore, India.",TRUE,4334,"$8,144.11 ",281.54
"65,748",108-VN-T30,FPQ-13034,SCMS-210150,ASN-24398,Vietnam,PMO - US,Direct Drop,EXW,Air,10-04-13,10-10-13,23-Apr-14,23-Apr-14,23-Apr-14,ARV,Adult,HETERO LABS LIMITED,"Efavirenz 600mg, tablets, 30 Tabs",Efavirenz,Generic,600mg,Tablet,30,"12,984",42068.16,3.24,0.11,Hetero Unit III Hyderabad IN,FALSE,See ASN-24398 (ID#:18664),null,52.04
"52,460",107-RW-T30,FPQ-8365,SCMS-126470,ASN-13518,Rwanda,PMO - US,Direct Drop,FCA,Air,10/26/2011,11-11-11,27-Jan-12,27-Jan-12,27-Jan-12,ARV,Pediatric,ABBVIE LOGISTICS (FORMERLY ABBOTT LOGISTICS BV),"Lopinavir/Ritonavir 100/25mg [Aluvia], tablets, 60 Tabs",Lopinavir/Ritonavir,Generic,100/25mg,Tablet,60,"1,395",10755.45,7.71,0.13,ABBVIE Ludwigshafen Germany,TRUE,188,"$3,035.87 ",17.75
"52,465",114-UG-T30,FPQ-12309,SCMS-192030,ASN-20922,Uganda,PMO - US,Direct Drop,EXW,Air,5/17/2013,6/14/2013,16-Aug-13,16-Aug-13,16-Aug-13,ARV,Adult,MYLAN LABORATORIES LTD (FORMERLY MATRIX LABORATORIES),"Lamivudine/Nevirapine/Zidovudine 150/200/300mg, tablets, 60 Tabs",Lamivudine/Nevirapine/Zidovudine,Generic,150/300/200mg,Tablet - FDC,60,"60,678",491491.80,8.1,0.13,Mylan (formerly Matrix) Nashik,TRUE,8402,"$28,304.85 ",607.98
"52,488",133-NG-T30,FPQ-14305,SCMS-240830,ASN-27469,Nigeria,PMO - US,Direct Drop,EXW,Air,5/16/2014,06-02-14,19-Aug-14,09-Sep-14,29-Sep-14,HRDT,HIV test,"Orgenics, Ltd","HIV 1/2, Determine Complete HIV Kit, 100 Tests","HIV 1/2, Determine Complete HIV Kit",Determine,,Test kit,100,"3,154",280706.00,89,0.89,"Alere Medical Co., Ltd.",TRUE,1279,"$19,112.91 ",288.57
"52,725",102-SD-T30,FPQ-6991,SCMS-100470,ASN-10241,Sudan,PMO - US,Direct Drop,EXW,Air,02-05-11,2/25/2011,23-Apr-11,23-Apr-11,23-Apr-11,HRDT,HIV test,"Trinity Biotech, Plc","HIV 1/2, Uni-Gold HIV Kit, 20 Tests","HIV 1/2, Uni-Gold HIV Kit",Uni-Gold,,Test kit,20,132,4224.00,32,1.6,"Trinity Biotech, Plc",TRUE,50,"$1,595.38 ",6.97
"74,320",106-HT-T30,FPQ-12590,SCMS-210510,ASN-24412,Haiti,PMO - US,Direct Drop,EXW,Ocean,8/21/2013,10/25/2013,09-May-14,09-May-14,12-May-14,ARV,Adult,HETERO LABS LIMITED,"Nevirapine 200mg, tablets, 60 Tabs",Nevirapine,Generic,200mg,Tablet,60,"10,725",23595.00,2.2,0.04,Hetero Unit III Hyderabad IN,FALSE,See ASN-24412 (ID#:64757),null,29.19
"57,016",104-CI-T30,FPQ-12806,SCMS-206570,ASN-24432,Côte d'Ivoire,PMO - US,Direct Drop,EXW,Air,08-09-13,9/17/2013,27-Feb-14,27-Feb-14,26-Mar-14,ARV,Pediatric,Aurobindo Pharma Limited,"Zidovudine 100mg, capsules, 100 Caps",Zidovudine,Generic,100mg,Capsule,100,400,1800.00,4.5,0.04,"Aurobindo Unit III, India",FALSE,See ASN-24432 (ID#:40680),null,2.23
"52,540",117-ET-T30,FPQ-6976,SCMS-98310,ASN-10666,Ethiopia,PMO - US,Direct Drop,EXW,Air,1/13/2011,02-01-11,04-May-11,04-May-11,04-May-11,ARV,Adult,Aurobindo Pharma Limited,"Didanosine 250mg, delayed-release capsules, 30 Caps",Didanosine,Generic,250mg,Delayed-release capsules,30,"1,625",21125.00,13,0.43,"Aurobindo Unit III, India",TRUE,111,"$1,206.62 ",34.86
"4,593",110-ZM-T01,Pre-PQ Process,SCMS-27010,ASN-2448,Zambia,PMO - US,Direct Drop,EXW,Air,Pre-PQ Process,8/21/2008,22-Sep-08,22-Sep-08,22-Sep-08,HRDT,HIV test,"Orgenics, Ltd","HIV 1/2, Determine HIV Kit, without Lancets, 100 Tests","HIV 1/2, Determine HIV Kit, without Lancets",Determine,20mg+ml+/,Test kit,100,"3,000",215970.00,71.99,0.72,Inverness Japan,FALSE,See ASN-2448 (ID#:1939),null,345.55
"52,617",107-RW-T30,FPQ-8932,SCMS-129870,ASN-13476,Rwanda,PMO - US,Direct Drop,EXW,Air,12-06-11,12/13/2011,24-Jan-12,24-Jan-12,24-Jan-12,ARV,Adult,Aurobindo Pharma Limited,"Lamivudine/Tenofovir Disoproxil Fumarate 300/300mg, tablets, 30 Tabs",Lamivudine/Tenofovir Disoproxil Fumarate,Generic,300/300mg,Tablet - FDC,30,"2,800",14980.00,5.35,0.18,"Aurobindo Unit VII, IN",TRUE,273,"$2,964.49 ",21
"52,629",104-CI-T30,FPQ-6252,SCMS-85440,ASN-8566,Côte d'Ivoire,PMO - US,Direct Drop,EXW,Air,8/26/2010,9/16/2010,22-Nov-10,22-Nov-10,22-Nov-10,HRDT,HIV test,"Orgenics, Ltd","HIV 1/2, Determine HIV Kit, without Lancets, 100 Tests","HIV 1/2, Determine HIV Kit, without Lancets",Determine,,Test kit,100,275,21367.50,77.7,0.78,Inverness Japan,TRUE,64,"$2,319.80 ",46.07
"52,631",901-LR-T30,FPQ-8135,SCMS-118680,ASN-12405,Liberia,PMO - US,Direct Drop,EXW,Air,08-04-11,8/18/2011,20-Oct-11,20-Oct-11,20-Oct-11,HRDT,HIV test,"Standard Diagnostics, Inc.","HIV 1/2, Bioline 3.0 Kit, Lancets, Capillary pipets, Alcohol swabs included, 25 Tests","HIV 1/2, Bioline 3.0 Kit, Lancets, Capillary pipets, Alcohol swabs included",Bioline,,Test kit,25,70,1400.00,20,0.8,"Standard Diagnostics, Korea",TRUE,25,$648.95 ,2.31
"52,636",106-HT-T30,FPQ-12590,SCMS-210470,ASN-24370,Haiti,PMO - US,Direct Drop,EXW,Ocean,8/21/2013,10/24/2013,09-May-14,09-May-14,12-May-14,ARV,Pediatric,Aurobindo Pharma Limited,"Nevirapine 10mg/ml, oral suspension w/syringe, Bottle, 240 ml",Nevirapine,Generic,10mg/ml,Oral suspension,240,"2,040",3080.40,1.51,0.01,"Aurobindo Unit III, India",TRUE,820,"$2,214.69 ",3.81
"52,646",105-GY-T30,FPQ-8025,SCMS-116170,ASN-12905,Guyana,PMO - US,Direct Drop,FCA,Air,07-11-11,7/27/2011,30-Nov-11,30-Nov-11,30-Nov-11,ARV,Pediatric,ABBVIE LOGISTICS (FORMERLY ABBOTT LOGISTICS BV),"Lopinavir/Ritonavir 80/20mg/ml [Kaletra], oral solution, cool, Bottle 5 x 60 ml",Lopinavir/Ritonavir,Kaletra,80/20mg/ml,Oral solution,300,51,4192.20,82.2,0.27,ABBVIE (Abbott) Logis. UK,TRUE,99,"$1,454.81 ",6.92
"63,111",102-ML-T30,FPQ-13391,SCMS-221930,ASN-24507,Mali,PMO - US,Direct Drop,EXW,Air,12/16/2013,1/22/2014,19-Mar-14,19-Mar-14,24-Mar-14,HRDT,HIV test - Ancillary,"Orgenics, Ltd","HIV, Lancet, Safety, for HIV Test kits, 100 Pcs","HIV, Lancet, Safety, for HIV Test kits, 100 Pcs",Generic,,Test kit - Ancillary,100,153,765.00,5,0.05,"Alere Medical Co., Ltd.",FALSE,See ASN-24507 (ID#:53327),null,0.79
"52,677",114-UG-T30,FPQ-13116,SCMS-212630,ASN-23223,Uganda,PMO - US,Direct Drop,EXW,Air,10/23/2013,10/30/2013,04-Mar-14,04-Mar-14,05-Mar-14,ARV,Pediatric,ABBVIE LOGISTICS (FORMERLY ABBOTT LOGISTICS BV),"Lopinavir/Ritonavir 80/20mg/ml [Kaletra], oral solution, cool, Bottle 5 x 60 ml",Lopinavir/Ritonavir,Kaletra,80/20mg/ml,Oral solution,300,188,5794.16,30.82,0.1,ABBVIE (Abbott) Logis. UK,TRUE,221,"$2,553.06 ",5.96
"52,687",133-NG-T30,FPQ-14305,SCMS-240830,ASN-27468,Nigeria,PMO - US,Direct Drop,EXW,Air,5/16/2014,06-02-14,19-Aug-14,27-Aug-14,04-Sep-14,HRDT,HIV test,"Orgenics, Ltd","HIV 1/2, Determine Complete HIV Kit, 100 Tests","HIV 1/2, Determine Complete HIV Kit",Determine,,Test kit,100,"6,340",564260.00,89,0.89,"Alere Medical Co., Ltd.",TRUE,2571,"$37,297.95 ",580.06
"52,704",114-UG-T30,FPQ-4373,SCMS-58250,ASN-6151,Uganda,PMO - US,Direct Drop,EXW,Air,11/25/2009,12-02-09,09-Mar-10,09-Mar-10,09-Mar-10,ARV,Pediatric,EMCURE PHARMACEUTICALS LTD,"Atazanavir 150mg, capsules, 60 Caps",Atazanavir,Generic,150mg,Capsule,60,384,10018.56,26.09,0.43,"Emcure Plot No.P-2, I.T-B.T. Park, Phase II, MIDC, Hinjwadi, Pune, India",TRUE,40,$990.07 ,19.64
"17,245",101-CD-T30,FPQ-13548,SCMS-224840,ASN-24721,"Congo, DRC",PMO - US,Direct Drop,EXW,Air,1/22/2014,1/28/2014,04-Apr-14,04-Apr-14,28-Apr-14,HRDT,HIV test,"Trinity Biotech, Plc","HIV 1/2, Uni-Gold HIV Kit, 20 Tests","HIV 1/2, Uni-Gold HIV Kit",Uni-Gold,,Test kit,20,27,864.00,32,1.6,"Trinity Biotech, Plc",FALSE,See ASN-24721 (ID#:13708),null,0.89
"26,002",101-CD-T30,FPQ-13548,SCMS-224840,ASN-24721,"Congo, DRC",PMO - US,Direct Drop,EXW,Air,1/22/2014,1/28/2014,04-Apr-14,04-Apr-14,28-Apr-14,HRDT,HIV test,"Trinity Biotech, Plc","HIV 1/2, Uni-Gold HIV Kit, 20 Tests","HIV 1/2, Uni-Gold HIV Kit",Uni-Gold,,Test kit,20,17,544.00,32,1.6,"Trinity Biotech, Plc",FALSE,See ASN-24721 (ID#:13708),null,0.56
"52,736",105-GH-T30,FPQ-13872,SCMS-235800,ASN-26460,Ghana,PMO - US,Direct Drop,EXW,Air,3/24/2014,4/23/2014,17-Jul-14,17-Jul-14,17-Jul-14,ARV,Adult,STRIDES ARCOLAB LIMITED,"Efavirenz 600mg, tablets, 30 Tabs",Efavirenz,Generic,600mg,Tablet,30,"47,716",152214.04,3.19,0.11,"Strides, Bangalore, India.",TRUE,3077,"$22,734.92 ",156.48
"52,756",102-BI-T30,FPQ-9231,SCMS-141800,ASN-14660,Burundi,PMO - US,Direct Drop,EXW,Air,2/17/2012,04-09-12,05-Jun-12,05-Jun-12,05-Jun-12,HRDT,HIV test,"SHANGHAI KEHUA BIOENGINEERING CO.,LTD.  (KHB)","HIV 1/2, SKB Colloidal Gold, Diagnostic Kit, Antibody, 50 Tests","HIV 1/2, Colloidal Gold, Diagnostic Kit, Antibody",Colloidal Gold,,Test kit,1,23,563.50,24.5,24.5,"KHB Test Kit Facility, Shanghai China",TRUE,21,"$1,327.60 ",0.79
"52,793",105-GH-T30,FPQ-14667,SCMS-254770,ASN-30499,Ghana,PMO - US,Direct Drop,EXW,Air,08-11-14,9/25/2014,10-Apr-15,10-Apr-15,13-Apr-15,ARV,Pediatric,MYLAN LABORATORIES LTD (FORMERLY MATRIX LABORATORIES),"Lamivudine/Zidovudine 30/60mg, dispersible tablets, 60 Tabs",Lamivudine/Zidovudine,Generic,30/60mg,Chewable/dispersible tablet - FDC,60,"11,022",21933.78,1.99,0.03,"Mylan,  H-12 & H-13, India",TRUE,1976,"$12,580 ",22.55
"52,795",110-ZM-T30,FPQ-9074,SCMS-134350,ASN-13766,Zambia,PMO - US,Direct Drop,EXW,Air,12/22/2011,1/24/2012,05-Mar-12,05-Mar-12,05-Mar-12,ARV,Adult,Aurobindo Pharma Limited,"Emtricitabine/Tenofovir Disoproxil Fumarate 200/300mg, tablets, 30 Tabs",Emtricitabine/Tenofovir Disoproxil Fumarate,Generic,200/300mg,Tablet - FDC,30,"100,000",735000.00,7.35,0.24,"Aurobindo Unit III, India",TRUE,9389,"$51,294.87 ","1,030.47"
"52,799",105-DO-T30,FPQ-7858,SCMS-117390,ASN-12265,Dominican Republic,PMO - US,Direct Drop,EXW,Air,6/21/2011,08-04-11,07-Oct-11,07-Oct-11,07-Oct-11,HRDT,HIV test,"Orgenics, Ltd","HIV 1/2, Determine Complete HIV Kit, 100 Tests","HIV 1/2, Determine Complete HIV Kit",Determine,,Test kit,100,"1,000",92000.00,92,0.92,Inverness Japan,TRUE,399,"$8,776.57 ",151.8
"31,156",101-CD-T30,FPQ-13548,SCMS-224840,ASN-24721,"Congo, DRC",PMO - US,Direct Drop,EXW,Air,1/22/2014,1/28/2014,04-Apr-14,04-Apr-14,28-Apr-14,HRDT,HIV test,"Trinity Biotech, Plc","HIV 1/2, Uni-Gold HIV Kit, 20 Tests","HIV 1/2, Uni-Gold HIV Kit",Uni-Gold,,Test kit,20,2,64.00,32,1.6,"Trinity Biotech, Plc",FALSE,See ASN-24721 (ID#:13708),null,0.07
"52,837",133-NG-T30,FPQ-15504,SCMS-270771,ASN-32758,Nigeria,PMO - US,Direct Drop,EXW,Air,12-08-14,3/13/2015,30-Jun-15,26-Jun-15,02-Jul-15,HRDT,HIV test,"Orgenics, Ltd","HIV 1/2, Determine Complete HIV Kit, 100 Tests","HIV 1/2, Determine Complete HIV Kit",Determine,,Test kit,100,"4,657",414473.00,89,0.89,"Alere Medical Co., Ltd.",TRUE,2307,"$21,672.24 ",487.83
"45,648",101-CD-T30,FPQ-13548,SCMS-224840,ASN-24721,"Congo, DRC",PMO - US,Direct Drop,EXW,Air,1/22/2014,1/28/2014,04-Apr-14,04-Apr-14,28-Apr-14,HRDT,HIV test,"Trinity Biotech, Plc","HIV 1/2, Uni-Gold HIV Kit, 20 Tests","HIV 1/2, Uni-Gold HIV Kit",Uni-Gold,,Test kit,20,90,2880.00,32,1.6,"Trinity Biotech, Plc",FALSE,See ASN-24721 (ID#:13708),null,2.96
"48,958",101-CD-T30,FPQ-13548,SCMS-224840,ASN-24721,"Congo, DRC",PMO - US,Direct Drop,EXW,Air,1/22/2014,1/28/2014,04-Apr-14,04-Apr-14,28-Apr-14,HRDT,HIV test,"Trinity Biotech, Plc","HIV 1/2, Uni-Gold HIV Kit, 20 Tests","HIV 1/2, Uni-Gold HIV Kit",Uni-Gold,,Test kit,20,30,960.00,32,1.6,"Trinity Biotech, Plc",FALSE,See ASN-24721 (ID#:13708),null,0.99
"52,856",108-VN-T30,FPQ-4265,SCMS-57140,ASN-6264,Vietnam,PMO - US,Direct Drop,EXW,Air,10/20/2009,11/13/2009,17-Mar-10,17-Mar-10,17-Mar-10,ARV,Adult,Aurobindo Pharma Limited,"Stavudine 30mg, capsules, 60 Caps",Stavudine,Generic,30mg,Capsule,60,"24,612",35687.40,1.45,0.02,"Aurobindo Unit III, India",TRUE,4762,"$17,541.06 ",69.95
"52,871",161-ZA-T30,FPQ-5303,SCMS-68980,ASN-7663,South Africa,PMO - US,Direct Drop,DDP,Air,3/18/2010,3/19/2010,24-Aug-10,20-Sep-10,20-Sep-10,ARV,Adult,Aurobindo Pharma Limited,"Lamivudine 150mg, tablets, 60 Tabs",Lamivudine,Generic,150mg,Tablet,60,"33,711",85288.83,2.53,0.04,"Aurobindo Unit III, India",TRUE,1810,"$2,016.42 ",183.88
"52,945",106-HT-T30,FPQ-11442,SCMS-177161,ASN-19232,Haiti,PMO - US,Direct Drop,EXW,Ocean,1/30/2013,03-07-13,25-Jul-13,25-Jul-13,25-Jul-13,ARV,Adult,HETERO LABS LIMITED,"Lamivudine/Nevirapine/Zidovudine 150/200/300mg, tablets, 60 Tabs",Lamivudine/Nevirapine/Zidovudine,Generic,150/300/200mg,Tablet - FDC,60,"30,096",247088.16,8.21,0.14,Hetero Unit III Hyderabad IN,TRUE,4278,"$7,567.99 ",305.65
"52,963",901-CM-T30,FPQ-12837,SCMS-204300,ASN-21707,Cameroon,PMO - US,Direct Drop,EXW,Air,8/19/2013,8/23/2013,07-Nov-13,07-Nov-13,08-Nov-13,ARV,Adult,Aurobindo Pharma Limited,"Lamivudine/Tenofovir Disoproxil Fumarate 300/300mg, tablets, 30 Tabs",Lamivudine/Tenofovir Disoproxil Fumarate,Generic,300/300mg,Tablet - FDC,30,"32,426",150780.90,4.65,0.16,"Aurobindo Unit VII, IN",TRUE,3234,"$26,980.59 ",186.52
"67,449",101-CD-T30,FPQ-13548,SCMS-224840,ASN-24721,"Congo, DRC",PMO - US,Direct Drop,EXW,Air,1/22/2014,1/28/2014,04-Apr-14,04-Apr-14,28-Apr-14,HRDT,HIV test,"Trinity Biotech, Plc","HIV 1/2, Uni-Gold HIV Kit, 20 Tests","HIV 1/2, Uni-Gold HIV Kit",Uni-Gold,,Test kit,20,6,192.00,32,1.6,"Trinity Biotech, Plc",FALSE,See ASN-24721 (ID#:13708),null,0.2
"52,999",104-CI-T30,FPQ-5022,SCMS-64530,ASN-6101,Côte d'Ivoire,PMO - US,Direct Drop,EXW,Air,02-02-10,02-03-10,05-Mar-10,05-Mar-10,05-Mar-10,ARV,Adult,Aurobindo Pharma Limited,"Abacavir/Lamivudine 600/300mg, scored tablets, 30 Tabs",Abacavir/Lamivudine,Generic,600/300mg,Tablet - FDC,30,"1,461",29950.50,20.5,0.68,"Aurobindo Unit III, India",TRUE,154780,"$1,664.12 ",64.57
"53,002",107-RW-T30,FPQ-9910,SCMS-147040,ASN-15275,Rwanda,PMO - US,Direct Drop,EXW,Air,5/16/2012,06-01-12,29-Jun-12,29-Jun-12,29-Jun-12,ARV,Adult,Aurobindo Pharma Limited,"Didanosine 400mg, delayed-release capsules, 30 Caps",Didanosine,Generic,400mg,Delayed-release capsules,30,"1,467",29340.00,20,0.67,"Aurobindo Unit III, India",TRUE,114,"$4,822.01 ",41.13
"53,064",102-KE-T30,FPQ-6406,SCMS-88211,ASN-9550,Kenya,PMO - US,Direct Drop,EXW,Air,9/27/2010,11/22/2010,10-Feb-11,10-Feb-11,10-Feb-11,HRDT,HIV test,"Orgenics, Ltd","HIV 1/2, Determine Complete HIV Kit, 100 Tests","HIV 1/2, Determine Complete HIV Kit",Determine,,Test kit,100,1,89.00,89,0.89,Inverness Japan,TRUE,1370,"$14,515.01 ",0.19
"68,752",101-CD-T30,FPQ-13548,SCMS-224840,ASN-24721,"Congo, DRC",PMO - US,Direct Drop,EXW,Air,1/22/2014,1/28/2014,04-Apr-14,04-Apr-14,28-Apr-14,HRDT,HIV test,"Trinity Biotech, Plc","HIV 1/2, Uni-Gold HIV Kit, 20 Tests","HIV 1/2, Uni-Gold HIV Kit",Uni-Gold,,Test kit,20,7,224.00,32,1.6,"Trinity Biotech, Plc",FALSE,See ASN-24721 (ID#:13708),null,0.23
"53,108",107-RW-T30,FPQ-13651,SCMS-227730,ASN-24931,Rwanda,PMO - US,Direct Drop,EXW,Air,02-05-14,2/28/2014,04-Apr-14,04-Apr-14,22-Apr-14,ARV,Pediatric,MICRO LABS LIMITED,"Efavirenz 50mg, capsule, 30 Caps",Efavirenz,Generic,50mg,Capsule,30,924,1755.60,1.9,0.06,"Micro labs, Verna, Goa, India",TRUE,45,"$1,411.52 ",1.8
"53,226",109-TZ-T30,FPQ-6936,SCMS-100633,ASN-10902,Tanzania,PMO - US,Direct Drop,EXW,Air,12/27/2010,05-02-11,27-Jun-11,27-Jun-11,27-Jun-11,HRDT,HIV test,"Standard Diagnostics, Inc.","HIV 1/2, Bioline 3.0 Kit, Lancets, Capillary pipets, Alcohol swabs included, 25 Tests","HIV 1/2, Bioline 3.0 Kit, Lancets, Capillary pipets, Alcohol swabs included",Bioline,,Test kit,25,"10,000",200000.00,20,0.8,"Standard Diagnostics, Korea",TRUE,3334,"$23,489.63 ",330
"53,659",110-ZM-T30,FPQ-11390,SCMS-173920,ASN-19076,Zambia,PMO - US,Direct Drop,EXW,Air,01-08-13,1/23/2013,05-Jun-13,06-Jun-13,06-Jun-13,HRDT,HIV test,"Orgenics, Ltd","HIV 1/2, Determine Complete HIV Kit, 100 Tests","HIV 1/2, Determine Complete HIV Kit",Determine,,Test kit,100,"2,910",232800.00,80,0.8,"Alere Medical Co., Ltd.",TRUE,2910,"$21,684.99 ",287.97
"72,988",101-CD-T30,FPQ-13548,SCMS-224840,ASN-24721,"Congo, DRC",PMO - US,Direct Drop,EXW,Air,1/22/2014,1/28/2014,04-Apr-14,04-Apr-14,28-Apr-14,HRDT,HIV test,"Trinity Biotech, Plc","HIV 1/2, Uni-Gold HIV Kit, 20 Tests","HIV 1/2, Uni-Gold HIV Kit",Uni-Gold,,Test kit,20,34,1088.00,32,1.6,"Trinity Biotech, Plc",FALSE,See ASN-24721 (ID#:13708),null,1.12
"53,234",104-CI-T30,FPQ-11294,SCMS-173131,ASN-19636,Côte d'Ivoire,PMO - US,Direct Drop,EXW,Air,12/14/2012,1/15/2013,04-Jun-13,04-Jun-13,04-Jun-13,HRDT,HIV test,"Orgenics, Ltd","HIV 1/2, Determine Complete HIV Kit, 100 Tests","HIV 1/2, Determine Complete HIV Kit",Determine,,Test kit,100,"2,945",235600.00,80,0.8,"Alere Medical Co., Ltd.",TRUE,1280,$125.42 ,291.44
"75,181",101-CD-T30,FPQ-13548,SCMS-224840,ASN-24721,"Congo, DRC",PMO - US,Direct Drop,EXW,Air,1/22/2014,1/28/2014,04-Apr-14,04-Apr-14,28-Apr-14,HRDT,HIV test,"Trinity Biotech, Plc","HIV 1/2, Uni-Gold HIV Kit, 20 Tests","HIV 1/2, Uni-Gold HIV Kit",Uni-Gold,,Test kit,20,5,160.00,32,1.6,"Trinity Biotech, Plc",FALSE,See ASN-24721 (ID#:13708),null,0.16
"53,272",133-NG-T30,FPQ-12812,SCMS-210330,ASN-23441,Nigeria,PMO - US,Direct Drop,EXW,Air,8/13/2013,10/15/2013,24-Jan-14,24-Jan-14,05-Feb-14,HRDT,HIV test,"Trinity Biotech, Plc","HIV 1/2, Uni-Gold HIV Kit, 20 Tests","HIV 1/2, Uni-Gold HIV Kit",Uni-Gold,,Test kit,20,"31,842",1018944.00,32,1.6,"Trinity Biotech, Plc",TRUE,9312,"$77,833.24 ","1,260.43"
"53,281",109-TZ-T30,FPQ-7909,SCMS-115000,ASN-11742,Tanzania,PMO - US,Direct Drop,EXW,Air,6/24/2011,7/14/2011,05-Oct-11,05-Oct-11,05-Oct-11,HRDT,HIV test,"Trinity Biotech, Plc","HIV 1/2, Uni-Gold HIV Kit, 20 Tests","HIV 1/2, Uni-Gold HIV Kit",Uni-Gold,,Test kit,20,450,14400.00,32,1.6,"Trinity Biotech, Plc",TRUE,149,"$2,242.31 ",23.76
"53,292",102-KE-T30,FPQ-6406,SCMS-88211,ASN-9548,Kenya,PMO - US,Direct Drop,EXW,Air,9/27/2010,11/22/2010,10-Feb-11,10-Feb-11,10-Feb-11,HRDT,HIV test,"Orgenics, Ltd","HIV 1/2, Determine Complete HIV Kit, 100 Tests","HIV 1/2, Determine Complete HIV Kit",Determine,,Test kit,100,"2,849",253561.00,89,0.89,Inverness Japan,TRUE,783,"$9,162.21 ",546.68
"53,327",102-ML-T30,FPQ-13391,SCMS-221930,ASN-24507,Mali,PMO - US,Direct Drop,EXW,Air,12/16/2013,1/22/2014,19-Mar-14,19-Mar-14,24-Mar-14,HRDT,HIV test,"Orgenics, Ltd","HIV 1/2, Determine Complete HIV Kit, 100 Tests","HIV 1/2, Determine Complete HIV Kit",Determine,,Test kit,100,431,34480.00,80,0.8,"Alere Medical Co., Ltd.",TRUE,186,"$5,346.38 ",35.45
"53,338",161-ZA-T30,FPQ-6262,SCMS-83830,ASN-8795,South Africa,PMO - US,Direct Drop,DDP,Ocean,8/31/2010,9/24/2010,08-Dec-10,08-Dec-10,08-Dec-10,ARV,Adult,Aurobindo Pharma Limited,"Zidovudine 300mg, tablets, 60 Tabs",Zidovudine,Generic,300mg,Tablet,60,"77,143",565458.19,7.33,0.12,"Aurobindo Unit III, India",TRUE,3894,"$3,161.68 ","1,219.13"
"53,349",102-GY-T30,FPQ-9180,SCMS-139650,ASN-15044,Guyana,PMO - US,Direct Drop,EXW,Air,1/17/2012,04-09-12,18-Jun-12,18-Jun-12,18-Jun-12,HRDT,HIV test,"Orgenics, Ltd","HIV 1/2, Determine Complete HIV Kit, 100 Tests","HIV 1/2, Determine Complete HIV Kit",Determine,,Test kit,100,300,30000.00,100,1,"Alere Medical Co., Ltd.",TRUE,137,"$3,825.21 ",42.06
"53,371",110-ZM-T30,FPQ-8315,SCMS-120582,ASN-15743,Zambia,PMO - US,Direct Drop,EXW,Air,8/31/2011,9/19/2011,16-Aug-12,16-Aug-12,16-Aug-12,HRDT,HIV test,"Trinity Biotech, Plc","HIV 1/2, Uni-Gold HIV Kit, 20 Tests","HIV 1/2, Uni-Gold HIV Kit",Uni-Gold,,Test kit,20,"7,280",232960.00,32,1.6,"Trinity Biotech, Plc",TRUE,2391,"$25,818.23 ",384.38
"9,939",119-NA-T01,Pre-PQ Process,SCMS-28850,ASN-2513,Namibia,PMO - US,Direct Drop,EXW,Air,Pre-PQ Process,8/26/2008,25-Sep-08,25-Sep-08,25-Sep-08,HRDT,HIV test,"Orgenics, Ltd","HIV 1/2, Determine HIV Kit, without Lancets, 100 Tests","HIV 1/2, Determine HIV Kit, without Lancets",Determine,,Test kit,100,2,140.00,70,0.7,Inverness Japan,FALSE,See ASN-2513 (ID#:3360),null,0.22
"53,532",900-TZ-T30,FPQ-10396,SCMS-157661,ASN-17082,Tanzania,PMO - US,Direct Drop,EXW,Air,7/31/2012,10-04-12,07-Dec-12,07-Dec-12,07-Dec-12,HRDT,HIV test,"Orgenics, Ltd","HIV 1/2, Determine Complete HIV Kit, 100 Tests","HIV 1/2, Determine Complete HIV Kit",Determine,,Test kit,100,"2,744",219520.00,80,0.8,"Alere Medical Co., Ltd.",TRUE,1303,"$22,223.95 ",307.77
"53,556",109-TZ-T30,FPQ-12868,SCMS-205680,ASN-22152,Tanzania,PMO - US,Direct Drop,EXW,Air,8/23/2013,09-09-13,21-Nov-13,21-Nov-13,21-Nov-13,ARV,Adult,Aurobindo Pharma Limited,"Abacavir 300mg, tablets, 60 Tabs",Abacavir,Generic,300mg,Tablet,60,"19,000",216600.00,11.4,0.19,"Aurobindo Unit III, India",TRUE,1909,"$9,612.49 ",267.93
"53,560",133-NG-T30,FPQ-12456,SCMS-196561,ASN-22346,Nigeria,PMO - US,Direct Drop,EXW,Air,06-10-13,07-10-13,07-Nov-13,08-Nov-13,17-Nov-13,HRDT,HIV test,"Orgenics, Ltd","HIV 1/2, Determine Complete HIV Kit, 100 Tests","HIV 1/2, Determine Complete HIV Kit",Determine,,Test kit,100,"3,038",270382.00,89,0.89,"Alere Medical Co., Ltd.",TRUE,1234,"$21,084.84 ",334.46
"53,591",117-ET-T30,FPQ-9098,SCMS-133510,ASN-14558,Ethiopia,PMO - US,Direct Drop,EXW,Air,01-10-12,1/23/2012,25-Apr-12,25-Apr-12,25-Apr-12,HRDT,HIV test,"Trinity Biotech, Plc","HIV 1/2, Uni-Gold HIV Kit, 20 Tests","HIV 1/2, Uni-Gold HIV Kit",Uni-Gold,,Test kit,20,165,5280.00,32,1.6,"Trinity Biotech, Plc",TRUE,138,$794.72 ,7.4
"9,918",108-VN-T01,Pre-PQ Process,SCMS-26171,ASN-2515,Vietnam,PMO - US,Direct Drop,EXW,Air,Pre-PQ Process,07-01-08,25-Sep-08,25-Sep-08,25-Sep-08,ARV,Adult,Aurobindo Pharma Limited,"Lamivudine/Zidovudine 150/300mg, tablets, 60 Tabs",Lamivudine/Zidovudine,Generic,150/300mg,Tablet - FDC,60,"1,800",15498.00,8.61,0.14,"Aurobindo Unit III, India",FALSE,See ASN-2515 (ID#:4635),null,24.8
"53,618",161-ZA-T30,FPQ-7175,SCMS-103480,ASN-12823,South Africa,PMO - US,Direct Drop,DDP,Ocean,03-10-11,3/24/2011,04-Jan-12,04-Jan-12,04-Jan-12,ARV,Adult,Aurobindo Pharma Limited,"Abacavir 300mg, tablets, 60 Tabs",Abacavir,Generic,300mg,Tablet,60,"6,155",91894.15,14.93,0.25,"Aurobindo Unit III, India",TRUE,590,$146.50 ,151.63
"53,625",114-UG-T30,FPQ-8498,SCMS-126380,ASN-13697,Uganda,PMO - US,Direct Drop,CIP,Air,10/18/2011,11-02-11,14-Feb-12,14-Feb-12,14-Feb-12,ARV,Adult,MERCK SHARP & DOHME IDEA GMBH (FORMALLY MERCK SHARP & DOHME B.V.),"Raltegravir 400mg [Isentress], tablets, 60 Tabs",Raltegravir,Isentress,400mg,Tablet,60,231,21136.50,91.5,1.52,"MSD, Haarlem, NL",TRUE,23,$250 ,34.88
"23,211",109-TZ-T30,FPQ-13927,SCMS-233190,ASN-25567,Tanzania,PMO - US,Direct Drop,EXW,Ocean,3/21/2014,3/31/2014,27-May-14,27-May-14,12-Jun-14,ARV,Adult,MYLAN LABORATORIES LTD (FORMERLY MATRIX LABORATORIES),"Efavirenz/Emtricitabine/Tenofovir Disoproxil Fumarate 600/200/300mg, tablets, 30 Tabs",Efavirenz/Emtricitabine/Tenofovir Disoproxil Fumarate,Generic,600/200/300mg,Tablet - FDC,30,"35,000",410900.00,11.74,0.39,Mylan (formerly Matrix) Nashik,FALSE,See ASN-25567 (ID#:21563),null,422.41
"53,665",104-CI-T30,FPQ-13629,SCMS-228900,ASN-25499,Côte d'Ivoire,PMO - US,Direct Drop,FCA,Air,1/31/2014,03-03-14,16-Apr-14,16-Apr-14,29-Apr-14,ARV,Pediatric,ABBVIE LOGISTICS (FORMERLY ABBOTT LOGISTICS BV),"Lopinavir/Ritonavir 80/20mg/ml [Kaletra], oral solution, cool, Bottle 5 x 60 ml",Lopinavir/Ritonavir,Kaletra,80/20mg/ml,Oral solution,300,600,18492.00,30.82,0.1,ABBVIE (Abbott) Logis. UK,TRUE,554,"$5,848.39 ",19.01
"53,675",161-ZA-T30,FPQ-7175,SCMS-103810,ASN-12497,South Africa,PMO - US,Direct Drop,DDP,Ocean,03-10-11,3/28/2011,07-Dec-11,07-Dec-11,07-Dec-11,ARV,Pediatric,CIPLA LIMITED,"Lamivudine 10mg/ml, oral solution, Bottle, 240 ml",Lamivudine,Generic,10mg/ml,Oral solution,240,"9,960",20517.60,2.06,0.01,"Cipla, Goa, India",TRUE,3670,"$9,021.50 ",33.85
"47,400",113-ZW-T30,FPQ-13669,SCMS-225830,ASN-26283,Zimbabwe,PMO - US,Direct Drop,EXW,Air,02-03-14,02-12-14,18-Jun-14,18-Jun-14,25-Jun-14,HRDT,HIV test - Ancillary,"Orgenics, Ltd","Chase Buffer, Determine, 100 Tests, 2.5ml x 1 Vial","Chase Buffer, Determine, 100 Tests, 2.5ml x 1 Vial",Determine,,Test kit - Ancillary,1,"3,939",19695.00,5,5,"Alere Medical Co., Ltd.",FALSE,See ASN-26283 (ID#:46875),null,20.25
"53,691",104-CI-T30,FPQ-13602,SCMS-228060,ASN-28330,Côte d'Ivoire,PMO - US,Direct Drop,EXW,Air,1/22/2014,2/26/2014,07-Oct-14,07-Oct-14,09-Oct-14,HRDT,HIV test,"Orgenics, Ltd","HIV 1/2, Determine Complete HIV Kit, 100 Tests","HIV 1/2, Determine Complete HIV Kit",Determine,,Test kit,100,"1,470",117600.00,80,0.8,"Alere Medical Co., Ltd.",TRUE,595,"$7,651.46 ",120.89
"3,313",110-ZM-T01,Pre-PQ Process,SCMS-27790,ASN-2641,Zambia,PMO - US,Direct Drop,EXW,Air,Pre-PQ Process,7/31/2008,20-Oct-08,20-Oct-08,20-Oct-08,HRDT,HIV test - Ancillary,"Orgenics, Ltd","HIV, Lancet, Safety, for HIV Test kits, 100 Pcs","HIV, Lancet, Safety, for HIV Test kits, 100 Pcs",Generic,10mg+ml+/,Test kit - Ancillary,100,"4,500",45.00,0.01,0,Inverness Japan,FALSE,See ASN-2641 (ID#:670),null,0.09
"53,759",108-VN-T30,FPQ-15087,SCMS-261440,ASN-30320,Vietnam,PMO - US,Direct Drop,EXW,Air,10/24/2014,10/30/2014,10-Mar-15,10-Mar-15,10-Mar-15,ARV,Adult,HETERO LABS LIMITED,"Lamivudine 150mg, tablets, 60 Tabs",Lamivudine,Generic,150mg,Tablet,60,"5,600",10080.00,1.8,0.03,Hetero Unit III Hyderabad IN,TRUE,606,"$1,328.13 ",11.86
"53,775",110-ZM-T30,FPQ-8315,SCMS-120570,ASN-13031,Zambia,PMO - US,Direct Drop,EXW,Air,8/31/2011,9/22/2011,20-Dec-11,20-Dec-11,20-Dec-11,HRDT,HIV test,"Orgenics, Ltd","HIV 1/2, Determine Complete HIV Kit, 100 Tests","HIV 1/2, Determine Complete HIV Kit",Determine,,Test kit,100,"2,884",230720.00,80,0.8,"Alere Medical Co., Ltd.",TRUE,1374,"$25,052.44 ",380.69
"53,822",102-GY-T30,FPQ-5496,SCMS-71610,ASN-8225,Guyana,PMO - US,Direct Drop,EXW,Air,4/15/2010,6/21/2010,06-Oct-10,06-Oct-10,06-Oct-10,HRDT,HIV test,"Trinity Biotech, Plc","HIV 1/2, Uni-Gold HIV Kit, 20 Tests","HIV 1/2, Uni-Gold HIV Kit",Uni-Gold,,Test kit,20,"1,686",53952.00,32,1.6,"Trinity Biotech, Plc",TRUE,564,"$5,806.53 ",116.32
"59,244",106-HT-T30,FPQ-13797,SCMS-233940,ASN-26454,Haiti,PMO - US,Direct Drop,EXW,Air,3/20/2014,4/29/2014,14-Jul-14,14-Jul-14,16-Jul-14,ARV,Pediatric,Aurobindo Pharma Limited,"Nevirapine 50mg, dispersible tablets (tablets for oral suspension), 30 Tabs",Nevirapine,Generic,50mg,Chewable/dispersible tablet,30,400,500.00,1.25,0.04,"Aurobindo Unit III, India",FALSE,See ASN-26454 (ID#:15994),null,0.51
"53,877",117-ET-T30,FPQ-7065,SCMS-98700,ASN-11275,Ethiopia,PMO - US,Direct Drop,EXW,Ocean,1/26/2011,2/15/2011,21-Sep-11,21-Sep-11,21-Sep-11,ARV,Adult,Aurobindo Pharma Limited,"Lopinavir/Ritonavir 200/50mg, tablets, 120 Tabs",Lopinavir/Ritonavir,Generic,200/50mg,Tablet,120,"13,703",460420.80,33.6,0.28,"Aurobindo Unit III, India",TRUE,3476,"$11,729.82 ",759.69
"36,443",106-HT-T30,FPQ-14083,SCMS-240220,ASN-26559,Haiti,PMO - US,Direct Drop,EXW,Air,05-11-14,06-02-14,18-Jul-14,18-Jul-14,31-Jul-14,ARV,Pediatric,Aurobindo Pharma Limited,"Nevirapine 50mg, dispersible tablets (tablets for oral suspension), 30 Tabs",Nevirapine,Generic,50mg,Chewable/dispersible tablet,30,"2,438",3047.50,1.25,0.04,"Aurobindo Unit III, India",FALSE,See ASN-26559 (ID#:15240),null,3.13
"7,321",111-MZ-T01,Pre-PQ Process,SCMS-28730,ASN-2658,Mozambique,PMO - US,Direct Drop,EXW,Air,Pre-PQ Process,8/26/2008,01-Nov-08,01-Nov-08,01-Nov-08,HRDT,HIV test,"Orgenics, Ltd","HIV 1/2, Determine HIV Kit, without Lancets, 100 Tests","HIV 1/2, Determine HIV Kit, without Lancets",Determine,10mg+ml+/,Test kit,100,"7,690",553603.10,71.99,0.72,Inverness Japan,FALSE,See ASN-2658 (ID#:4650),null,"1,085.06"
"64,832",101-CD-T30,FPQ-14100,SCMS-239710,ASN-26736,"Congo, DRC",PMO - US,Direct Drop,EXW,Air,4/23/2014,5/20/2014,11-Aug-14,11-Aug-14,27-Aug-14,HRDT,HIV test - Ancillary,"Orgenics, Ltd","Chase Buffer, Determine, 100 Tests, 2.5ml x 1 Vial","Chase Buffer, Determine, 100 Tests, 2.5ml x 1 Vial",Determine,,Test kit - Ancillary,1,"3,438",17190.00,5,5,"Alere Medical Co., Ltd.",FALSE,See ASN-26736 (ID#:64603),null,17.67
"18,392",101-CD-T30,FPQ-14100,SCMS-239410,ASN-26738,"Congo, DRC",PMO - US,Direct Drop,EXW,Air,4/23/2014,5/20/2014,05-Sep-14,05-Sep-14,16-Sep-14,HRDT,HIV test,"Trinity Biotech, Plc","HIV 1/2, Uni-Gold HIV Kit, 20 Tests","HIV 1/2, Uni-Gold HIV Kit",Uni-Gold,,Test kit,20,17,544.00,32,1.6,"Trinity Biotech, Plc",FALSE,See ASN-26738 (ID#:15115),null,0.56
"32,059",101-CD-T30,FPQ-14100,SCMS-239410,ASN-26738,"Congo, DRC",PMO - US,Direct Drop,EXW,Air,4/23/2014,5/20/2014,05-Sep-14,05-Sep-14,16-Sep-14,HRDT,HIV test,"Trinity Biotech, Plc","HIV 1/2, Uni-Gold HIV Kit, 20 Tests","HIV 1/2, Uni-Gold HIV Kit",Uni-Gold,,Test kit,20,30,960.00,32,1.6,"Trinity Biotech, Plc",FALSE,See ASN-26738 (ID#:15115),null,0.99
"34,505",101-CD-T30,FPQ-14100,SCMS-239410,ASN-26738,"Congo, DRC",PMO - US,Direct Drop,EXW,Air,4/23/2014,5/20/2014,05-Sep-14,05-Sep-14,16-Sep-14,HRDT,HIV test,"Trinity Biotech, Plc","HIV 1/2, Uni-Gold HIV Kit, 20 Tests","HIV 1/2, Uni-Gold HIV Kit",Uni-Gold,,Test kit,20,5,160.00,32,1.6,"Trinity Biotech, Plc",FALSE,See ASN-26738 (ID#:15115),null,0.16
"43,827",101-CD-T30,FPQ-14100,SCMS-239410,ASN-26738,"Congo, DRC",PMO - US,Direct Drop,EXW,Air,4/23/2014,5/20/2014,05-Sep-14,05-Sep-14,16-Sep-14,HRDT,HIV test,"Trinity Biotech, Plc","HIV 1/2, Uni-Gold HIV Kit, 20 Tests","HIV 1/2, Uni-Gold HIV Kit",Uni-Gold,,Test kit,20,6,192.00,32,1.6,"Trinity Biotech, Plc",FALSE,See ASN-26738 (ID#:15115),null,0.2
"53,997",151-NG-T30,FPQ-9984,SCMS-150370,ASN-17272,Nigeria,PMO - US,Direct Drop,EXW,Air,06-11-12,6/26/2012,12-Dec-12,12-Dec-12,12-Dec-12,ARV,Adult,MYLAN LABORATORIES LTD (FORMERLY MATRIX LABORATORIES),"Atazanavir/Ritonavir 300/100mg, tablets, 30 Tabs",Atazanavir/Ritonavir,Generic,300/100mg,Tablet,30,"37,927",853357.50,22.5,0.75,Mylan (formerly Matrix) Nashik,TRUE,5059,"$25,732.17 ","1,196.41"
"54,019",100-ZM-T30,FPQ-12546,SCMS-201860,ASN-21891,Zambia,PMO - US,Direct Drop,EXW,Ocean,6/27/2013,8/19/2013,25-Feb-14,25-Feb-14,25-Feb-14,ARV,Adult,Aurobindo Pharma Limited,"Efavirenz/Emtricitabine/Tenofovir Disoproxil Fumarate 600/200/300mg, tablets, 30 Tabs",Efavirenz/Emtricitabine/Tenofovir Disoproxil Fumarate,Generic,600/200/300mg,Tablet - FDC,30,"77,654",916317.20,11.8,0.39,"Aurobindo Unit VII, IN",TRUE,8725,"$54,417.75 ","1,133.48"
"54,035",106-HT-T30,FPQ-9621,SCMS-147150,ASN-16343,Haiti,PMO - US,Direct Drop,EXW,Air,4/20/2012,08-03-12,04-Oct-12,04-Oct-12,04-Oct-12,ARV,Adult,Aurobindo Pharma Limited,"Didanosine 400mg, delayed-release capsules, 30 Caps",Didanosine,Generic,400mg,Delayed-release capsules,30,48,960.00,20,0.67,"Aurobindo Unit III, India",TRUE,4,$970.79 ,1.35
"54,045",108-VN-T30,FPQ-5094,SCMS-68700,ASN-7337,Vietnam,PMO - US,Direct Drop,FCA,Air,3/15/2010,3/31/2010,02-Aug-10,02-Aug-10,02-Aug-10,ARV,Adult,ABBVIE LOGISTICS (FORMERLY ABBOTT LOGISTICS BV),"Ritonavir 100mg [Norvir], capsules, cool, 4 x 84 Caps",Ritonavir,Norvir,100mg,Capsule,336,20,6137.60,306.88,0.91,ABBVIE (Abbott) Logis. UK,TRUE,57,"$5,795.92 ",13.23
"52,436",101-CD-T30,FPQ-14100,SCMS-239410,ASN-26738,"Congo, DRC",PMO - US,Direct Drop,EXW,Air,4/23/2014,5/20/2014,05-Sep-14,05-Sep-14,16-Sep-14,HRDT,HIV test,"Trinity Biotech, Plc","HIV 1/2, Uni-Gold HIV Kit, 20 Tests","HIV 1/2, Uni-Gold HIV Kit",Uni-Gold,,Test kit,20,2,64.00,32,1.6,"Trinity Biotech, Plc",FALSE,See ASN-26738 (ID#:15115),null,0.07
"54,100",108-VN-T30,FPQ-15292,SCMS-268450,ASN-30674,Vietnam,PMO - US,Direct Drop,FCA,Air,12-05-14,12/18/2014,31-Mar-15,31-Mar-15,31-Mar-15,ARV,Adult,ABBVIE LOGISTICS (FORMERLY ABBOTT LOGISTICS BV),"Lopinavir/Ritonavir 200/50mg [Aluvia], tablets, 120 Tabs",Lopinavir/Ritonavir,Aluvia,200/50mg,Tablet,120,"9,000",547200.00,60.8,0.51,ABBVIE Ludwigshafen Germany,TRUE,2235,"$5,134.12 ",644.05
"54,150",161-ZA-T30,FPQ-5303,SCMS-68860,ASN-6886,South Africa,PMO - US,Direct Drop,DDP,Air,3/18/2010,3/19/2010,01-Jun-10,04-Jun-10,04-Jun-10,ARV,Adult,Aurobindo Pharma Limited,"Efavirenz 600mg, tablets, 30 Tabs",Efavirenz,Generic,600mg,Tablet,30,"54,000",252180.00,4.67,0.16,"Aurobindo Unit III, India",TRUE,4568,"$6,105.79 ",543.7
"54,180",108-VN-T30,FPQ-4081,SCMS-51480,ASN-4802,Vietnam,PMO - US,Direct Drop,FCA,Air,08-10-09,08-12-09,01-Oct-09,01-Oct-09,01-Oct-09,ARV,Adult,ABBVIE LOGISTICS (FORMERLY ABBOTT LOGISTICS BV),"Lopinavir/Ritonavir 200/50mg [Aluvia], tablets, 120 Tabs",Lopinavir/Ritonavir,Aluvia,200/50mg,Tablet,120,"1,400",115080.00,82.2,0.68,ABBVIE Ludwigshafen Germany,TRUE,209,$954.38 ,225.56
"54,208",108-VN-T30,FPQ-9001,SCMS-131720,ASN-15177,Vietnam,PMO - US,Direct Drop,FCA,Air,12/15/2011,1/13/2012,20-Jun-12,20-Jun-12,20-Jun-12,ARV,Pediatric,LAWRENCE LABORATORIES (SUBSIDIARY OF BRISTOL MYERS SQUIBB),"Didanosine 25mg [Videx], chewable tablets, 60 Tabs",Didanosine,Videx,25mg,Chewable/dispersible tablet,60,300,2100.00,7,0.12,Bristol-Myers Squibb Anagni IT,TRUE,81,$541.75 ,2.94
"54,243",901-NA-T30,FPQ-14728,SCMS-252620,ASN-27961,Namibia,PMO - US,Direct Drop,EXW,Air,7/30/2014,8/19/2014,29-Sep-14,29-Sep-14,30-Sep-14,ARV,Adult,MYLAN LABORATORIES LTD (FORMERLY MATRIX LABORATORIES),"Efavirenz/Emtricitabine/Tenofovir Disoproxil Fumarate 600/200/300mg, tablets, 30 Tabs",Efavirenz/Emtricitabine/Tenofovir Disoproxil Fumarate,Generic,600/200/300mg,Tablet - FDC,30,"36,000",378000.00,10.5,0.35,"Mylan,  H-12 & H-13, India",TRUE,4171,"$20,371.77 ",388.58
"58,677",101-CD-T30,FPQ-14100,SCMS-239410,ASN-26738,"Congo, DRC",PMO - US,Direct Drop,EXW,Air,4/23/2014,5/20/2014,05-Sep-14,05-Sep-14,16-Sep-14,HRDT,HIV test,"Trinity Biotech, Plc","HIV 1/2, Uni-Gold HIV Kit, 20 Tests","HIV 1/2, Uni-Gold HIV Kit",Uni-Gold,,Test kit,20,7,224.00,32,1.6,"Trinity Biotech, Plc",FALSE,See ASN-26738 (ID#:15115),null,0.23
"54,248",161-ZA-T30,FPQ-6262,SCMS-91340,ASN-10011,South Africa,PMO - US,Direct Drop,DDP,Air,8/31/2010,11/19/2010,09-Feb-11,17-Mar-11,17-Mar-11,ARV,Pediatric,ASPEN PHARMACARE,"Abacavir 20mg/ml [Ziagen], oral solution, Bottle, 240 ml",Abacavir,Ziagen,20mg/ml,Oral solution,240,"12,000",120240.00,10.02,0.04,GSK Mississauga (Canada),TRUE,Weight Captured Separately,"$12,474.06 ",259.24
"54,251",105-GY-T30,FPQ-10268,SCMS-154470,ASN-16561,Guyana,PMO - US,Direct Drop,EXW,Air,7/16/2012,7/27/2012,19-Oct-12,19-Oct-12,19-Oct-12,ARV,Adult,Aurobindo Pharma Limited,"Lopinavir/Ritonavir 200/50mg, tablets, 120 Tabs",Lopinavir/Ritonavir,Generic,200/50mg,Tablet,120,954,22896.00,24,0.2,"Aurobindo Unit III, India",TRUE,243,"$2,492.47 ",32.1
"61,518",101-CD-T30,FPQ-14100,SCMS-239410,ASN-26738,"Congo, DRC",PMO - US,Direct Drop,EXW,Air,4/23/2014,5/20/2014,05-Sep-14,05-Sep-14,16-Sep-14,HRDT,HIV test,"Trinity Biotech, Plc","HIV 1/2, Uni-Gold HIV Kit, 20 Tests","HIV 1/2, Uni-Gold HIV Kit",Uni-Gold,,Test kit,20,65,2080.00,32,1.6,"Trinity Biotech, Plc",FALSE,See ASN-26738 (ID#:15115),null,2.14
"54,271",106-HT-T30,FPQ-6485,SCMS-89560,ASN-9086,Haiti,PMO - US,Direct Drop,EXW,Air,10-07-10,11-01-10,21-Dec-10,21-Dec-10,21-Dec-10,HRDT,HIV test,"Orgenics, Ltd","HIV 1/2, Determine HIV Kit, without Lancets, 100 Tests","HIV 1/2, Determine HIV Kit, without Lancets",Determine,,Test kit,100,"2,500",244200.00,97.68,0.98,Inverness Japan,TRUE,568,"$5,631.87 ",526.5
"54,280",104-CI-T30,FPQ-15618,SCMS-272190,ASN-31869,Côte d'Ivoire,PMO - US,Direct Drop,EXW,Air,12/17/2014,3/13/2015,20-May-15,20-May-15,20-May-15,HRDT,HIV test,"Orgenics, Ltd","HIV 1/2, Determine Complete HIV Kit, 100 Tests","HIV 1/2, Determine Complete HIV Kit",Determine,,Test kit,100,"5,750",460000.00,80,0.8,"Alere Medical Co., Ltd.",TRUE,3374,"$24,821.13 ",541.42
"54,296",161-ZA-T30,FPQ-5648,SCMS-75750,ASN-9197,South Africa,PMO - US,Direct Drop,DDP,Ocean,06-02-10,6/17/2010,01-Feb-11,01-Feb-11,01-Feb-11,ARV,Adult,Aurobindo Pharma Limited,"Efavirenz 600mg, tablets, 30 Tabs",Efavirenz,Generic,600mg,Tablet,30,"32,083",144694.33,4.51,0.15,"Aurobindo Unit III, India",TRUE,2808,$630.50 ,311.96
"54,304",111-MZ-T30,FPQ-10606,SCMS-162150,ASN-16937,Mozambique,PMO - US,Direct Drop,EXW,Air,09-12-12,10-10-12,24-Dec-12,24-Dec-12,24-Dec-12,HRDT,HIV test,"Trinity Biotech, Plc","HIV 1/2, Uni-Gold HIV Kit, 20 Tests","HIV 1/2, Uni-Gold HIV Kit",Uni-Gold,,Test kit,20,23,736.00,32,1.6,"Trinity Biotech, Plc",TRUE,8,$558.46 ,1.03
"63,576",101-CD-T30,FPQ-14100,SCMS-239410,ASN-26738,"Congo, DRC",PMO - US,Direct Drop,EXW,Air,4/23/2014,5/20/2014,05-Sep-14,05-Sep-14,16-Sep-14,HRDT,HIV test,"Trinity Biotech, Plc","HIV 1/2, Uni-Gold HIV Kit, 20 Tests","HIV 1/2, Uni-Gold HIV Kit",Uni-Gold,,Test kit,20,90,2880.00,32,1.6,"Trinity Biotech, Plc",FALSE,See ASN-26738 (ID#:15115),null,2.96
"54,348",109-TZ-T30,FPQ-10619,SCMS-161830,ASN-17463,Tanzania,PMO - US,Direct Drop,EXW,Air,9/13/2012,10-04-12,31-Dec-12,31-Dec-12,31-Dec-12,HRDT,HIV test,"Orgenics, Ltd","HIV 1/2, Determine Complete HIV Kit, 100 Tests","HIV 1/2, Determine Complete HIV Kit",Determine,,Test kit,100,"1,568",125440.00,80,0.8,"Alere Medical Co., Ltd.",TRUE,678,"$12,950.74 ",175.87
"64,913",101-CD-T30,FPQ-14100,SCMS-239410,ASN-26738,"Congo, DRC",PMO - US,Direct Drop,EXW,Air,4/23/2014,5/20/2014,05-Sep-14,05-Sep-14,16-Sep-14,HRDT,HIV test,"Trinity Biotech, Plc","HIV 1/2, Uni-Gold HIV Kit, 20 Tests","HIV 1/2, Uni-Gold HIV Kit",Uni-Gold,,Test kit,20,32,1024.00,32,1.6,"Trinity Biotech, Plc",FALSE,See ASN-26738 (ID#:15115),null,1.05
"54,440",161-ZA-T30,FPQ-5303,SCMS-68750,ASN-8175,South Africa,PMO - US,Direct Drop,DDP,Air,3/18/2010,3/19/2010,13-Oct-10,13-Oct-10,13-Oct-10,ARV,Adult,CIPLA LIMITED,"Tenofovir Disoproxil Fumarate 300mg, tablets, 30 Tabs",Tenofovir Disoproxil Fumarate,Generic,300mg,Tablet,30,"72,558",567403.56,7.82,0.26,"Cipla, Goa, India",TRUE,4942,"$3,646.13 ","1,223.32"
"71,594",101-CD-T30,FPQ-14100,SCMS-239410,ASN-26738,"Congo, DRC",PMO - US,Direct Drop,EXW,Air,4/23/2014,5/20/2014,05-Sep-14,05-Sep-14,16-Sep-14,HRDT,HIV test,"Trinity Biotech, Plc","HIV 1/2, Uni-Gold HIV Kit, 20 Tests","HIV 1/2, Uni-Gold HIV Kit",Uni-Gold,,Test kit,20,27,864.00,32,1.6,"Trinity Biotech, Plc",FALSE,See ASN-26738 (ID#:15115),null,0.89
"54,465",111-MZ-T30,FPQ-10880,SCMS-164000,ASN-18531,Mozambique,PMO - US,Direct Drop,EXW,Air,10/18/2012,11-06-12,20-Mar-13,20-Mar-13,20-Mar-13,HRDT,HIV test,"Orgenics, Ltd","HIV 1/2, Determine Complete HIV Kit, 100 Tests","HIV 1/2, Determine Complete HIV Kit",Determine,,Test kit,100,"2,928",234240.00,80,0.8,"Alere Medical Co., Ltd.",TRUE,1325,"$13,303.36 ",289.75
"77,546",106-HT-T30,FPQ-14083,SCMS-240190,ASN-26906,Haiti,PMO - US,Direct Drop,EXW,Ocean,05-11-14,06-02-14,20-Oct-14,20-Oct-14,24-Oct-14,ARV,Pediatric,Aurobindo Pharma Limited,"Lamivudine 10mg/ml, oral solution, Bottle, 240 ml",Lamivudine,Generic,10mg/ml,Oral solution,240,"1,650",2359.50,1.43,0.01,"Aurobindo Unit III, India",FALSE,See ASN-26906 (ID#:33218),null,2.43
"54,487",111-MZ-T30,FPQ-13093,SCMS-211561,ASN-25197,Mozambique,PMO - US,Direct Drop,EXW,Air,10/15/2013,11/13/2013,02-May-14,30-May-14,30-May-14,HRDT,HIV test,"Orgenics, Ltd","HIV 1/2, Determine Complete HIV Kit, 100 Tests","HIV 1/2, Determine Complete HIV Kit",Determine,,Test kit,100,"5,102",408160.00,80,0.8,"Alere Medical Co., Ltd.",TRUE,3543,"$13,789.73 ",419.59
"54,501",109-TZ-T30,FPQ-13675,SCMS-225870,ASN-25988,Tanzania,PMO - US,Direct Drop,EXW,Air,02-03-14,03-05-14,15-Jul-14,15-Jul-14,12-Aug-14,HRDT,HIV test,"Orgenics, Ltd","HIV 1/2, Determine Complete HIV Kit, 100 Tests","HIV 1/2, Determine Complete HIV Kit",Determine,,Test kit,100,350,28000.00,80,0.8,"Alere Medical Co., Ltd.",TRUE,144,"$2,631.39 ",28.78
"27,460",108-VN-T30,FPQ-13524,SCMS-226220,ASN-26923,Vietnam,PMO - US,Direct Drop,EXW,Air,02-06-14,03-10-14,29-Jul-14,29-Jul-14,06-Aug-14,ARV,Adult,HETERO LABS LIMITED,"Abacavir 300mg, tablets, 60 Tabs",Abacavir,Generic,300mg,Tablet,60,"1,600",18320.00,11.45,0.19,Hetero Unit III Hyderabad IN,FALSE,See ASN-26923 (ID#:13027),null,18.83
"42,870",108-VN-T30,FPQ-13524,SCMS-226220,ASN-26923,Vietnam,PMO - US,Direct Drop,EXW,Air,02-06-14,03-10-14,29-Jul-14,29-Jul-14,06-Aug-14,ARV,Adult,HETERO LABS LIMITED,"Lamivudine 150mg, tablets, 60 Tabs",Lamivudine,Generic,150mg,Tablet,60,"6,400",11840.00,1.85,0.03,Hetero Unit III Hyderabad IN,FALSE,See ASN-26923 (ID#:13027),null,12.17
"54,536",151-NG-T30,FPQ-4574,SCMS-59990,ASN-6679,Nigeria,PMO - US,Direct Drop,FCA,Air,11/19/2009,12/22/2009,21-May-10,21-May-10,21-May-10,ARV,Adult,Hoffmann-La Roche ltd Basel,"Saquinavir 200mg [Invirase], capsules, 270 Caps",Saquinavir,Invirase,200mg,Capsule,270,11,1062.30,96.57,0.36,Roche Basel,TRUE,6,"$2,502.05 ",2.29
"54,542",108-VN-T30,FPQ-13524,SCMS-226200,ASN-25786,Vietnam,PMO - US,Direct Drop,EXW,Air,02-06-14,03-10-14,06-Jun-14,06-Jun-14,07-Jun-14,ARV,Adult,Aurobindo Pharma Limited,"Nevirapine 200mg, tablets, 60 Tabs",Nevirapine,Generic,200mg,Tablet,60,"6,600",14850.00,2.25,0.04,"Aurobindo Unit III, India",TRUE,657,"$1,192.25 ",15.27
"54,545",161-ZA-T30,FPQ-5303,SCMS-68950,ASN-7077,South Africa,PMO - US,Direct Drop,DDP,Air,3/18/2010,3/19/2010,09-Jun-10,09-Jun-10,09-Jun-10,ARV,Adult,Aurobindo Pharma Limited,"Nevirapine 200mg, tablets, 60 Tabs",Nevirapine,Generic,200mg,Tablet,60,"38,400",112128.00,2.92,0.05,"Aurobindo Unit III, India",TRUE,4528,"$6,369.79 ",241.75
"54,562",102-KE-T30,FPQ-6116,SCMS-80830,ASN-7826,Kenya,PMO - US,Direct Drop,EXW,Air,7/23/2010,08-04-10,20-Sep-10,20-Sep-10,20-Sep-10,HRDT,HIV test,"Trinity Biotech, Plc","HIV 1/2, Uni-Gold HIV Kit, 20 Tests","HIV 1/2, Uni-Gold HIV Kit",Uni-Gold,,Test kit,20,"1,515",48480.00,32,1.6,"Trinity Biotech, Plc",TRUE,518,"$4,851 ",104.52
"59,448",108-VN-T30,FPQ-13524,SCMS-226220,ASN-26923,Vietnam,PMO - US,Direct Drop,EXW,Air,02-06-14,03-10-14,29-Jul-14,29-Jul-14,06-Aug-14,ARV,Adult,HETERO LABS LIMITED,"Tenofovir Disoproxil Fumarate 300mg, tablets, 30 Tabs",Tenofovir Disoproxil Fumarate,Generic,300mg,Tablet,30,"10,700",37985.00,3.55,0.12,Hetero Unit III Hyderabad IN,FALSE,See ASN-26923 (ID#:13027),null,39.05
"54,635",104-CI-T30,FPQ-8366,SCMS-124290,ASN-13788,Côte d'Ivoire,PMO - US,Direct Drop,EXW,Air,09-05-11,10-10-11,09-Mar-12,09-Mar-12,09-Mar-12,ARV,Adult,MYLAN LABORATORIES LTD (FORMERLY MATRIX LABORATORIES),"Abacavir/Lamivudine/Zidovudine 300/150/300mg, tablets, 60 Tabs",Abacavir/Lamivudine/Zidovudine,Generic,300/150/300mg,Tablet - FDC,60,"2,080",58240.00,28,0.47,Mylan (formerly Matrix) Nashik,TRUE,316,"$3,095.28 ",96.1
"54,661",102-MW-T30,FPQ-12745,SCMS-203140,ASN-22167,Malawi,PMO - US,Direct Drop,EXW,Air,08-01-13,09-04-13,30-Oct-13,30-Oct-13,14-Nov-13,HRDT,HIV test,"Orgenics, Ltd","HIV 1/2, Determine Complete HIV Kit, 100 Tests","HIV 1/2, Determine Complete HIV Kit",Determine,,Test kit,100,260,20800.00,80,0.8,"Alere Medical Co., Ltd.",TRUE,109,"$2,384.79 ",25.73
"54,666",114-UG-T30,FPQ-12855,SCMS-203960,ASN-24026,Uganda,PMO - US,Direct Drop,CIP,Air,8/19/2013,8/22/2013,22-Jan-14,22-Jan-14,21-Feb-14,ARV,Adult,MYLAN LABORATORIES LTD (FORMERLY MATRIX LABORATORIES),"Abacavir/Lamivudine 600/300mg, tablets, 30 Tabs",Abacavir/Lamivudine,Generic,600/300mg,Tablet - FDC,30,"8,215",110820.35,13.49,0.45,Mylan (formerly Matrix) Nashik,TRUE,805,"$1,003.18 ",137.08
"54,676",161-ZA-T30,FPQ-5303,SCMS-68950,ASN-7101,South Africa,PMO - US,Direct Drop,DDP,Air,3/18/2010,3/19/2010,11-Jun-10,11-Jun-10,11-Jun-10,ARV,Adult,Aurobindo Pharma Limited,"Lamivudine 150mg, tablets, 60 Tabs",Lamivudine,Generic,150mg,Tablet,60,"67,120",169813.60,2.53,0.04,"Aurobindo Unit III, India",TRUE,3230,"$4,116.81 ",366.12
"54,679",101-KE-T30,FPQ-10314,SCMS-153910,ASN-17658,Kenya,PMO - US,Direct Drop,CIP,Air,07-12-12,11-06-12,28-Feb-13,28-Feb-13,28-Feb-13,HRDT,HIV test,"Orgenics, Ltd","HIV 1/2, Determine Complete HIV Kit, 100 Tests","HIV 1/2, Determine Complete HIV Kit",Determine,,Test kit,100,"7,435",661715.00,89,0.89,"Alere Medical Co., Ltd.",TRUE,1479,$91.67 ,927.72
"54,729",133-NG-T30,FPQ-12812,SCMS-210350,ASN-22886,Nigeria,PMO - US,Direct Drop,EXW,Air,8/13/2013,11-01-13,23-Dec-13,10-Dec-13,16-Dec-13,HRDT,HIV test,"Orgenics, Ltd","HIV 1/2, Determine Complete HIV Kit, 100 Tests","HIV 1/2, Determine Complete HIV Kit",Determine,,Test kit,100,"5,983",532487.00,89,0.89,"Alere Medical Co., Ltd.",TRUE,2425,"$39,069.63 ",658.69
"69,701",108-VN-T30,FPQ-13524,SCMS-226220,ASN-26923,Vietnam,PMO - US,Direct Drop,EXW,Air,02-06-14,03-10-14,29-Jul-14,29-Jul-14,06-Aug-14,ARV,Adult,HETERO LABS LIMITED,"Zidovudine 300mg, tablets, 60 Tabs",Zidovudine,Generic,300mg,Tablet,60,300,1650.00,5.5,0.09,Hetero Unit III Hyderabad IN,FALSE,See ASN-26923 (ID#:13027),null,1.7
"77,464",108-VN-T30,FPQ-13524,SCMS-226220,ASN-26923,Vietnam,PMO - US,Direct Drop,EXW,Air,02-06-14,03-10-14,29-Jul-14,29-Jul-14,06-Aug-14,ARV,Adult,HETERO LABS LIMITED,"Efavirenz/Lamivudine/Tenofovir Disoproxil Fumarate 600/300/300mg, tablets, 30 Tabs",Efavirenz/Lamivudine/Tenofovir Disoproxil Fumarate,Generic,600/300/300mg,Tablet - FDC,30,"7,248",76104.00,10.5,0.35,Hetero Unit III Hyderabad IN,FALSE,See ASN-26923 (ID#:13027),null,78.23
"54,755",200-ZW-T30,FPQ-6488,SCMS-90710,ASN-12598,Zimbabwe,PMO - US,Direct Drop,FCA,Air,10/26/2010,11-10-10,21-Nov-11,21-Nov-11,21-Nov-11,ARV,Pediatric,ABBVIE LOGISTICS (FORMERLY ABBOTT LOGISTICS BV),"Lopinavir/Ritonavir 100/25mg [Aluvia], tablets, 60 Tabs",Lopinavir/Ritonavir,Generic,100/25mg,Tablet,60,"5,625",43368.75,7.71,0.13,ABBVIE Ludwigshafen Germany,TRUE,665,"$7,549.41 ",93.5
"39,833",108-VN-T30,FPQ-13524,SCMS-226260,ASN-26927,Vietnam,PMO - US,Direct Drop,EXW,Air,02-06-14,03-10-14,13-Aug-14,13-Aug-14,25-Aug-14,ARV,Adult,HETERO LABS LIMITED,"Efavirenz/Lamivudine/Tenofovir Disoproxil Fumarate 600/300/300mg, tablets, 30 Tabs",Efavirenz/Lamivudine/Tenofovir Disoproxil Fumarate,Generic,600/300/300mg,Tablet - FDC,30,720,7560.00,10.5,0.35,Hetero Unit III Hyderabad IN,FALSE,See ASN-26927 (ID#:26612),null,7.77
"54,780",106-HT-T30,FPQ-4034,SCMS-51230,ASN-4995,Haiti,PMO - US,Direct Drop,EXW,Air,7/29/2009,09-01-09,07-Oct-09,07-Oct-09,07-Oct-09,HRDT,HIV test,Orasure Technologies Inc.,"HIV 1/2, OraQuick Advance HIV Rapid Antibody Kit, 100 Tests","HIV 1/2, OraQuick Advance HIV Rapid Antibody Kit",OraQuick,,Test kit,100,200,70000.00,350,3.5,"Pacific Biotech, Thailand",TRUE,480,"$9,334.68 ",137.2
"57,819",108-VN-T30,FPQ-13524,SCMS-226260,ASN-26927,Vietnam,PMO - US,Direct Drop,EXW,Air,02-06-14,03-10-14,13-Aug-14,13-Aug-14,25-Aug-14,ARV,Adult,HETERO LABS LIMITED,"Efavirenz 600mg, tablets, 30 Tabs",Efavirenz,Generic,600mg,Tablet,30,"12,700",44450.00,3.5,0.12,Hetero Unit III Hyderabad IN,FALSE,See ASN-26927 (ID#:26612),null,45.69
"54,792",107-RW-T30,FPQ-15065,SCMS-263330,ASN-30488,Rwanda,PMO - US,Direct Drop,EXW,Air,10/15/2014,12/18/2014,18-Feb-15,18-Feb-15,19-Feb-15,HRDT,HIV test,"SHANGHAI KEHUA BIOENGINEERING CO.,LTD.  (KHB)","HIV 1/2, SKB Colloidal Gold, Diagnostic Kit, Antibody, 50 Tests","HIV 1/2, Colloidal Gold, Diagnostic Kit, Antibody",Colloidal Gold,,Test kit,1,"4,099",100425.50,24.5,24.5,"KHB Test Kit Facility, Shanghai China",TRUE,2733,"$36,060 ",103.24
"70,526",108-VN-T30,FPQ-13524,SCMS-226260,ASN-26927,Vietnam,PMO - US,Direct Drop,EXW,Air,02-06-14,03-10-14,13-Aug-14,13-Aug-14,25-Aug-14,ARV,Adult,HETERO LABS LIMITED,"Abacavir 300mg, tablets, 60 Tabs",Abacavir,Generic,300mg,Tablet,60,950,10877.50,11.45,0.19,Hetero Unit III Hyderabad IN,FALSE,See ASN-26927 (ID#:26612),null,11.18
"54,828",107-RW-T30,FPQ-9168,SCMS-137551,ASN-15765,Rwanda,PMO - US,Direct Drop,EXW,Air,1/13/2012,5/31/2012,16-Aug-12,16-Aug-12,16-Aug-12,ARV,Adult,MYLAN LABORATORIES LTD (FORMERLY MATRIX LABORATORIES),"Lamivudine/Tenofovir Disoproxil Fumarate 300/300mg, tablets, 30 Tabs",Lamivudine/Tenofovir Disoproxil Fumarate,Generic,300/300mg,Tablet - FDC,30,"131,704",683543.76,5.19,0.17,Mylan (formerly Matrix) Nashik,TRUE,10818,"$119,695.66 ",958.33
"54,829",108-VN-T30,FPQ-10287,SCMS-156160,ASN-16915,Vietnam,PMO - US,Direct Drop,EXW,Air,7/25/2012,8/15/2012,15-Nov-12,15-Nov-12,15-Nov-12,ARV,Adult,CIPLA LIMITED,"Zidovudine 300mg, tablets, 60 Tabs",Zidovudine,Generic,300mg,Tablet,60,"1,475",9735.00,6.6,0.11,"Cipla, Goa, India",TRUE,96,$678.83 ,13.65
"54,840",133-NG-T30,FPQ-10765,SCMS-162440,ASN-17524,Nigeria,PMO - US,Direct Drop,EXW,Air,10-05-12,10/16/2012,09-Jan-13,08-Jan-13,08-Jan-13,HRDT,HIV test,"Orgenics, Ltd","HIV 1/2, Determine Complete HIV Kit, 100 Tests","HIV 1/2, Determine Complete HIV Kit",Determine,,Test kit,100,"2,744",244216.00,89,0.89,"Alere Medical Co., Ltd.",TRUE,1186,"$24,927.19 ",342.39
"33,494",108-VN-T30,FPQ-13524,SCMS-226260,ASN-26928,Vietnam,PMO - US,Direct Drop,EXW,Air,02-06-14,03-10-14,30-Jul-14,30-Jul-14,01-Aug-14,ARV,Adult,HETERO LABS LIMITED,"Tenofovir Disoproxil Fumarate 300mg, tablets, 30 Tabs",Tenofovir Disoproxil Fumarate,Generic,300mg,Tablet,30,"9,300",33015.00,3.55,0.12,Hetero Unit III Hyderabad IN,FALSE,See ASN-26928 (ID#:23156),null,33.94
"54,952",117-ET-T30,FPQ-5582,SCMS-72370,ASN-6930,Ethiopia,PMO - US,Direct Drop,EXW,Air,4/28/2010,4/29/2010,21-May-10,21-May-10,21-May-10,ARV,Adult,Aurobindo Pharma Limited,"Didanosine 250mg, delayed-release capsules, 30 Caps",Didanosine,Generic,250mg,Delayed-release capsules,30,"3,000",39000.00,13,0.43,"Aurobindo Unit III, India",TRUE,201,"$1,120.57 ",84.08
"7,970",108-VN-T01,Pre-PQ Process,SCMS-167,ASN-270,Vietnam,PMO - US,Direct Drop,EXW,Air,Pre-PQ Process,11/14/2006,14-Mar-07,14-Mar-07,14-Mar-07,ARV,Adult,SUN PHARMACEUTICAL INDUSTRIES LTD (RANBAXY LABORATORIES LIMITED),"Zidovudine 300mg, tablets, 60 Tabs",Zidovudine,Generic,10mg+ml+/,Tablet,60,100,1084.00,10.84,0.18,"Ranbaxy, Paonta Shahib, India",FALSE,See ASN-270 (ID#:5279),null,
"6,062",119-NA-T01,Pre-PQ Process,SCMS-31180,ASN-2717,Namibia,PMO - US,Direct Drop,EXW,Air,Pre-PQ Process,9/24/2008,29-Oct-08,29-Oct-08,29-Oct-08,HRDT,HIV test - Ancillary,"Orgenics, Ltd","HIV, Lancet, Safety, for HIV Test kits, 100 Pcs","HIV, Lancet, Safety, for HIV Test kits, 100 Pcs",Generic,30mg+ml+/,Test kit - Ancillary,100,150,1.50,0.01,0,Inverness Japan,FALSE,See ASN-2717 (ID#:791),null,0
"2,687",108-VN-T01,Pre-PQ Process,SCMS-169,ASN-272,Vietnam,PMO - US,Direct Drop,EXW,Air,Pre-PQ Process,11/15/2006,14-Mar-07,14-Mar-07,14-Mar-07,ARV,Pediatric,CIPLA LIMITED,"Lamivudine 10mg/ml, oral solution, Bottle, 240 ml",Lamivudine,Generic,20mg+ml+/,Oral solution,240,"1,000",2440.00,2.44,0.01,"Cipla, Goa, India",FALSE,See ASN-272 (ID#:1282),null,
"38,613",105-SS-T30,FPQ-14470,SCMS-245230,ASN-27241,South Sudan,PMO - US,Direct Drop,EXW,Air,6/17/2014,07-01-14,29-Sep-14,29-Sep-14,30-Sep-14,HRDT,HIV test,"Trinity Biotech, Plc","HIV 1/2, Uni-Gold HIV Kit, 20 Tests","HIV 1/2, Uni-Gold HIV Kit",Uni-Gold,,Test kit,20,35,1120.00,32,1.6,"Trinity Biotech, Plc",FALSE,See ASN-27241 (ID#:23488),null,1.15
"54,965",102-KE-T30,FPQ-6114,SCMS-80820,ASN-8590,Kenya,PMO - US,Direct Drop,EXW,Air,7/23/2010,8/27/2010,12-Nov-10,12-Nov-10,12-Nov-10,HRDT,HIV test,"Orgenics, Ltd","HIV 1/2, Determine Complete HIV Kit, 100 Tests","HIV 1/2, Determine Complete HIV Kit",Determine,,Test kit,100,1,89.00,89,0.89,Inverness Japan,TRUE,1233,"$13,753.58 ",0.19
"40,490",105-SS-T30,FPQ-14470,SCMS-245230,ASN-27241,South Sudan,PMO - US,Direct Drop,EXW,Air,6/17/2014,07-01-14,29-Sep-14,29-Sep-14,30-Sep-14,HRDT,HIV test,"Trinity Biotech, Plc","HIV 1/2, Uni-Gold HIV Kit, 20 Tests","HIV 1/2, Uni-Gold HIV Kit",Uni-Gold,,Test kit,20,450,14400.00,32,1.6,"Trinity Biotech, Plc",FALSE,See ASN-27241 (ID#:23488),null,14.8
"54,984",109-TZ-T30,FPQ-12588,SCMS-202300,ASN-22082,Tanzania,PMO - US,Direct Drop,FCA,Air,7/15/2013,08-09-13,21-Nov-13,21-Nov-13,21-Nov-13,ARV,Pediatric,ABBVIE LOGISTICS (FORMERLY ABBOTT LOGISTICS BV),"Lopinavir/Ritonavir 100/25mg [Aluvia], tablets, 60 Tabs",Lopinavir/Ritonavir,Generic,100/25mg,Tablet,60,"2,736",16251.84,5.94,0.1,ABBVIE Ludwigshafen Germany,TRUE,328,"$3,940.54 ",20.1
"54,986",133-NG-T30,FPQ-7634,SCMS-108730,ASN-12331,Nigeria,PMO - US,Direct Drop,EXW,Air,4/28/2011,5/18/2011,12-Oct-11,12-Oct-11,12-Oct-11,HRDT,HIV test,"CHEMBIO DIAGNOSTIC SYSTEMS, INC.","HIV 1/2, Stat-Pak HIV, Kit, 20 Tests","HIV 1/2, Stat-Pak HIV, Kit",Stat-Pak,,Test kit,20,"1,301",37729.00,29,1.45,Chembio Diagnostics Sys. Inc.,TRUE,376,"$2,162.26 ",62.25
"76,004",105-SS-T30,FPQ-14470,SCMS-245230,ASN-27241,South Sudan,PMO - US,Direct Drop,EXW,Air,6/17/2014,07-01-14,29-Sep-14,29-Sep-14,30-Sep-14,HRDT,HIV test,"Trinity Biotech, Plc","HIV 1/2, Uni-Gold HIV Kit, 20 Tests","HIV 1/2, Uni-Gold HIV Kit",Uni-Gold,,Test kit,20,18,576.00,32,1.6,"Trinity Biotech, Plc",FALSE,See ASN-27241 (ID#:23488),null,0.59
"55,017",109-TZ-T30,FPQ-12540,SCMS-198801,ASN-21502,Tanzania,PMO - US,Direct Drop,EXW,Ocean,07-03-13,8/27/2013,23-Oct-13,23-Oct-13,23-Oct-13,ARV,Adult,MYLAN LABORATORIES LTD (FORMERLY MATRIX LABORATORIES),"Efavirenz/Emtricitabine/Tenofovir Disoproxil Fumarate 600/200/300mg, tablets, 30 Tabs",Efavirenz/Emtricitabine/Tenofovir Disoproxil Fumarate,Generic,600/200/300mg,Tablet - FDC,30,"163,929",2047473.21,12.49,0.42,Mylan (formerly Matrix) Nashik,TRUE,21675,"$20,312.64 ","2,532.72"
"6,627",108-VN-T01,Pre-PQ Process,SCMS-170,ASN-273,Vietnam,PMO - US,Direct Drop,EXW,Air,Pre-PQ Process,11/15/2006,14-Mar-07,14-Mar-07,14-Mar-07,ARV,Adult,STRIDES ARCOLAB LIMITED,"Nevirapine 200mg, tablets, 60 Tabs",Nevirapine,Generic,10mg+ml+/,Tablet,60,"83,000",282200.00,3.4,0.06,"Strides, Bangalore, India.",FALSE,See ASN-273 (ID#:1283),null,
"55,030",104-CI-T30,FPQ-6183,SCMS-83691,ASN-8512,Côte d'Ivoire,PMO - US,Direct Drop,CIP,Air,08-10-10,09-10-10,27-Oct-10,27-Oct-10,27-Oct-10,ARV,Adult,MERCK SHARP & DOHME IDEA GMBH (FORMALLY MERCK SHARP & DOHME B.V.),"Efavirenz/Emtricitabine/Tenofovir Disoproxil Fumarate 600/200/300mg [Atripla], tablets, 30 Tabs",Efavirenz/Emtricitabine/Tenofovir Disoproxil Fumarate,Atripla,600/200/300mg,Tablet - FDC,30,"2,000",100800.00,50.4,1.68,"MSD, Haarlem, NL",TRUE,269,"$1,315.14 ",217.32
"55,049",900-UG-T30,FPQ-10089,SCMS-149400,ASN-15428,Uganda,PMO - US,Direct Drop,EXW,Air,06-07-12,06-12-12,23-Jul-12,18-Jul-12,18-Jul-12,ARV,Adult,Aurobindo Pharma Limited,"Efavirenz 600mg, tablets, 30 Tabs",Efavirenz,Generic,600mg,Tablet,30,"54,383",184902.20,3.4,0.11,"Aurobindo Unit III, India",TRUE,4668,"$20,869.60 ",259.23
"20,236",101-CD-T30,FPQ-14255,SCMS-239810,ASN-27324,"Congo, DRC",PMO - US,Direct Drop,EXW,Air,5/15/2014,5/19/2014,30-Sep-14,30-Sep-14,21-Oct-14,ARV,Pediatric,Aurobindo Pharma Limited,"Didanosine 200mg, delayed-release capsules, 30 Caps",Didanosine,Generic,200mg,Delayed-release capsules,30,550,6050.00,11,0.37,"Aurobindo Unit III, India",FALSE,See ASN-27324 (ID#:13842),null,6.22
"55,053",105-GY-T30,FPQ-12057,SCMS-189040,ASN-19842,Guyana,PMO - US,Direct Drop,EXW,Air,4/15/2013,5/23/2013,01-Jul-13,01-Jul-13,01-Jul-13,ARV,Adult,Aurobindo Pharma Limited,"Stavudine 15mg, capsules, 60 Caps",Stavudine,Generic,15mg,Capsule,60,10,13.00,1.3,0.02,"Aurobindo Unit III, India",TRUE,1,$618.89 ,0.02
"55,064",117-ET-T30,FPQ-15928,SCMS-280470,ASN-32557,Ethiopia,PMO - US,Direct Drop,EXW,Air,03-10-15,3/17/2015,24-Jun-15,24-Jun-15,29-Jun-15,HRDT,HIV test,"Trinity Biotech, Plc","HIV 1/2, Uni-Gold HIV Kit, 20 Tests","HIV 1/2, Uni-Gold HIV Kit",Uni-Gold,,Test kit,20,170,5440.00,32,1.6,"Trinity Biotech, Plc",TRUE,58,$143.57 ,6.4
"55,072",133-NG-T30,FPQ-12456,SCMS-196561,ASN-22348,Nigeria,PMO - US,Direct Drop,EXW,Air,06-10-13,07-10-13,07-Nov-13,07-Nov-13,17-Nov-13,HRDT,HIV test,"Orgenics, Ltd","HIV 1/2, Determine Complete HIV Kit, 100 Tests","HIV 1/2, Determine Complete HIV Kit",Determine,,Test kit,100,"3,053",271717.00,89,0.89,"Alere Medical Co., Ltd.",TRUE,1240,"$20,705.23 ",336.11
"56,367",105-SS-T30,FPQ-14470,SCMS-245250,ASN-27328,South Sudan,PMO - US,Direct Drop,EXW,Air,6/17/2014,6/30/2014,03-Oct-14,03-Oct-14,12-Nov-14,HRDT,HIV test - Ancillary,"Orgenics, Ltd","Chase Buffer, Determine, 100 Tests, 2.5ml x 1 Vial","Chase Buffer, Determine, 100 Tests, 2.5ml x 1 Vial",Determine,,Test kit - Ancillary,1,160,800.00,5,5,"Alere Medical Co., Ltd.",FALSE,See ASN-27328 (ID#:27829),null,0.82
"55,085",107-RW-T30,FPQ-8741,SCMS-129520,ASN-15268,Rwanda,PMO - US,Direct Drop,EXW,Ocean,11/30/2011,03-09-12,27-Aug-12,27-Aug-12,27-Aug-12,ARV,Pediatric,CIPLA LIMITED,"Lamivudine 10mg/ml, oral solution, Bottle, 240 ml",Lamivudine,Generic,10mg/ml,Oral solution,240,"7,840",13720.00,1.75,0.01,"Cipla, Goa, India",TRUE,2995,"$20,193.21 ",19.24
"81,509",105-SS-T30,FPQ-14470,SCMS-245250,ASN-27328,South Sudan,PMO - US,Direct Drop,EXW,Air,6/17/2014,6/30/2014,03-Oct-14,03-Oct-14,12-Nov-14,HRDT,HIV test,"Orgenics, Ltd","HIV 1/2, Determine Complete HIV Kit, 100 Tests","HIV 1/2, Determine Complete HIV Kit",Determine,,Test kit,100,350,31150.00,89,0.89,"Alere Medical Co., Ltd.",FALSE,See ASN-27328 (ID#:27829),null,32.02
"59,047",106-HT-T30,FPQ-14083,SCMS-240160,ASN-27525,Haiti,PMO - US,Direct Drop,EXW,Ocean,05-11-14,06-02-14,30-Oct-14,30-Oct-14,12-Nov-14,ARV,Adult,HETERO LABS LIMITED,"Efavirenz/Lamivudine/Tenofovir Disoproxil Fumarate 600/300/300mg, tablets, 30 Tabs",Efavirenz/Lamivudine/Tenofovir Disoproxil Fumarate,Generic,600/300/300mg,Tablet - FDC,30,"92,500",971250.00,10.5,0.35,Hetero Unit III Hyderabad IN,FALSE,See ASN-27525 (ID#:38099),null,998.44
"23,238",106-HT-T30,FPQ-14083,SCMS-240201,ASN-27545,Haiti,PMO - US,Direct Drop,EXW,Ocean,05-11-14,06-02-14,20-Oct-14,20-Oct-14,06-Nov-14,ARV,Pediatric,MYLAN LABORATORIES LTD (FORMERLY MATRIX LABORATORIES),"Abacavir/Lamivudine 60/30mg, tablets, 60 Tabs",Abacavir/Lamivudine,Generic,60/30mg,Tablet - FDC,60,"2,160",8532.00,3.95,0.07,Mylan (formerly Matrix) Nashik,FALSE,See ASN-27545 (ID#:22160),null,8.77
"82,125",113-ZW-T30,FPQ-13939,SCMS-240570,ASN-27582,Zimbabwe,PMO - US,Direct Drop,EXW,Air Charter,04-01-14,5/27/2014,17-Sep-14,17-Sep-14,19-Sep-14,ARV,Adult,HETERO LABS LIMITED,"Lamivudine/Tenofovir Disoproxil Fumarate 300/300mg, tablets, 30 Tabs",Lamivudine/Tenofovir Disoproxil Fumarate,Generic,300/300mg,Tablet - FDC,30,"15,187",70163.94,4.62,0.15,Hetero Unit III Hyderabad IN,FALSE,See ASN-27582 (ID#:79885),null,72.13
"5,281",108-VN-T01,Pre-PQ Process,SCMS-168,ASN-276,Vietnam,PMO - US,Direct Drop,EXW,Air,Pre-PQ Process,11/14/2006,14-Mar-07,14-Mar-07,14-Mar-07,ARV,Adult,Aurobindo Pharma Limited,"Abacavir 300mg, tablets, 60 Tabs",Abacavir,Generic,80+20mg+ml,Tablet,60,700,30835.00,44.05,0.73,"Aurobindo Unit III, India",FALSE,See ASN-276 (ID#:2686),null,
"55,180",114-UG-T30,FPQ-5276,SCMS-68290,ASN-6736,Uganda,PMO - US,Direct Drop,FCA,Air,03-12-10,3/18/2010,04-May-10,04-May-10,04-May-10,ARV,Adult,ABBVIE LOGISTICS (FORMERLY ABBOTT LOGISTICS BV),"Lopinavir/Ritonavir 200/50mg [Aluvia], tablets, 120 Tabs",Lopinavir/Ritonavir,Aluvia,200/50mg,Tablet,120,100,3616.00,36.16,0.3,ABBVIE Ludwigshafen Germany,TRUE,36,"$1,084.27 ",7.8
"55,188",109-TZ-T30,FPQ-8071,SCMS-116830,ASN-13082,Tanzania,PMO - US,Direct Drop,EXW,Air,7/22/2011,7/28/2011,09-Feb-12,09-Feb-12,09-Feb-12,HRDT,HIV test,"Trinity Biotech, Plc","HIV 1/2, Uni-Gold HIV Kit, 20 Tests","HIV 1/2, Uni-Gold HIV Kit",Uni-Gold,,Test kit,20,450,14400.00,32,1.6,"Trinity Biotech, Plc",TRUE,148,"$1,938.15 ",23.76
"55,206",110-PK-T30,FPQ-9348,SCMS-143510,ASN-15070,Pakistan,PMO - US,Direct Drop,EXW,Air,2/24/2012,4/19/2012,20-Jul-12,20-Jul-12,20-Jul-12,HRDT,HIV test,"Orgenics, Ltd","HIV 1/2, Determine Complete HIV Kit, 100 Tests","HIV 1/2, Determine Complete HIV Kit",Determine,,Test kit,100,"4,484",358720.00,80,0.8,"Alere Medical Co., Ltd.",TRUE,2134,"$32,272 ",502.93
"5,282",108-VN-T01,Pre-PQ Process,SCMS-168,ASN-276,Vietnam,PMO - US,Direct Drop,EXW,Air,Pre-PQ Process,11/14/2006,14-Mar-07,14-Mar-07,14-Mar-07,ARV,Adult,Aurobindo Pharma Limited,"Efavirenz 600mg, tablets, 30 Tabs",Efavirenz,Generic,20mg+ml+/,Tablet,30,"38,300",641525.00,16.75,0.56,"Aurobindo Unit III, India",FALSE,See ASN-276 (ID#:2686),null,
"55,225",161-ZA-T30,FPQ-5303,SCMS-68940,ASN-8249,South Africa,PMO - US,Direct Drop,DDP,Air,3/18/2010,3/19/2010,07-Sep-10,17-Nov-10,17-Nov-10,ARV,Adult,Aurobindo Pharma Limited,"Efavirenz 600mg, tablets, 30 Tabs",Efavirenz,Generic,600mg,Tablet,30,"31,680",147945.60,4.67,0.16,"Aurobindo Unit III, India",TRUE,2970,"$4,263.08 ",318.97
"6,626",108-VN-T01,Pre-PQ Process,SCMS-168,ASN-276,Vietnam,PMO - US,Direct Drop,EXW,Air,Pre-PQ Process,11/14/2006,14-Mar-07,14-Mar-07,14-Mar-07,ARV,Pediatric,Aurobindo Pharma Limited,"Stavudine 1mg/ml, powder for oral solution, 200 ml",Stavudine,Generic,10mg+ml+/,Oral solution,200,"1,000",1450.00,1.45,0.01,"Aurobindo Unit III, India",FALSE,See ASN-276 (ID#:2686),null,
"55,253",161-ZA-T30,FPQ-5303,SCMS-68981,ASN-8442,South Africa,PMO - US,Direct Drop,DDP,Air,3/18/2010,3/19/2010,08-Dec-10,08-Dec-10,08-Dec-10,ARV,Adult,Aurobindo Pharma Limited,"Nevirapine 200mg, tablets, 60 Tabs",Nevirapine,Generic,200mg,Tablet,60,"26,400",77088.00,2.92,0.05,"Aurobindo Unit III, India",TRUE,3113,"$5,159.33 ",166.2
"55,297",108-VN-T30,FPQ-5899,SCMS-77280,ASN-8060,Vietnam,PMO - US,Direct Drop,EXW,Air,6/23/2010,6/30/2010,20-Sep-10,20-Sep-10,20-Sep-10,ARV,Adult,MYLAN LABORATORIES LTD (FORMERLY MATRIX LABORATORIES),"Abacavir 300mg, tablets, 60 Tabs",Abacavir,Generic,300mg,Tablet,60,100,1574.00,15.74,0.26,Mylan (formerly Matrix) Nashik,TRUE,10,"$3,896.68 ",3.39
"50,798",106-HT-T30,FPQ-14083,SCMS-240191,ASN-27659,Haiti,PMO - US,Direct Drop,EXW,Ocean,05-11-14,6/26/2014,28-Oct-14,28-Oct-14,19-Nov-14,ARV,Pediatric,Aurobindo Pharma Limited,"Lamivudine 10mg/ml, oral solution, Bottle, 240 ml",Lamivudine,Generic,10mg/ml,Oral solution,240,"1,650",2359.50,1.43,0.01,"Aurobindo Unit III, India",FALSE,See ASN-27659 (ID#:16881),null,2.43
"55,322",161-ZA-T30,FPQ-5303,SCMS-68940,ASN-8124,South Africa,PMO - US,Direct Drop,DDP,Air,3/18/2010,3/19/2010,07-Sep-10,27-Oct-10,27-Oct-10,ARV,Adult,Aurobindo Pharma Limited,"Efavirenz 600mg, tablets, 30 Tabs",Efavirenz,Generic,600mg,Tablet,30,"31,680",147945.60,4.67,0.16,"Aurobindo Unit III, India",TRUE,2970,"$4,263.07 ",318.97
"55,331",161-ZA-T30,FPQ-5303,SCMS-68860,ASN-6933,South Africa,PMO - US,Direct Drop,DDP,Air,3/18/2010,3/19/2010,01-Jun-10,08-Jun-10,08-Jun-10,ARV,Adult,Aurobindo Pharma Limited,"Efavirenz 600mg, tablets, 30 Tabs",Efavirenz,Generic,600mg,Tablet,30,"53,916",251787.72,4.67,0.16,"Aurobindo Unit III, India",TRUE,4561,"$6,105.79 ",542.85
"55,376",108-VN-T30,FPQ-6384,SCMS-87710,ASN-9710,Vietnam,PMO - US,Direct Drop,FCA,Air,9/30/2010,10/14/2010,25-Feb-11,25-Feb-11,25-Feb-11,ARV,Adult,ABBVIE LOGISTICS (FORMERLY ABBOTT LOGISTICS BV),"Ritonavir 100mg [Norvir], capsules, cool, 4 x 84 Caps",Ritonavir,Norvir,100mg,Capsule,336,18,3717.18,206.51,0.61,ABBVIE (Abbott) Logis. UK,TRUE,55,"$3,785.84 ",8.01
"55,401",109-TZ-T30,FPQ-12588,SCMS-202310,ASN-22266,Tanzania,PMO - US,Direct Drop,FCA,Air,7/15/2013,08-09-13,21-Nov-13,21-Nov-13,21-Nov-13,ARV,Pediatric,ABBVIE LOGISTICS (FORMERLY ABBOTT LOGISTICS BV),"Lopinavir/Ritonavir 80/20mg/ml [Kaletra], oral solution, cool, Bottle 5 x 60 ml",Lopinavir/Ritonavir,Kaletra,80/20mg/ml,Oral solution,300,264,8136.48,30.82,0.1,ABBVIE (Abbott) Logis. UK,TRUE,257,"$2,160.36 ",10.06
"55,453",107-RW-T30,FPQ-15065,SCMS-263310,ASN-30276,Rwanda,PMO - US,Direct Drop,EXW,Air,10/15/2014,12/16/2014,18-Feb-15,18-Feb-15,18-Feb-15,HRDT,HIV test,"Trinity Biotech, Plc","HIV 1/2, Uni-Gold HIV Kit, 20 Tests","HIV 1/2, Uni-Gold HIV Kit",Uni-Gold,,Test kit,20,369,11808.00,32,1.6,"Trinity Biotech, Plc",TRUE,115,"$1,729.95 ",12.14
"55,474",104-CI-T30,FPQ-3967,SCMS-52710,ASN-5582,Côte d'Ivoire,PMO - US,Direct Drop,CIP,Air,8/21/2009,9/25/2009,18-Dec-09,18-Dec-09,18-Dec-09,ARV,Adult,MERCK SHARP & DOHME IDEA GMBH (FORMALLY MERCK SHARP & DOHME B.V.),"Efavirenz/Emtricitabine/Tenofovir Disoproxil Fumarate 600/200/300mg [Atripla], tablets, 30 Tabs",Efavirenz/Emtricitabine/Tenofovir Disoproxil Fumarate,Atripla,600/200/300mg,Tablet - FDC,30,"5,320",268128.00,50.4,1.68,"MSD, Haarlem, NL",TRUE,464,$30 ,525.53
"55,504",117-ET-T30,FPQ-9096,SCMS-133350,ASN-15835,Ethiopia,PMO - US,Direct Drop,EXW,Air,01-05-12,1/23/2012,29-Aug-12,29-Aug-12,29-Aug-12,HRDT,HIV test,"Trinity Biotech, Plc","HIV 1/2, Uni-Gold HIV Kit, 20 Tests","HIV 1/2, Uni-Gold HIV Kit",Uni-Gold,,Test kit,20,27,864.00,32,1.6,"Trinity Biotech, Plc",TRUE,10,$490.23 ,1.21
"55,518",109-TZ-T30,FPQ-9211,SCMS-136920,ASN-14274,Tanzania,PMO - US,Direct Drop,EXW,Air,1/25/2012,2/17/2012,08-May-12,08-May-12,08-May-12,HRDT,HIV test,"Orgenics, Ltd","HIV 1/2, Determine Complete HIV Kit, 100 Tests","HIV 1/2, Determine Complete HIV Kit",Determine,,Test kit,100,"2,870",229600.00,80,0.8,"Alere Medical Co., Ltd.",TRUE,1368,"$24,308.25 ",321.9
"55,520",117-ET-T30,FPQ-9096,SCMS-133390,ASN-13875,Ethiopia,PMO - US,Direct Drop,EXW,Air,01-05-12,1/23/2012,14-Mar-12,14-Mar-12,14-Mar-12,HRDT,HIV test,"SHANGHAI KEHUA BIOENGINEERING CO.,LTD.  (KHB)","HIV 1/2, SKB Colloidal Gold, Diagnostic Kit, Antibody, 50 Tests","HIV 1/2, Colloidal Gold, Diagnostic Kit, Antibody",Colloidal Gold,,Test kit,1,175,4287.50,24.5,24.5,"KHB Test Kit Facility, Shanghai China",TRUE,1,"$1,437.62 ",6.01
"55,522",161-ZA-T30,FPQ-6708,SCMS-93500,ASN-9847,South Africa,PMO - US,Direct Drop,DDP,Ocean,11/26/2010,12/14/2010,04-Apr-11,04-Apr-11,04-Apr-11,ARV,Pediatric,Aurobindo Pharma Limited,"Nevirapine 10mg/ml, oral suspension w/syringe, Bottle, 240 ml",Nevirapine,Generic,10mg/ml,Oral suspension,240,"27,910",59169.20,2.12,0.01,"Aurobindo Unit III, India",TRUE,10346,"$3,961.70 ",97.63
"30,130",109-TZ-T30,FPQ-14049,SCMS-239380,ASN-27718,Tanzania,PMO - US,Direct Drop,FCA,Air,04-11-14,5/16/2014,02-Oct-14,02-Oct-14,03-Oct-14,ARV,Pediatric,ABBVIE LOGISTICS (FORMERLY ABBOTT LOGISTICS BV),"Lopinavir/Ritonavir 100/25mg [Aluvia], tablets, 60 Tabs",Lopinavir/Ritonavir,Generic,100/25mg,Tablet,60,546,3243.24,5.94,0.1,ABBVIE Ludwigshafen Germany,FALSE,See ASN-27718 (ID#:24358),null,3.33
"25,782",108-VN-T30,FPQ-13976,SCMS-236120,ASN-27809,Vietnam,PMO - US,Direct Drop,EXW,Air,04-08-14,4/30/2014,16-Sep-14,16-Sep-14,01-Oct-14,ARV,Adult,HETERO LABS LIMITED,"Abacavir 300mg, tablets, 60 Tabs",Abacavir,Generic,300mg,Tablet,60,600,6870.00,11.45,0.19,Hetero Unit III Hyderabad IN,FALSE,See ASN-27809 (ID#:13106),null,7.06
"55,679",900-TZ-T30,FPQ-10396,SCMS-157661,ASN-17083,Tanzania,PMO - US,Direct Drop,EXW,Air,7/31/2012,10-04-12,07-Dec-12,30-Nov-12,30-Nov-12,HRDT,HIV test,"Orgenics, Ltd","HIV 1/2, Determine Complete HIV Kit, 100 Tests","HIV 1/2, Determine Complete HIV Kit",Determine,,Test kit,100,"2,744",219520.00,80,0.8,"Alere Medical Co., Ltd.",TRUE,1303,"$22,158.58 ",307.77
"55,706",106-HT-T30,FPQ-9635,SCMS-148420,ASN-15616,Haiti,PMO - US,Direct Drop,EXW,Air,5/14/2012,6/28/2012,07-Aug-12,07-Aug-12,07-Aug-12,ARV,Adult,STRIDES ARCOLAB LIMITED,"Lamivudine/Stavudine 150/30mg, tablets, 60 Tabs",Lamivudine/Stavudine,Generic,150/30mg,Tablet - FDC,60,384,1121.28,2.92,0.05,"Strides, Bangalore, India.",TRUE,20,$950.05 ,1.57
"49,494",108-VN-T30,FPQ-13976,SCMS-236120,ASN-27809,Vietnam,PMO - US,Direct Drop,EXW,Air,04-08-14,4/30/2014,16-Sep-14,16-Sep-14,01-Oct-14,ARV,Adult,HETERO LABS LIMITED,"Efavirenz/Lamivudine/Tenofovir Disoproxil Fumarate 600/300/300mg, tablets, 30 Tabs",Efavirenz/Lamivudine/Tenofovir Disoproxil Fumarate,Generic,600/300/300mg,Tablet - FDC,30,"3,096",32508.00,10.5,0.35,Hetero Unit III Hyderabad IN,FALSE,See ASN-27809 (ID#:13106),null,33.42
"55,715",111-MZ-T30,FPQ-12686,SCMS-205500,ASN-22375,Mozambique,PMO - US,Direct Drop,EXW,Air,7/31/2013,09-11-13,04-Nov-13,04-Nov-13,18-Nov-13,HRDT,HIV test,"Orgenics, Ltd","HIV 1/2, Determine Complete HIV Kit, 100 Tests","HIV 1/2, Determine Complete HIV Kit",Determine,,Test kit,100,645,51600.00,80,0.8,"Alere Medical Co., Ltd.",TRUE,267,"$3,453.53 ",63.83
"28,595",108-VN-T30,FPQ-13976,SCMS-236060,ASN-27812,Vietnam,PMO - US,Direct Drop,EXW,Air,04-08-14,4/30/2014,22-Sep-14,22-Sep-14,04-Nov-14,ARV,Adult,HETERO LABS LIMITED,"Efavirenz/Lamivudine/Tenofovir Disoproxil Fumarate 600/300/300mg, tablets, 30 Tabs",Efavirenz/Lamivudine/Tenofovir Disoproxil Fumarate,Generic,600/300/300mg,Tablet - FDC,30,"8,640",90720.00,10.5,0.35,Hetero Unit III Hyderabad IN,FALSE,See ASN-27812 (ID#:25926),null,93.26
"71,784",108-VN-T30,FPQ-13976,SCMS-236060,ASN-27812,Vietnam,PMO - US,Direct Drop,EXW,Air,04-08-14,4/30/2014,22-Sep-14,22-Sep-14,04-Nov-14,ARV,Adult,HETERO LABS LIMITED,"Abacavir 300mg, tablets, 60 Tabs",Abacavir,Generic,300mg,Tablet,60,500,5725.00,11.45,0.19,Hetero Unit III Hyderabad IN,FALSE,See ASN-27812 (ID#:25926),null,5.89
"55,737",109-TZ-T30,FPQ-5900,SCMS-76980,ASN-7443,Tanzania,PMO - US,Direct Drop,EXW,Air,6/21/2010,6/24/2010,07-Aug-10,07-Aug-10,07-Aug-10,ARV,Adult,Aurobindo Pharma Limited,"Nevirapine 200mg, tablets, 60 Tabs",Nevirapine,Generic,200mg,Tablet,60,"28,755",74763.00,2.6,0.04,"Aurobindo Unit III, India",TRUE,3392,"$20,294.85 ",161.19
"55,764",119-NA-T30,FPQ-4857,SCMS-62730,ASN-6358,Namibia,PMO - US,Direct Drop,EXW,Air,01-07-10,01-08-10,29-Apr-10,29-Apr-10,29-Apr-10,HRDT,HIV test,"Trinity Biotech, Plc","HIV 1/2, Uni-Gold HIV Kit, 20 Tests","HIV 1/2, Uni-Gold HIV Kit",Uni-Gold,,Test kit,20,"2,000",64000.00,32,1.6,"Trinity Biotech, Plc",TRUE,687,"$17,918.72 ",137.98
"69,783",106-HT-T30,FPQ-14083,SCMS-240110,ASN-27824,Haiti,PMO - US,Direct Drop,FCA,Air,05-11-14,5/28/2014,26-Sep-14,26-Sep-14,06-Oct-14,ARV,Pediatric,ABBVIE LOGISTICS (FORMERLY ABBOTT LOGISTICS BV),"Lopinavir/Ritonavir 100/25mg [Aluvia], tablets, 60 Tabs",Lopinavir/Ritonavir,Generic,100/25mg,Tablet,60,"1,320",7840.80,5.94,0.1,ABBVIE Ludwigshafen Germany,FALSE,See ASN-27824 (ID#:26961),null,8.06
"55,783",107-RW-T30,FPQ-3859,SCMS-48910,ASN-5880,Rwanda,PMO - US,Direct Drop,CIP,Air,6/30/2009,7/17/2009,27-Jan-10,27-Jan-10,27-Jan-10,ARV,Adult,Aurobindo Pharma Limited,"Abacavir 300mg, tablets, 60 Tabs",Abacavir,Generic,300mg,Tablet,60,"9,270",179189.10,19.33,0.32,"Aurobindo Unit III, India",TRUE,1010,"$16,847.52 ",351.21
"55,814",102-SD-T30,FPQ-8261,SCMS-120441,ASN-12834,Sudan,PMO - US,Direct Drop,EXW,Air,8/29/2011,9/14/2011,06-Jan-12,06-Jan-12,06-Jan-12,HRDT,HIV test,"Orgenics, Ltd","HIV 1/2, Determine Complete HIV Kit, 100 Tests","HIV 1/2, Determine Complete HIV Kit",Determine,,Test kit,100,129,11481.00,89,0.89,"Alere Medical Co., Ltd.",TRUE,60,"$1,133.17 ",18.94
"55,862",106-HT-T30,FPQ-9635,SCMS-164450,ASN-17492,Haiti,PMO - US,Direct Drop,EXW,Air,5/14/2012,11-05-12,04-Jan-13,04-Jan-13,04-Jan-13,ARV,Pediatric,Aurobindo Pharma Limited,"Abacavir/Lamivudine 60/30mg, tablets, 60 Tabs",Abacavir/Lamivudine,Generic,60/30mg,Tablet - FDC,60,"2,516",11573.60,4.6,0.08,"Aurobindo Unit III, India",TRUE,118,"$1,442.83 ",16.23
"8,605",108-VN-T01,Pre-PQ Process,SCMS-27320,ASN-2792,Vietnam,PMO - US,Direct Drop,EXW,Air,Pre-PQ Process,7/24/2008,21-Nov-08,21-Nov-08,21-Nov-08,ARV,Adult,Aurobindo Pharma Limited,"Lamivudine/Nevirapine/Zidovudine 150/200/300mg, tablets, 60 Tabs",Lamivudine/Nevirapine/Zidovudine,Generic,10mg+ml+/,Tablet - FDC,60,"2,200",25080.00,11.4,0.19,"Aurobindo Unit III, India",FALSE,See ASN-2792 (ID#:5936),null,49.16
"56,301",101-CD-T30,FPQ-14584,SCMS-249220,ASN-27933,"Congo, DRC",PMO - US,Direct Drop,EXW,Air,7/16/2014,7/18/2014,10-Nov-14,10-Nov-14,13-Nov-14,ARV,Pediatric,Aurobindo Pharma Limited,"Nevirapine 50mg, dispersible tablets (tablets for oral suspension), 30 Tabs",Nevirapine,Generic,50mg,Chewable/dispersible tablet,30,440,550.00,1.25,0.04,"Aurobindo Unit III, India",FALSE,See ASN-27933 (ID#:22761),null,0.57
"55,904",109-TZ-T30,FPQ-10619,SCMS-161830,ASN-17467,Tanzania,PMO - US,Direct Drop,EXW,Air,9/13/2012,10-04-12,31-Dec-12,31-Dec-12,31-Dec-12,HRDT,HIV test,"Orgenics, Ltd","HIV 1/2, Determine Complete HIV Kit, 100 Tests","HIV 1/2, Determine Complete HIV Kit",Determine,,Test kit,100,"2,352",188160.00,80,0.8,"Alere Medical Co., Ltd.",TRUE,1016,"$19,026.72 ",263.8
"55,914",133-NG-T30,FPQ-12456,SCMS-196560,ASN-21219,Nigeria,PMO - US,Direct Drop,EXW,Air,06-10-13,07-10-13,18-Sep-13,24-Sep-13,24-Sep-13,HRDT,HIV test,"Orgenics, Ltd","HIV 1/2, Determine Complete HIV Kit, 100 Tests","HIV 1/2, Determine Complete HIV Kit",Determine,,Test kit,100,"3,072",273408.00,89,0.89,"Alere Medical Co., Ltd.",TRUE,1248,"$13,383.47 ",338.21
"52,541",108-VN-T30,FPQ-13976,SCMS-236050,ASN-27943,Vietnam,PMO - US,Direct Drop,EXW,Air,04-08-14,4/30/2014,30-Oct-14,30-Oct-14,04-Nov-14,ARV,Adult,MYLAN LABORATORIES LTD (FORMERLY MATRIX LABORATORIES),"Lamivudine/Nevirapine/Zidovudine 150/200/300mg, tablets, 60 Tabs",Lamivudine/Nevirapine/Zidovudine,Generic,150/300/200mg,Tablet - FDC,60,"10,000",81000.00,8.1,0.13,Mylan (formerly Matrix) Nashik,FALSE,See ASN-27943 (ID#:13904),null,83.27
"56,005",106-HT-T30,FPQ-13797,SCMS-233970,ASN-27794,Haiti,PMO - US,Direct Drop,EXW,Air,3/20/2014,4/30/2014,14-Oct-14,14-Oct-14,20-Oct-14,ARV,Pediatric,CIPLA LIMITED,"Lamivudine/Zidovudine 30/60mg, dispersible tablets, 60 Tabs",Lamivudine/Zidovudine,Generic,30/60mg,Chewable/dispersible tablet - FDC,60,"3,184",6336.16,1.99,0.03,"Cipla, Goa, India",TRUE,250,"$2,794.21 ",6.51
"79,679",108-VN-T30,FPQ-13976,SCMS-236070,ASN-28062,Vietnam,PMO - US,Direct Drop,EXW,Air,04-08-14,4/30/2014,07-Nov-14,07-Nov-14,08-Nov-14,ARV,Adult,MICRO LABS LIMITED,"Lamivudine 150mg, tablets, 60 Tabs",Lamivudine,Generic,150mg,Tablet,60,"8,500",14620.00,1.72,0.03,"Micro labs, Verna, Goa, India",FALSE,See ASN-28062 (ID#:14016),null,15.03
"8,604",108-VN-T01,Pre-PQ Process,SCMS-27310,ASN-2809,Vietnam,PMO - US,Direct Drop,EXW,Air,Pre-PQ Process,7/24/2008,24-Nov-08,24-Nov-08,24-Nov-08,ARV,Adult,Aurobindo Pharma Limited,"Abacavir 300mg, tablets, 60 Tabs",Abacavir,Generic,20mg+ml+/,Tablet,60,380,8930.00,23.5,0.39,"Aurobindo Unit III, India",FALSE,See ASN-2809 (ID#:1955),null,17.5
"56,029",107-RW-T30,FPQ-13874,SCMS-232310,ASN-25924,Rwanda,PMO - US,Direct Drop,EXW,Air,03-12-14,04-03-14,28-Apr-14,16-Jun-14,17-Jun-14,HRDT,HIV test,"SHANGHAI KEHUA BIOENGINEERING CO.,LTD.  (KHB)","HIV 1/2, SKB Colloidal Gold, Diagnostic Kit, Antibody, 50 Tests","HIV 1/2, Colloidal Gold, Diagnostic Kit, Antibody",Colloidal Gold,,Test kit,1,"4,230",103635.00,24.5,24.5,"KHB Test Kit Facility, Shanghai China",TRUE,2820,"$37,130.88 ",106.54
"69,659",106-HT-T30,FPQ-14083,SCMS-240202,ASN-28246,Haiti,PMO - US,Direct Drop,EXW,Ocean,05-11-14,7/31/2014,17-Nov-14,17-Nov-14,17-Nov-14,ARV,Pediatric,MYLAN LABORATORIES LTD (FORMERLY MATRIX LABORATORIES),"Lamivudine/Nevirapine/Zidovudine 30/50/60mg, dispersible tablets, 60 Tabs",Lamivudine/Nevirapine/Zidovudine,Generic,30/50/60mg,Chewable/dispersible tablet - FDC,60,"1,152",4147.20,3.6,0.06,Mylan (formerly Matrix) Nashik,FALSE,See ASN-28246 (ID#:33379),null,4.26
"56,084",110-ZM-T30,FPQ-12252,SCMS-189240,ASN-20477,Zambia,PMO - US,Direct Drop,EXW,Air,05-02-13,5/22/2013,05-Aug-13,31-Jul-13,31-Jul-13,HRDT,HIV test,"Orgenics, Ltd","HIV 1/2, Determine Complete HIV Kit, 100 Tests","HIV 1/2, Determine Complete HIV Kit",Determine,,Test kit,100,"2,929",234320.00,80,0.8,"Alere Medical Co., Ltd.",TRUE,1214,"$18,875.83 ",289.85
"56,106",109-TZ-T30,FPQ-9211,SCMS-136930,ASN-14646,Tanzania,PMO - US,Direct Drop,EXW,Air,1/25/2012,2/17/2012,25-May-12,25-May-12,25-May-12,HRDT,HIV test,"Orgenics, Ltd","HIV 1/2, Determine Complete HIV Kit, 100 Tests","HIV 1/2, Determine Complete HIV Kit",Determine,,Test kit,100,"2,737",218960.00,80,0.8,"Alere Medical Co., Ltd.",TRUE,1300,"$23,269.06 ",306.98
"56,107",108-VN-T30,FPQ-13976,SCMS-236110,ASN-28248,Vietnam,PMO - US,Direct Drop,EXW,Air,04-08-14,4/30/2014,03-Nov-14,03-Nov-14,03-Nov-14,ARV,Adult,MYLAN LABORATORIES LTD (FORMERLY MATRIX LABORATORIES),"Lamivudine/Zidovudine 150/300mg, tablets, 60 Tabs",Lamivudine/Zidovudine,Generic,150/300mg,Tablet - FDC,60,"16,185",105040.65,6.49,0.11,Mylan (formerly Matrix) Nashik,FALSE,See ASN-28248 (ID#:48994),null,107.98
"19,244",101-CD-T30,FPQ-14654,SCMS-253260,ASN-28279,"Congo, DRC",PMO - US,Direct Drop,EXW,Air,08-11-14,8/27/2014,04-Nov-14,04-Nov-14,20-Nov-14,HRDT,HIV test,"Trinity Biotech, Plc","HIV 1/2, Uni-Gold HIV Kit, 20 Tests","HIV 1/2, Uni-Gold HIV Kit",Uni-Gold,,Test kit,20,9,288.00,32,1.6,"Trinity Biotech, Plc",FALSE,See ASN-28279 (ID#:13547),null,0.3
"56,125",901-CM-T30,FPQ-12837,SCMS-204290,ASN-23425,Cameroon,PMO - US,Direct Drop,EXW,Air,8/19/2013,8/23/2013,08-Jan-14,08-Jan-14,10-Jan-14,ARV,Adult,Aurobindo Pharma Limited,"Efavirenz/Lamivudine/Tenofovir Disoproxil Fumarate 600/300/300mg, tablets, 30 Tabs",Efavirenz/Lamivudine/Tenofovir Disoproxil Fumarate,Generic,600/300/300mg,Tablet - FDC,30,"37,732",420711.80,11.15,0.37,"Aurobindo Unit VII, IN",TRUE,4962,"$63,818.03 ",520.42
"56,165",104-CI-T30,FPQ-4698,SCMS-62980,ASN-6559,Côte d'Ivoire,PMO - US,Direct Drop,CIP,Air,12/28/2009,02-12-10,27-Apr-10,27-Apr-10,27-Apr-10,ARV,Adult,MERCK SHARP & DOHME IDEA GMBH (FORMALLY MERCK SHARP & DOHME B.V.),"Indinavir 400mg [Crixivan], capsules, 180 Caps",Indinavir,Crixivan,400mg,Capsule,180,"2,000",100000.00,50,0.28,"MSD, Haarlem, NL",TRUE,518,"$1,434.50 ",215.6
"24,048",101-CD-T30,FPQ-14654,SCMS-253260,ASN-28279,"Congo, DRC",PMO - US,Direct Drop,EXW,Air,08-11-14,8/27/2014,04-Nov-14,04-Nov-14,20-Nov-14,HRDT,HIV test,"Trinity Biotech, Plc","HIV 1/2, Uni-Gold HIV Kit, 20 Tests","HIV 1/2, Uni-Gold HIV Kit",Uni-Gold,,Test kit,20,353,11296.00,32,1.6,"Trinity Biotech, Plc",FALSE,See ASN-28279 (ID#:13547),null,11.61
"56,194",113-ZW-T30,FPQ-13939,SCMS-234730,ASN-26146,Zimbabwe,PMO - US,Direct Drop,EXW,Air Charter,04-01-14,05-12-14,14-Jun-14,14-Jun-14,16-Jun-14,ARV,Adult,CIPLA LIMITED,"Lamivudine/Tenofovir Disoproxil Fumarate 300/300mg, tablets, 30 Tabs",Lamivudine/Tenofovir Disoproxil Fumarate,Generic,300/300mg,Tablet - FDC,30,"25,811",118472.49,4.59,0.15,"Cipla, Kurkumbh, India",TRUE,2829,"$24,936.50 ",121.79
"56,234",102-KE-T30,FPQ-9119,SCMS-132950,ASN-13560,Kenya,PMO - US,Direct Drop,EXW,Air,01-03-12,01-06-12,16-Feb-12,16-Feb-12,16-Feb-12,HRDT,HIV test,"Trinity Biotech, Plc","HIV 1/2, Uni-Gold HIV Kit, 20 Tests","HIV 1/2, Uni-Gold HIV Kit",Uni-Gold,,Test kit,20,"18,000",576000.00,32,1.6,"Trinity Biotech, Plc",TRUE,5876,"$40,091.65 ",807.55
"27,614",101-CD-T30,FPQ-14654,SCMS-253260,ASN-28279,"Congo, DRC",PMO - US,Direct Drop,EXW,Air,08-11-14,8/27/2014,04-Nov-14,04-Nov-14,20-Nov-14,HRDT,HIV test,"Trinity Biotech, Plc","HIV 1/2, Uni-Gold HIV Kit, 20 Tests","HIV 1/2, Uni-Gold HIV Kit",Uni-Gold,,Test kit,20,47,1504.00,32,1.6,"Trinity Biotech, Plc",FALSE,See ASN-28279 (ID#:13547),null,1.55
"40,840",101-CD-T30,FPQ-14654,SCMS-253260,ASN-28279,"Congo, DRC",PMO - US,Direct Drop,EXW,Air,08-11-14,8/27/2014,04-Nov-14,04-Nov-14,20-Nov-14,HRDT,HIV test,"Trinity Biotech, Plc","HIV 1/2, Uni-Gold HIV Kit, 20 Tests","HIV 1/2, Uni-Gold HIV Kit",Uni-Gold,,Test kit,20,89,2848.00,32,1.6,"Trinity Biotech, Plc",FALSE,See ASN-28279 (ID#:13547),null,2.93
"56,320",161-ZA-T30,FPQ-5303,SCMS-69000,ASN-7021,South Africa,PMO - US,Direct Drop,DDP,Air,3/18/2010,3/19/2010,08-Jun-10,08-Jun-10,08-Jun-10,ARV,Adult,Aurobindo Pharma Limited,"Zidovudine 300mg, tablets, 60 Tabs",Zidovudine,Generic,300mg,Tablet,60,"26,540",197192.20,7.43,0.12,"Aurobindo Unit III, India",TRUE,1431,"$4,885.21 ",425.15
"42,140",101-CD-T30,FPQ-14654,SCMS-253260,ASN-28279,"Congo, DRC",PMO - US,Direct Drop,EXW,Air,08-11-14,8/27/2014,04-Nov-14,04-Nov-14,20-Nov-14,HRDT,HIV test,"Trinity Biotech, Plc","HIV 1/2, Uni-Gold HIV Kit, 20 Tests","HIV 1/2, Uni-Gold HIV Kit",Uni-Gold,,Test kit,20,39,1248.00,32,1.6,"Trinity Biotech, Plc",FALSE,See ASN-28279 (ID#:13547),null,1.28
"56,332",104-CI-T30,FPQ-13622,SCMS-228860,ASN-25486,Côte d'Ivoire,PMO - US,Direct Drop,EXW,Air,1/23/2014,03-03-14,29-Apr-14,29-Apr-14,02-May-14,ARV,Adult,Aurobindo Pharma Limited,"Didanosine 250mg, delayed-release capsules, 30 Caps",Didanosine,Generic,250mg,Delayed-release capsules,30,"1,200",9096.00,7.58,0.25,"Aurobindo Unit III, India",TRUE,96,"$1,510.05 ",9.35
"56,335",111-MZ-T30,FPQ-13134,SCMS-215590,ASN-24044,Mozambique,PMO - US,Direct Drop,EXW,Air,11-12-13,11/26/2013,02-Mar-14,02-Mar-14,07-May-14,ARV,Adult,Aurobindo Pharma Limited,"Didanosine 400mg, delayed-release capsules, 30 Caps",Didanosine,Generic,400mg,Delayed-release capsules,30,800,16000.00,20,0.67,"Aurobindo Unit III, India",TRUE,62,"$1,045.50 ",16.45
"43,749",101-CD-T30,FPQ-14654,SCMS-253260,ASN-28279,"Congo, DRC",PMO - US,Direct Drop,EXW,Air,08-11-14,8/27/2014,04-Nov-14,04-Nov-14,20-Nov-14,HRDT,HIV test,"Trinity Biotech, Plc","HIV 1/2, Uni-Gold HIV Kit, 20 Tests","HIV 1/2, Uni-Gold HIV Kit",Uni-Gold,,Test kit,20,65,2080.00,32,1.6,"Trinity Biotech, Plc",FALSE,See ASN-28279 (ID#:13547),null,2.14
"50,220",101-CD-T30,FPQ-14654,SCMS-253260,ASN-28279,"Congo, DRC",PMO - US,Direct Drop,EXW,Air,08-11-14,8/27/2014,04-Nov-14,04-Nov-14,20-Nov-14,HRDT,HIV test,"Trinity Biotech, Plc","HIV 1/2, Uni-Gold HIV Kit, 20 Tests","HIV 1/2, Uni-Gold HIV Kit",Uni-Gold,,Test kit,20,70,2240.00,32,1.6,"Trinity Biotech, Plc",FALSE,See ASN-28279 (ID#:13547),null,2.3
"56,416",900-UG-T30,FPQ-10089,SCMS-149400,ASN-15427,Uganda,PMO - US,Direct Drop,EXW,Air,06-07-12,06-12-12,23-Jul-12,23-Jul-12,23-Jul-12,ARV,Adult,Aurobindo Pharma Limited,"Efavirenz 600mg, tablets, 30 Tabs",Efavirenz,Generic,600mg,Tablet,30,"20,617",70097.80,3.4,0.11,"Aurobindo Unit III, India",TRUE,1770,"$7,651.56 ",98.28
"51,579",101-CD-T30,FPQ-14654,SCMS-253260,ASN-28279,"Congo, DRC",PMO - US,Direct Drop,EXW,Air,08-11-14,8/27/2014,04-Nov-14,04-Nov-14,20-Nov-14,HRDT,HIV test,"Trinity Biotech, Plc","HIV 1/2, Uni-Gold HIV Kit, 20 Tests","HIV 1/2, Uni-Gold HIV Kit",Uni-Gold,,Test kit,20,423,13536.00,32,1.6,"Trinity Biotech, Plc",FALSE,See ASN-28279 (ID#:13547),null,13.92
"59,043",101-CD-T30,FPQ-14654,SCMS-253260,ASN-28279,"Congo, DRC",PMO - US,Direct Drop,EXW,Air,08-11-14,8/27/2014,04-Nov-14,04-Nov-14,20-Nov-14,HRDT,HIV test,"Trinity Biotech, Plc","HIV 1/2, Uni-Gold HIV Kit, 20 Tests","HIV 1/2, Uni-Gold HIV Kit",Uni-Gold,,Test kit,20,15,480.00,32,1.6,"Trinity Biotech, Plc",FALSE,See ASN-28279 (ID#:13547),null,0.49
"56,468",800-CM-T30,FPQ-12570,SCMS-200901,ASN-25986,Cameroon,PMO - US,Direct Drop,EXW,Air,07-10-13,08-06-13,10-Jun-14,10-Jun-14,10-Jun-14,HRDT,HIV test,"Orgenics, Ltd","HIV 1/2, Determine Complete HIV Kit, 100 Tests","HIV 1/2, Determine Complete HIV Kit",Determine,,Test kit,100,"5,000",400000.00,80,0.8,"Alere Medical Co., Ltd.",TRUE,2020,"$29,918.58 ",494.8
"56,487",110-ZM-T30,FPQ-6263,SCMS-87290,ASN-9001,Zambia,PMO - US,Direct Drop,EXW,Air,09-08-10,10-07-10,17-Dec-10,21-Dec-10,21-Dec-10,HRDT,HIV test,"Orgenics, Ltd","HIV 1/2, Determine Complete HIV Kit, 100 Tests","HIV 1/2, Determine Complete HIV Kit",Determine,,Test kit,100,"2,814",225120.00,80,0.8,Inverness Japan,TRUE,1363,"$22,746.62 ",485.36
"56,495",133-NG-T30,FPQ-7553,SCMS-108700,ASN-12000,Nigeria,PMO - US,Direct Drop,EXW,Air,4/28/2011,5/18/2011,12-Sep-11,12-Sep-11,12-Sep-11,HRDT,HIV test,"Trinity Biotech, Plc","HIV 1/2, Uni-Gold HIV Kit, 20 Tests","HIV 1/2, Uni-Gold HIV Kit",Uni-Gold,,Test kit,20,"5,791",185312.00,32,1.6,"Trinity Biotech, Plc",TRUE,1918,"$24,147.39 ",305.76
"56,496",105-GY-T30,FPQ-11562,SCMS-180010,ASN-18895,Guyana,PMO - US,Direct Drop,EXW,Air,02-07-13,03-06-13,18-Apr-13,18-Apr-13,18-Apr-13,ARV,Pediatric,MICRO LABS LIMITED,"Efavirenz 50mg, capsule, 30 Caps",Efavirenz,Generic,50mg,Capsule,30,65,130.00,2,0.07,"Micro labs, Verna, Goa, India",TRUE,4,$783.21 ,0.16
"65,156",101-CD-T30,FPQ-14654,SCMS-253260,ASN-28279,"Congo, DRC",PMO - US,Direct Drop,EXW,Air,08-11-14,8/27/2014,04-Nov-14,04-Nov-14,20-Nov-14,HRDT,HIV test,"Trinity Biotech, Plc","HIV 1/2, Uni-Gold HIV Kit, 20 Tests","HIV 1/2, Uni-Gold HIV Kit",Uni-Gold,,Test kit,20,73,2336.00,32,1.6,"Trinity Biotech, Plc",FALSE,See ASN-28279 (ID#:13547),null,2.4
"56,520",102-SD-T30,FPQ-7321,SCMS-107760,ASN-10899,Sudan,PMO - US,Direct Drop,EXW,Air,3/29/2011,05-02-11,24-Jun-11,24-Jun-11,24-Jun-11,HRDT,HIV test,"Standard Diagnostics, Inc.","HIV 1/2, Bioline 3.0 Kit, Lancets, Capillary pipets, Alcohol swabs included, 25 Tests","HIV 1/2, Bioline 3.0 Kit, Lancets, Capillary pipets, Alcohol swabs included",Bioline,,Test kit,25,30,600.00,20,0.8,"Standard Diagnostics, Korea",TRUE,430,"$4,500.71 ",0.99
"56,524",111-MZ-T30,FPQ-7270,SCMS-103130,ASN-11344,Mozambique,PMO - US,Direct Drop,EXW,Ocean,03-04-11,3/30/2011,22-Nov-11,22-Nov-11,22-Nov-11,HRDT,HIV test,"Trinity Biotech, Plc","HIV 1/2, Uni-Gold HIV Kit, 20 Tests","HIV 1/2, Uni-Gold HIV Kit",Uni-Gold,,Test kit,20,"13,300",425600.00,32,1.6,"Trinity Biotech, Plc",TRUE,4472,"$23,408.33 ",702.24
"58,808",108-VN-T30,FPQ-9001,SCMS-131640,ASN-14546,Vietnam,PMO - US,Direct Drop,EXW,Air,12/15/2011,1/18/2012,14-May-12,14-May-12,14-May-12,ARV,Pediatric,Aurobindo Pharma Limited,"Efavirenz 50mg, capsule, 30 Caps",Efavirenz,Generic,50mg,Capsule,30,435,974.40,2.24,0.07,"Aurobindo Unit III, India",TRUE,25,"$1,003.65 ",1.37
"56,550",109-TZ-T30,FPQ-3782,SCMS-47741,ASN-5095,Tanzania,PMO - US,Direct Drop,FCA,Air,06-11-09,6/23/2009,17-Nov-09,17-Nov-09,17-Nov-09,ARV,Adult,ABBVIE LOGISTICS (FORMERLY ABBOTT LOGISTICS BV),"Ritonavir 100mg [Norvir], capsules, cool, 4 x 84 Caps",Ritonavir,Norvir,100mg,Capsule,336,645,24742.20,38.36,0.11,ABBVIE (Abbott) Logis. UK,TRUE,1210,"$7,015.04 ",48.49
"56,637",104-CI-T30,FPQ-11294,SCMS-173120,ASN-19921,Côte d'Ivoire,PMO - US,Direct Drop,EXW,Air,12/14/2012,1/15/2013,24-Jun-13,24-Jun-13,24-Jun-13,HRDT,HIV test,"CHEMBIO DIAGNOSTIC SYSTEMS, INC.","HIV 1/2, Stat-Pak HIV, Kit, 20 Tests","HIV 1/2, Stat-Pak HIV, Kit",Stat-Pak,,Test kit,20,"2,000",58000.00,29,1.45,Chembio Diagnostics Sys. Inc.,TRUE,576,"$7,168.62 ",71.75
"56,668",108-VN-T30,FPQ-7898,SCMS-113680,ASN-12291,Vietnam,PMO - US,Direct Drop,EXW,Air,6/27/2011,07-08-11,24-Oct-11,24-Oct-11,24-Oct-11,ARV,Adult,HETERO LABS LIMITED,"Lamivudine/Zidovudine 150/300mg, tablets, 60 Tabs",Lamivudine/Zidovudine,Generic,150/300mg,Tablet - FDC,60,"8,245",67609.00,8.2,0.14,Hetero Unit III Hyderabad IN,TRUE,759,"$7,261.69 ",111.55
"75,202",101-CD-T30,FPQ-14654,SCMS-253260,ASN-28279,"Congo, DRC",PMO - US,Direct Drop,EXW,Air,08-11-14,8/27/2014,04-Nov-14,04-Nov-14,20-Nov-14,HRDT,HIV test,"Trinity Biotech, Plc","HIV 1/2, Uni-Gold HIV Kit, 20 Tests","HIV 1/2, Uni-Gold HIV Kit",Uni-Gold,,Test kit,20,214,6848.00,32,1.6,"Trinity Biotech, Plc",FALSE,See ASN-28279 (ID#:13547),null,7.04
"56,716",108-VN-T30,FPQ-15692,SCMS-274390,ASN-32265,Vietnam,PMO - US,Direct Drop,EXW,Air,1/28/2015,2/17/2015,10-Jul-15,10-Jul-15,10-Jul-15,ARV,Adult,HETERO LABS LIMITED,"Efavirenz/Lamivudine/Tenofovir Disoproxil Fumarate 600/300/300mg, tablets, 30 Tabs",Efavirenz/Lamivudine/Tenofovir Disoproxil Fumarate,Generic,600/300/300mg,Tablet - FDC,30,"6,816",68160.00,10,0.33,Hetero Unit III Hyderabad IN,TRUE,2541,"$5,489.55 ",80.22
"56,734",161-ZA-T30,FPQ-7175,SCMS-103480,ASN-11804,South Africa,PMO - US,Direct Drop,DDP,Ocean,03-10-11,3/24/2011,04-Jan-12,04-Jan-12,04-Jan-12,ARV,Adult,Aurobindo Pharma Limited,"Abacavir 300mg, tablets, 60 Tabs",Abacavir,Generic,300mg,Tablet,60,"23,845",356005.85,14.93,0.25,"Aurobindo Unit III, India",TRUE,2283,"$3,649.67 ",587.41
"79,778",101-CD-T30,FPQ-14654,SCMS-253260,ASN-28279,"Congo, DRC",PMO - US,Direct Drop,EXW,Air,08-11-14,8/27/2014,04-Nov-14,04-Nov-14,20-Nov-14,HRDT,HIV test,"Trinity Biotech, Plc","HIV 1/2, Uni-Gold HIV Kit, 20 Tests","HIV 1/2, Uni-Gold HIV Kit",Uni-Gold,,Test kit,20,41,1312.00,32,1.6,"Trinity Biotech, Plc",FALSE,See ASN-28279 (ID#:13547),null,1.35
"79,810",101-CD-T30,FPQ-14654,SCMS-253260,ASN-28279,"Congo, DRC",PMO - US,Direct Drop,EXW,Air,08-11-14,8/27/2014,04-Nov-14,04-Nov-14,20-Nov-14,HRDT,HIV test,"Trinity Biotech, Plc","HIV 1/2, Uni-Gold HIV Kit, 20 Tests","HIV 1/2, Uni-Gold HIV Kit",Uni-Gold,,Test kit,20,34,1088.00,32,1.6,"Trinity Biotech, Plc",FALSE,See ASN-28279 (ID#:13547),null,1.12
"72,770",101-CD-T30,FPQ-14654,SCMS-253270,ASN-28379,"Congo, DRC",PMO - US,Direct Drop,EXW,Air,08-11-14,8/27/2014,31-Dec-14,31-Dec-14,31-Dec-14,HRDT,HIV test - Ancillary,"Orgenics, Ltd","Chase Buffer, Determine, 100 Tests, 2.5ml x 1 Vial","Chase Buffer, Determine, 100 Tests, 2.5ml x 1 Vial",Determine,,Test kit - Ancillary,1,"2,683",13415.00,5,5,"Alere Medical Co., Ltd.",FALSE,See ASN-28379 (ID#:32865),null,13.79
"56,837",106-HT-T30,FPQ-15038,SCMS-277520,ASN-30803,Haiti,PMO - US,Direct Drop,EXW,Air,10/22/2014,2/19/2015,12-Mar-15,12-Mar-15,13-Mar-15,ARV,Adult,MYLAN LABORATORIES LTD (FORMERLY MATRIX LABORATORIES),"Atazanavir/Ritonavir 300/100mg, tablets, 30 Tabs",Atazanavir/Ritonavir,Generic,300/100mg,Tablet,30,"2,000",39000.00,19.5,0.65,Mylan (formerly Matrix) Nashik,TRUE,280,"$3,029.18 ",40.09
"56,844",110-ZM-T30,FPQ-6263,SCMS-87290,ASN-8999,Zambia,PMO - US,Direct Drop,EXW,Air,09-08-10,10-07-10,17-Dec-10,16-Dec-10,16-Dec-10,HRDT,HIV test,"Orgenics, Ltd","HIV 1/2, Determine Complete HIV Kit, 100 Tests","HIV 1/2, Determine Complete HIV Kit",Determine,,Test kit,100,"2,041",163280.00,80,0.8,Inverness Japan,TRUE,989,"$16,654.29 ",352.03
"56,861",106-HT-T30,FPQ-11065,SCMS-169340,ASN-18201,Haiti,PMO - US,Direct Drop,EXW,Air,11/26/2012,12-12-12,13-Mar-13,13-Mar-13,13-Mar-13,HRDT,HIV test,"SHANGHAI KEHUA BIOENGINEERING CO.,LTD.  (KHB)","HIV 1/2, SKB Colloidal Gold, Diagnostic Kit, Antibody, 50 Tests","HIV 1/2, Colloidal Gold, Diagnostic Kit, Antibody",Colloidal Gold,,Test kit,1,250,6125.00,24.5,24.5,"KHB Test Kit Facility, Shanghai China",TRUE,164,"$2,204.84 ",7.58
"69,463",106-HT-T30,FPQ-14083,SCMS-240130,ASN-28761,Haiti,PMO - US,Direct Drop,EXW,Ocean,05-11-14,06-02-14,09-Jan-15,09-Jan-15,12-Jan-15,ARV,Adult,MICRO LABS LIMITED,"Efavirenz 600mg, tablets, 30 Tabs",Efavirenz,Generic,600mg,Tablet,30,"43,065",128333.70,2.98,0.1,"Micro labs, Verna, Goa, India",FALSE,See ASN-28761 (ID#:38632),null,131.93
"81,808",106-HT-T30,FPQ-14083,SCMS-240130,ASN-28761,Haiti,PMO - US,Direct Drop,EXW,Ocean,05-11-14,06-02-14,09-Jan-15,09-Jan-15,12-Jan-15,ARV,Adult,MICRO LABS LIMITED,"Nevirapine 200mg, tablets, 60 Tabs",Nevirapine,Generic,200mg,Tablet,60,"45,750",95160.00,2.08,0.03,"Micro labs, Verna, Goa, India",FALSE,See ASN-28761 (ID#:38632),null,97.82
"56,880",133-NG-T30,FPQ-10765,SCMS-162440,ASN-17648,Nigeria,PMO - US,Direct Drop,EXW,Air,10-05-12,10/16/2012,09-Jan-13,17-Jan-13,17-Jan-13,HRDT,HIV test,"Orgenics, Ltd","HIV 1/2, Determine Complete HIV Kit, 100 Tests","HIV 1/2, Determine Complete HIV Kit",Determine,,Test kit,100,"2,744",244216.00,89,0.89,"Alere Medical Co., Ltd.",TRUE,1235,"$25,577.20 ",342.39
"56,898",102-SD-T30,FPQ-8261,SCMS-120451,ASN-13274,Sudan,PMO - US,Direct Drop,EXW,Air,8/29/2011,9/14/2011,03-Feb-12,03-Feb-12,03-Feb-12,HRDT,HIV test,"Orgenics, Ltd","HIV 1/2, Determine Complete HIV Kit, 100 Tests","HIV 1/2, Determine Complete HIV Kit",Determine,,Test kit,100,116,10324.00,89,0.89,"Alere Medical Co., Ltd.",TRUE,45,"$1,961.65 ",17.03
"56,899",109-TZ-T30,FPQ-12197,SCMS-189360,ASN-21235,Tanzania,PMO - US,Direct Drop,EXW,Air,4/30/2013,5/29/2013,17-Sep-13,16-Sep-13,16-Sep-13,HRDT,HIV test,"Standard Diagnostics, Inc.","HIV 1/2, Determine Complete HIV Kit, 100 Tests","HIV 1/2, Determine Complete HIV Kit",Determine,,Test kit,100,"2,330",0.00,0,0,"Alere Medical Co., Ltd.",TRUE,965,"$16,382.89 ",0
"24,993",108-VN-T30,FPQ-13976,SCMS-236100,ASN-28777,Vietnam,PMO - US,Direct Drop,EXW,Air,04-08-14,4/30/2014,26-Nov-14,26-Nov-14,26-Nov-14,ARV,Adult,MICRO LABS LIMITED,"Lamivudine 150mg, tablets, 60 Tabs",Lamivudine,Generic,150mg,Tablet,60,"14,500",24940.00,1.72,0.03,"Micro labs, Verna, Goa, India",FALSE,See ASN-28777 (ID#:22196),null,25.64
"56,906",114-UG-T30,FPQ-12290,SCMS-192360,ASN-22588,Uganda,PMO - US,Direct Drop,EXW,Air,5/17/2013,6/24/2013,21-Nov-13,21-Nov-13,22-Nov-13,ARV,Adult,MYLAN LABORATORIES LTD (FORMERLY MATRIX LABORATORIES),"Atazanavir 300mg, capsules, 30 Caps",Atazanavir,Generic,300mg,Capsule,30,"7,035",105525.00,15,0.5,Mylan (formerly Matrix) Nashik,TRUE,440,"$2,242.71 ",130.53
"35,372",108-VN-T30,FPQ-13976,SCMS-236100,ASN-28777,Vietnam,PMO - US,Direct Drop,EXW,Air,04-08-14,4/30/2014,26-Nov-14,26-Nov-14,26-Nov-14,ARV,Adult,MICRO LABS LIMITED,"Nevirapine 200mg, tablets, 60 Tabs",Nevirapine,Generic,200mg,Tablet,60,"8,400",17472.00,2.08,0.03,"Micro labs, Verna, Goa, India",FALSE,See ASN-28777 (ID#:22196),null,17.96
"24,571",901-NA-T30,FPQ-14689,SCMS-253440,ASN-29097,Namibia,PMO - US,Direct Drop,EXW,Air,7/30/2014,8/29/2014,19-Nov-14,19-Nov-14,19-Nov-14,ARV,Adult,HETERO LABS LIMITED,"Lamivudine/Nevirapine/Zidovudine 150/200/300mg, tablets, 60 Tabs",Lamivudine/Nevirapine/Zidovudine,Generic,150/300/200mg,Tablet - FDC,60,"12,788",106012.52,8.29,0.14,"Hetero, Jadcherla, unit 5, IN",FALSE,See ASN-29097 (ID#:17900),null,108.98
"56,932",103-CM-T30,FPQ-12711,SCMS-203110,ASN-22043,Cameroon,PMO - US,Direct Drop,EXW,Air,08-09-13,09-04-13,10-Oct-13,10-Oct-13,21-Oct-13,HRDT,HIV test,HUMAN GMBH,"HIV 1/2, HEXAGON Rapid HIV Kit, 100 Tests","HIV 1/2, HEXAGON Rapid HIV Kit",Hexagon,,Test kit,100,30,3347.40,111.58,1.12,Human Diagnostic,TRUE,46,"$1,003.18 ",4.14
"56,940",114-UG-T30,FPQ-12477,SCMS-198530,ASN-22141,Uganda,PMO - US,Direct Drop,EXW,Air,07-08-13,7/31/2013,30-Oct-13,30-Oct-13,30-Oct-13,ARV,Adult,CIPLA LIMITED,"Lamivudine/Tenofovir Disoproxil Fumarate 300/300mg, tablets, 30 Tabs",Lamivudine/Tenofovir Disoproxil Fumarate,Generic,300/300mg,Tablet - FDC,30,"16,716",76893.60,4.6,0.15,"Cipla, Kurkumbh, India",TRUE,1874,"$7,487.81 ",95.12
"64,320",203-SZ-T30,FPQ-14826,SCMS-256310,ASN-29141,Swaziland,PMO - US,Direct Drop,EXW,Air,09-03-14,10-09-14,19-Feb-15,19-Feb-15,19-Feb-15,HRDT,HIV test - Ancillary,"Orgenics, Ltd","Chase Buffer, Determine, 100 Tests, 2.5ml x 1 Vial","Chase Buffer, Determine, 100 Tests, 2.5ml x 1 Vial",Determine,,Test kit - Ancillary,1,39,195.00,5,5,"Alere Medical Co., Ltd.",FALSE,See ASN-29141 (ID#:63419),null,0.2
"45,327",901-NA-T30,FPQ-14728,SCMS-252630,ASN-29183,Namibia,PMO - US,Direct Drop,EXW,Air,7/30/2014,8/19/2014,25-Nov-14,25-Nov-14,26-Nov-14,ARV,Adult,MYLAN LABORATORIES LTD (FORMERLY MATRIX LABORATORIES),"Efavirenz/Emtricitabine/Tenofovir Disoproxil Fumarate 600/200/300mg, tablets, 30 Tabs",Efavirenz/Emtricitabine/Tenofovir Disoproxil Fumarate,Generic,600/200/300mg,Tablet - FDC,30,"17,640",185220.00,10.5,0.35,"Mylan,  H-12 & H-13, India",FALSE,See ASN-29183 (ID#:31368),null,190.41
"64,589",114-UG-T30,FPQ-11141,SCMS-176730,ASN-19001,Uganda,PMO - US,Direct Drop,EXW,Air,12/13/2012,02-07-13,08-May-13,08-May-13,08-May-13,ARV,Pediatric,MICRO LABS LIMITED,"Efavirenz 50mg, capsule, 30 Caps",Efavirenz,Generic,50mg,Capsule,30,252,504.00,2,0.07,"Micro labs, Verna, Goa, India",TRUE,9,"$1,026.15 ",0.62
"56,962",111-MZ-T30,FPQ-8527,SCMS-130150,ASN-13534,Mozambique,PMO - US,Direct Drop,EXW,Ocean,10-05-11,11/29/2011,29-Feb-12,29-Feb-12,29-Feb-12,HRDT,HIV test,"Trinity Biotech, Plc","HIV 1/2, Uni-Gold HIV Kit, 20 Tests","HIV 1/2, Uni-Gold HIV Kit",Uni-Gold,,Test kit,20,"7,400",236800.00,32,1.6,"Trinity Biotech, Plc",TRUE,2471,"$33,872.84 ",390.72
"56,996",100-ZW-T30,FPQ-5018,SCMS-65350,ASN-6753,Zimbabwe,PMO - US,Direct Drop,EXW,Air,02-02-10,2/17/2010,20-May-10,31-May-10,31-May-10,HRDT,HIV test,"Orgenics, Ltd","HIV 1/2, Determine Complete HIV Kit, 100 Tests","HIV 1/2, Determine Complete HIV Kit",Determine,,Test kit,100,"2,450",176400.00,72,0.72,Inverness Japan,TRUE,1183,"$21,170.30 ",380.32
"3,375",104-CI-T01,Pre-PQ Process,SCMS-29340,ASN-2921,Côte d'Ivoire,PMO - US,Direct Drop,EXW,Air,Pre-PQ Process,09-03-08,23-Jan-09,23-Jan-09,23-Jan-09,ACT,ACT,IDA FOUNDATION,"Artesunate+Amodiaquine 50+153mg, tablets, co-blister 6+6 Tabs",Artesunate+Amodiaquine,Generic,30mg+ml+/,Tablet - FDC + co-blister,12,"50,000",19500.00,0.39,0.03,Ipca Dadra/Nagar Haveli IN,FALSE,See ASN-2921 (ID#:719),null,38.22
"57,055",133-NG-T30,FPQ-12812,SCMS-210351,ASN-23946,Nigeria,PMO - US,Direct Drop,EXW,Air,8/13/2013,11-01-13,18-Feb-14,18-Feb-14,19-Mar-14,HRDT,HIV test,"Orgenics, Ltd","HIV 1/2, Determine Complete HIV Kit, 100 Tests","HIV 1/2, Determine Complete HIV Kit",Determine,,Test kit,100,"10,798",961022.00,89,0.89,"Alere Medical Co., Ltd.",TRUE,4388,"$66,059.65 ","1,188.78"
"57,087",114-UG-T30,FPQ-14407,SCMS-244540,ASN-28239,Uganda,PMO - US,Direct Drop,EXW,Air,06-11-14,6/20/2014,28-Oct-14,28-Oct-14,29-Oct-14,ARV,Adult,MYLAN LABORATORIES LTD (FORMERLY MATRIX LABORATORIES),"Atazanavir/Ritonavir 300/100mg, tablets, 30 Tabs",Atazanavir/Ritonavir,Generic,300/100mg,Tablet,30,"3,115",62300.00,20,0.67,Mylan (formerly Matrix) Nashik,TRUE,420,"$2,335.73 ",64.04
"57,117",161-ZA-T30,FPQ-7175,SCMS-103500,ASN-11199,South Africa,PMO - US,Direct Drop,DDP,Ocean,03-10-11,3/24/2011,02-Sep-11,02-Sep-11,02-Sep-11,ARV,Adult,Aurobindo Pharma Limited,"Lamivudine/Zidovudine 150/300mg, tablets, 60 Tabs",Lamivudine/Zidovudine,Generic,150/300mg,Tablet - FDC,60,"25,000",210500.00,8.42,0.14,"Aurobindo Unit III, India",TRUE,2303,"$3,790 ",347.32
"57,173",104-CI-T30,FPQ-4484,SCMS-56480,ASN-5620,Côte d'Ivoire,PMO - US,Direct Drop,EXW,Air,10/29/2009,11-03-09,21-Jan-10,21-Jan-10,21-Jan-10,HRDT,HIV test,"Orgenics, Ltd","HIV 1/2, Determine HIV Kit, without Lancets, 100 Tests","HIV 1/2, Determine HIV Kit, without Lancets",Determine,,Test kit,100,"3,500",245000.00,70,0.7,Inverness Japan,TRUE,794,"$12,499.27 ",528.22
"9,952",104-CI-T01,Pre-PQ Process,SCMS-29340,ASN-2921,Côte d'Ivoire,PMO - US,Direct Drop,EXW,Air,Pre-PQ Process,09-03-08,23-Jan-09,23-Jan-09,23-Jan-09,ACT-sfs,ACT,IDA FOUNDATION,"Artesunate+Amodiaquine 50+153mg, tablets, co-blister 12+12 Tabs",Artesunate+Amodiaquine,Generic,50+153mg,Tablet - FDC + co-blister,24,"20,000",14000.00,0.7,0.03,Ipca Dadra/Nagar Haveli IN,FALSE,See ASN-2921 (ID#:719),null,27.44
"82,177",108-VN-T30,FPQ-14516,SCMS-249050,ASN-29372,Vietnam,PMO - US,Direct Drop,EXW,Air,07-09-14,08-11-14,17-Dec-14,17-Dec-14,17-Dec-14,ARV,Adult,HETERO LABS LIMITED,"Efavirenz 600mg, tablets, 30 Tabs",Efavirenz,Generic,600mg,Tablet,30,"5,000",17500.00,3.5,0.12,Hetero Unit III Hyderabad IN,FALSE,See ASN-29372 (ID#:71477),null,17.99
"57,266",103-KE-T30,FPQ-9856,SCMS-149180,ASN-16494,Kenya,PMO - US,Direct Drop,EXW,Air,5/24/2012,6/13/2012,15-Oct-12,15-Oct-12,15-Oct-12,HRDT,HIV test,"Trinity Biotech, Plc","HIV 1/2, Uni-Gold HIV Kit, 20 Tests","HIV 1/2, Uni-Gold HIV Kit",Uni-Gold,,Test kit,20,"15,000",480000.00,32,1.6,"Trinity Biotech, Plc",TRUE,4956,"$36,219.03 ",672.96
"61,737",108-VN-T30,FPQ-14516,SCMS-249050,ASN-29376,Vietnam,PMO - US,Direct Drop,EXW,Air,07-09-14,08-11-14,17-Dec-14,17-Dec-14,17-Dec-14,ARV,Adult,HETERO LABS LIMITED,"Efavirenz/Lamivudine/Tenofovir Disoproxil Fumarate 600/300/300mg, tablets, 30 Tabs",Efavirenz/Lamivudine/Tenofovir Disoproxil Fumarate,Generic,600/300/300mg,Tablet - FDC,30,"11,904",124992.00,10.5,0.35,Hetero Unit III Hyderabad IN,FALSE,See ASN-29376 (ID#:13766),null,128.49
"57,339",161-ZA-T30,FPQ-7175,SCMS-103680,ASN-13226,South Africa,PMO - US,Direct Drop,DDP,Ocean,03-10-11,3/23/2011,01-Dec-11,09-Jan-12,09-Jan-12,ARV,Adult,EMCURE PHARMACEUTICALS LTD,"Efavirenz 600mg, tablets, 30 Tabs",Efavirenz,Generic,600mg,Tablet,30,"105,813",454995.90,4.3,0.14,"Emcure Plot No.P-2, I.T-B.T. Park, Phase II, MIDC, Hinjwadi, Pune, India",TRUE,8351,"$7,292.26 ",750.74
"79,283",108-VN-T30,FPQ-14516,SCMS-251680,ASN-29384,Vietnam,PMO - US,Direct Drop,EXW,Air,07-09-14,08-11-14,24-Dec-14,24-Dec-14,24-Dec-14,ARV,Adult,HETERO LABS LIMITED,"Efavirenz/Lamivudine/Tenofovir Disoproxil Fumarate 600/300/300mg, tablets, 30 Tabs",Efavirenz/Lamivudine/Tenofovir Disoproxil Fumarate,Generic,600/300/300mg,Tablet - FDC,30,"15,840",166320.00,10.5,0.35,Hetero Unit III Hyderabad IN,FALSE,See ASN-29384 (ID#:33441),null,170.98
"57,346",103-CM-T30,FPQ-8396,SCMS-122270,ASN-12701,Cameroon,PMO - US,Direct Drop,EXW,Air,9/13/2011,9/15/2011,18-Nov-11,18-Nov-11,18-Nov-11,HRDT,HIV test,HUMAN GMBH,"HIV 1/2, HEXAGON Rapid HIV Kit, 100 Tests","HIV 1/2, HEXAGON Rapid HIV Kit",Hexagon,,Test kit,100,20,2231.60,111.58,1.12,Human Diagnostic,TRUE,30,$549.16 ,3.68
"74,288",108-VN-T30,FPQ-14516,SCMS-251680,ASN-29386,Vietnam,PMO - US,Direct Drop,EXW,Air,07-09-14,08-11-14,19-Dec-14,19-Dec-14,19-Dec-14,ARV,Adult,HETERO LABS LIMITED,"Efavirenz 600mg, tablets, 30 Tabs",Efavirenz,Generic,600mg,Tablet,30,"10,000",35000.00,3.5,0.12,Hetero Unit III Hyderabad IN,FALSE,See ASN-29386 (ID#:42295),null,35.98
"57,379",108-VN-T30,FPQ-4266,SCMS-56540,ASN-7740,Vietnam,PMO - US,Direct Drop,EXW,Air,10/20/2009,11-11-09,23-Aug-10,23-Aug-10,23-Aug-10,ARV,Adult,Aurobindo Pharma Limited,"Lamivudine/Zidovudine 150/300mg, tablets, 60 Tabs",Lamivudine/Zidovudine,Generic,150/300mg,Tablet - FDC,60,"22,008",189488.88,8.61,0.14,"Aurobindo Unit III, India",TRUE,2148,"$12,793.94 ",371.4
"57,392",900-UG-T30,FPQ-10089,SCMS-149411,ASN-15514,Uganda,PMO - US,Direct Drop,EXW,Air,06-07-12,06-12-12,27-Jul-12,27-Jul-12,27-Jul-12,ARV,Adult,HETERO LABS LIMITED,"Nevirapine 200mg, tablets, 60 Tabs",Nevirapine,Generic,200mg,Tablet,60,"40,860",95612.40,2.34,0.04,Hetero Unit III Hyderabad IN,TRUE,12945,"$48,653.36 ",134.05
"50,985",105-SS-T30,FPQ-14470,SCMS-245260,ASN-29409,South Sudan,PMO - US,Direct Drop,EXW,Air,6/17/2014,6/30/2014,22-Dec-14,22-Dec-14,13-Jan-15,HRDT,HIV test - Ancillary,"Orgenics, Ltd","Capillary Tubes, for Determine, EDTA, 50uL,100 Pcs","HIV, Capillary Tubes, for Determine, EDTA, 50uL,100 Pcs",Determine,,Test kit - Ancillary,100,115,920.00,8,0.08,"Alere Medical Co., Ltd.",FALSE,See ASN-29409 (ID#:20185),null,0.95
"57,447",108-VN-T30,FPQ-13034,SCMS-210050,ASN-25327,Vietnam,PMO - US,Direct Drop,EXW,Air,10-04-13,10-07-13,15-May-14,15-May-14,14-May-14,ARV,Adult,MYLAN LABORATORIES LTD (FORMERLY MATRIX LABORATORIES),"Lamivudine/Nevirapine/Zidovudine 150/200/300mg, tablets, 60 Tabs",Lamivudine/Nevirapine/Zidovudine,Generic,150/300/200mg,Tablet - FDC,60,"4,980",40338.00,8.1,0.13,Mylan (formerly Matrix) Nashik,TRUE,695,"$1,377.02 ",49.9
"57,449",108-VN-T30,FPQ-14516,SCMS-249030,ASN-29588,Vietnam,PMO - US,Direct Drop,FCA,Air,07-09-14,08-11-14,15-Jan-15,15-Jan-15,22-Jan-15,ARV,Adult,ABBVIE LOGISTICS (FORMERLY ABBOTT LOGISTICS BV),"Lopinavir/Ritonavir 200/50mg [Aluvia], tablets, 120 Tabs",Lopinavir/Ritonavir,Aluvia,200/50mg,Tablet,120,"4,400",267608.00,60.82,0.51,ABBVIE Ludwigshafen Germany,TRUE,1073,"$1,475.94 ",275.1
"57,493",104-CI-T30,FPQ-5544,SCMS-71910,ASN-7323,Côte d'Ivoire,PMO - US,Direct Drop,CIP,Air,4/19/2010,4/26/2010,06-Jul-10,06-Jul-10,06-Jul-10,ARV,Pediatric,BRISTOL-MYERS SQUIBB,"Didanosine 50mg [Videx], chewable tablets, 60 Tabs",Didanosine,Videx,50mg,Chewable/dispersible tablet,60,"2,000",19000.00,9.5,0.16,"BMS Meymac, France",TRUE,391,$830.05 ,40.96
"57,513",102-AO-T30,FPQ-6434,SCMS-91620,ASN-9640,Angola,PMO - US,Direct Drop,EXW,Air,10/28/2010,11-10-10,14-Apr-11,14-Apr-11,14-Apr-11,HRDT,HIV test,"Trinity Biotech, Plc","HIV 1/2, Uni-Gold HIV Kit, 20 Tests","HIV 1/2, Uni-Gold HIV Kit",Uni-Gold,,Test kit,20,500,16000.00,32,1.6,"Trinity Biotech, Plc",TRUE,260,"$9,597.90 ",34.5
"70,844",105-SS-T30,FPQ-14470,SCMS-245260,ASN-29409,South Sudan,PMO - US,Direct Drop,EXW,Air,6/17/2014,6/30/2014,22-Dec-14,22-Dec-14,13-Jan-15,HRDT,HIV test,"Orgenics, Ltd","HIV 1/2, Determine Complete HIV Kit, 100 Tests","HIV 1/2, Determine Complete HIV Kit",Determine,,Test kit,100,350,31150.00,89,0.89,"Alere Medical Co., Ltd.",FALSE,See ASN-29409 (ID#:20185),null,32.02
"57,538",161-ZA-T30,FPQ-6262,SCMS-83810,ASN-10575,South Africa,PMO - US,Direct Drop,DDP,Ocean,8/31/2010,9/24/2010,03-Jun-11,03-Jun-11,03-Jun-11,ARV,Pediatric,Aurobindo Pharma Limited,"Efavirenz 50mg, capsule, 30 Caps",Efavirenz,Generic,50mg,Capsule,30,"55,000",131450.00,2.39,0.08,"Aurobindo Unit III, India",TRUE,3099,"$7,321.43 ",283.41
"33,909",105-SS-T30,FPQ-14470,SCMS-245240,ASN-29503,South Sudan,PMO - US,Direct Drop,EXW,Air,6/17/2014,07-01-14,09-Jan-15,09-Jan-15,19-Jan-15,HRDT,HIV test,"Trinity Biotech, Plc","HIV 1/2, Uni-Gold HIV Kit, 20 Tests","HIV 1/2, Uni-Gold HIV Kit",Uni-Gold,,Test kit,20,25,800.00,32,1.6,"Trinity Biotech, Plc",FALSE,See ASN-29503 (ID#:13571),null,0.82
"57,541",111-MZ-T30,FPQ-7054,SCMS-98430,ASN-12216,Mozambique,PMO - US,Direct Drop,FCA,Air,1/21/2011,02-08-11,02-Nov-11,02-Nov-11,02-Nov-11,ARV,Adult,Hoffmann-La Roche ltd Basel,"Saquinavir 200mg [Invirase], capsules, 270 Caps",Saquinavir,Invirase,200mg,Capsule,270,461,47723.35,103.52,0.38,Roche Basel,TRUE,238,"$2,556.61 ",78.74
"70,144",105-SS-T30,FPQ-14470,SCMS-245240,ASN-29503,South Sudan,PMO - US,Direct Drop,EXW,Air,6/17/2014,07-01-14,09-Jan-15,09-Jan-15,19-Jan-15,HRDT,HIV test,"Trinity Biotech, Plc","HIV 1/2, Uni-Gold HIV Kit, 20 Tests","HIV 1/2, Uni-Gold HIV Kit",Uni-Gold,,Test kit,20,35,1120.00,32,1.6,"Trinity Biotech, Plc",FALSE,See ASN-29503 (ID#:13571),null,1.15
"57,590",114-UG-T30,FPQ-12477,SCMS-198541,ASN-22495,Uganda,PMO - US,Direct Drop,EXW,Air,07-08-13,09-10-13,16-Nov-13,16-Nov-13,26-Nov-13,ARV,Adult,CIPLA LIMITED,"Lamivudine/Tenofovir Disoproxil Fumarate 300/300mg, tablets, 30 Tabs",Lamivudine/Tenofovir Disoproxil Fumarate,Generic,300/300mg,Tablet - FDC,30,"40,000",184000.00,4.6,0.15,"Cipla, Kurkumbh, India",TRUE,4620,"$18,550.93 ",227.61
"57,596",900-SZ-T30,FPQ-8386,SCMS-122660,ASN-12494,Swaziland,PMO - US,Direct Drop,EXW,Ocean,9/14/2011,9/22/2011,15-Dec-11,15-Dec-11,15-Dec-11,ARV,Adult,MYLAN LABORATORIES LTD (FORMERLY MATRIX LABORATORIES),"Efavirenz/Lamivudine/Tenofovir Disoproxil Fumarate 600/300/300mg, tablets, 30 Tabs",Efavirenz/Lamivudine/Tenofovir Disoproxil Fumarate,Generic,600/300/300mg,Tablet - FDC,30,"97,300",1371930.00,14.1,0.47,Mylan (formerly Matrix) Nashik,TRUE,11433,"$12,323.93 ","2,263.68"
"57,637",107-RW-T30,FPQ-6417,SCMS-87200,ASN-8567,Rwanda,PMO - US,Direct Drop,EXW,Air,9/20/2010,10-06-10,23-Dec-10,23-Dec-10,23-Dec-10,HRDT,HIV test,"Standard Diagnostics, Inc.","HIV 1/2, Bioline 3.0 Kit, (no accessories), 30 Tests","HIV 1/2, Bioline 3.0 Kit (no accessories)",Bioline,,Test kit,30,"1,700",40800.00,24,0.8,"Standard Diagnostics, Korea",TRUE,570,"$9,054.08 ",87.96
"57,661",102-SD-T30,FPQ-7320,SCMS-107750,ASN-11112,Sudan,PMO - US,Direct Drop,EXW,Air,3/29/2011,05-02-11,01-Jul-11,01-Jul-11,01-Jul-11,HRDT,HIV test - Ancillary,"Orgenics, Ltd","Capillary Tubes, for Determine, EDTA, 50uL,100 Pcs","HIV, Capillary Tubes, for Determine, EDTA, 50uL,100 Pcs",Determine,,Test kit - Ancillary,100,33,396.00,12,0.12,Inverness Japan,TRUE,3,"$1,209.56 ",0.65
"57,701",103-SS-T30,FPQ-13172,SCMS-213420,ASN-23156,South Sudan,PMO - US,Direct Drop,EXW,Air,10/28/2013,11-06-13,27-Feb-14,27-Feb-14,04-Mar-14,HRDT,HIV test,"Orgenics, Ltd","HIV 1/2, Determine Complete HIV Kit, 100 Tests","HIV 1/2, Determine Complete HIV Kit",Determine,,Test kit,100,694,61766.00,89,0.89,"Alere Medical Co., Ltd.",TRUE,285,"$4,350.03 ",63.5
"57,727",144-BW-T30,FPQ-4167,SCMS-54020,ASN-6952,Botswana,PMO - US,Direct Drop,EXW,Air,09-09-09,9/29/2009,15-Jun-10,15-Jun-10,15-Jun-10,HRDT,HIV test,"Orgenics, Ltd","HIV 1/2, Determine HIV Kit, without Lancets, 100 Tests","HIV 1/2, Determine HIV Kit, without Lancets",Determine,,Test kit,100,8,560.00,70,0.7,Inverness Japan,TRUE,3,$584.10 ,1.1
"57,733",106-HT-T30,FPQ-11286,SCMS-176340,ASN-19535,Haiti,PMO - US,Direct Drop,EXW,Air,1/16/2013,02-05-13,10-Jun-13,10-Jun-13,10-Jun-13,ARV,Adult,HETERO LABS LIMITED,"Lamivudine/Stavudine 150/30mg, tablets, 60 Tabs",Lamivudine/Stavudine,Generic,150/30mg,Tablet - FDC,60,336,836.64,2.49,0.04,Hetero Unit III Hyderabad IN,TRUE,37,"$1,845.90 ",1.03
"57,738",901-CM-T30,FPQ-12528,SCMS-196510,ASN-21499,Cameroon,PMO - US,Direct Drop,EXW,Air,6/21/2013,6/28/2013,26-Sep-13,26-Sep-13,26-Sep-13,ARV,Adult,MYLAN LABORATORIES LTD (FORMERLY MATRIX LABORATORIES),"Efavirenz/Lamivudine/Tenofovir Disoproxil Fumarate 600/300/300mg, tablets, 30 Tabs",Efavirenz/Lamivudine/Tenofovir Disoproxil Fumarate,Generic,600/300/300mg,Tablet - FDC,30,"44,407",495138.05,11.15,0.37,Mylan (formerly Matrix) Nashik,TRUE,5016,"$43,408.70 ",612.49
"57,747",106-HT-T30,FPQ-9635,SCMS-152710,ASN-16346,Haiti,PMO - US,Direct Drop,EXW,Air,5/14/2012,07-12-12,04-Oct-12,04-Oct-12,04-Oct-12,ARV,Pediatric,Aurobindo Pharma Limited,"Nevirapine 50mg, dispersible tablets (tablets for oral suspension), 30 Tabs",Nevirapine,Generic,50mg,Chewable/dispersible tablet,30,"2,891",3613.75,1.25,0.04,"Aurobindo Unit III, India",TRUE,156,"$1,887.58 ",5.07
"70,750",105-SS-T30,FPQ-14470,SCMS-245240,ASN-29503,South Sudan,PMO - US,Direct Drop,EXW,Air,6/17/2014,07-01-14,09-Jan-15,09-Jan-15,19-Jan-15,HRDT,HIV test,"Trinity Biotech, Plc","HIV 1/2, Uni-Gold HIV Kit, 20 Tests","HIV 1/2, Uni-Gold HIV Kit",Uni-Gold,,Test kit,20,450,14400.00,32,1.6,"Trinity Biotech, Plc",FALSE,See ASN-29503 (ID#:13571),null,14.8
"55,643",108-VN-T30,FPQ-14516,SCMS-249040,ASN-29768,Vietnam,PMO - US,Direct Drop,EXW,Air,07-09-14,08-08-14,05-Feb-15,05-Feb-15,05-Feb-15,ARV,Adult,MYLAN LABORATORIES LTD (FORMERLY MATRIX LABORATORIES),"Lamivudine/Zidovudine 150/300mg, tablets, 60 Tabs",Lamivudine/Zidovudine,Generic,150/300mg,Tablet - FDC,60,"10,000",64900.00,6.49,0.11,Mylan (formerly Matrix) Nashik,FALSE,See ASN-29768 (ID#:13555),null,66.72
"9,815",113-ZW-T01,Pre-PQ Process,SCMS-25300,ASN-2997,Zimbabwe,PMO - US,Direct Drop,EXW,Air,Pre-PQ Process,06-12-08,22-Jan-09,22-Jan-09,22-Jan-09,HRDT,HIV test - Ancillary,"Orgenics, Ltd","HIV, Lancet, Safety, for HIV Test kits, 100 Pcs","HIV, Lancet, Safety, for HIV Test kits, 100 Pcs",Generic,10mg+ml+/,Test kit - Ancillary,100,"1,396",13.96,0.01,0,Inverness Japan,FALSE,See ASN-2997 (ID#:5860),null,0.03
"81,254",106-HT-T30,FPQ-15038,SCMS-262910,ASN-30183,Haiti,PMO - US,Direct Drop,EXW,Ocean,10/22/2014,12/24/2014,13-Mar-15,13-Mar-15,18-Mar-15,ARV,Pediatric,Aurobindo Pharma Limited,"Abacavir 20mg/ml, oral solution, Bottle, 240 ml",Abacavir,Generic,20mg/ml,Oral solution,240,300,2049.00,6.83,0.03,"Aurobindo Unit III, India",FALSE,See ASN-30183 (ID#:51410),null,2.11
"76,144",111-MZ-T30,FPQ-15324,SCMS-264780,ASN-30261,Mozambique,PMO - US,Direct Drop,EXW,Air,11-12-14,11/19/2014,10-Feb-15,10-Feb-15,18-Feb-15,HRDT,HIV test,"Orgenics, Ltd","HIV 1/2, Determine Kit without Lancets, Buffer or Caplillary Tubes, 100 Tests","HIV 1/2, Determine Kit without Lancets, Buffer or Capillary Tubes, 100 Tests",Determine,,Test kit,100,18,1298.70,72.15,0.72,"Alere Medical Co., Ltd.",FALSE,See ASN-30261 (ID#:19627),null,1.53
"81,077",108-VN-T30,FPQ-15087,SCMS-261440,ASN-30320,Vietnam,PMO - US,Direct Drop,EXW,Air,10/24/2014,10/30/2014,10-Mar-15,10-Mar-15,10-Mar-15,ARV,Adult,HETERO LABS LIMITED,"Nevirapine 200mg, tablets, 60 Tabs",Nevirapine,Generic,200mg,Tablet,60,"4,300",9288.00,2.16,0.04,Hetero Unit III Hyderabad IN,FALSE,See ASN-30320 (ID#:53759),null,10.93
"57,849",109-TZ-T30,FPQ-4157,SCMS-52776,ASN-5591,Tanzania,PMO - US,Direct Drop,EXW,Air,8/27/2009,09-11-09,24-Dec-09,24-Dec-09,24-Dec-09,HRDT,HIV test,"Standard Diagnostics, Inc.","HIV 1/2, Bioline 3.0 Kit, (no accessories), 30 Tests","HIV 1/2, Bioline 3.0 Kit (no accessories)",Bioline,,Test kit,30,"4,950",118800.00,24,0.8,"Standard Diagnostics, Korea",TRUE,1650,"$11,737.26 ",232.85
"25,928",106-HT-T30,FPQ-15038,SCMS-262980,ASN-30463,Haiti,PMO - US,Direct Drop,EXW,Ocean,10/22/2014,01-07-15,09-Apr-15,09-Apr-15,13-Apr-15,ARV,Adult,HETERO LABS LIMITED,"Nevirapine 200mg, tablets, 60 Tabs",Nevirapine,Generic,200mg,Tablet,60,"12,600",27216.00,2.16,0.04,Hetero Unit III Hyderabad IN,FALSE,See ASN-30463 (ID#:15460),null,27.98
"50,910",106-HT-T30,FPQ-15038,SCMS-262980,ASN-30463,Haiti,PMO - US,Direct Drop,EXW,Ocean,10/22/2014,01-07-15,09-Apr-15,09-Apr-15,13-Apr-15,ARV,Adult,HETERO LABS LIMITED,"Lamivudine/Zidovudine 150/300mg, tablets, 60 Tabs",Lamivudine/Zidovudine,Generic,150/300mg,Tablet - FDC,60,"31,806",210237.66,6.61,0.11,Hetero Unit III Hyderabad IN,FALSE,See ASN-30463 (ID#:15460),null,216.12
"57,866",114-UG-T30,FPQ-12290,SCMS-192210,ASN-22576,Uganda,PMO - US,Direct Drop,EXW,Air,5/17/2013,6/24/2013,21-Nov-13,21-Nov-13,22-Nov-13,ARV,Adult,MYLAN LABORATORIES LTD (FORMERLY MATRIX LABORATORIES),"Atazanavir 300mg, capsules, 30 Caps",Atazanavir,Generic,300mg,Capsule,30,"1,946",29190.00,15,0.5,Mylan (formerly Matrix) Nashik,TRUE,122,"$1,249.78 ",36.11
"62,077",106-HT-T30,FPQ-15038,SCMS-262980,ASN-30463,Haiti,PMO - US,Direct Drop,EXW,Ocean,10/22/2014,01-07-15,09-Apr-15,09-Apr-15,13-Apr-15,ARV,Adult,HETERO LABS LIMITED,"Efavirenz/Lamivudine/Tenofovir Disoproxil Fumarate 600/300/300mg, tablets, 30 Tabs",Efavirenz/Lamivudine/Tenofovir Disoproxil Fumarate,Generic,600/300/300mg,Tablet - FDC,30,"39,015",399903.75,10.25,0.34,Hetero Unit III Hyderabad IN,FALSE,See ASN-30463 (ID#:15460),null,411.1
"68,496",106-HT-T30,FPQ-15038,SCMS-262980,ASN-30463,Haiti,PMO - US,Direct Drop,EXW,Ocean,10/22/2014,01-07-15,09-Apr-15,09-Apr-15,13-Apr-15,ARV,Adult,HETERO LABS LIMITED,"Tenofovir Disoproxil Fumarate 300mg, tablets, 30 Tabs",Tenofovir Disoproxil Fumarate,Generic,300mg,Tablet,30,336,1192.80,3.55,0.12,Hetero Unit III Hyderabad IN,FALSE,See ASN-30463 (ID#:15460),null,1.23
"57,902",104-CI-T30,FPQ-3967,SCMS-52691,ASN-5781,Côte d'Ivoire,PMO - US,Direct Drop,CIP,Air,8/21/2009,11-02-09,15-Jan-10,15-Jan-10,15-Jan-10,ARV,Pediatric,BRISTOL-MYERS SQUIBB,"Didanosine 50mg [Videx], chewable tablets, 60 Tabs",Didanosine,Videx,50mg,Chewable/dispersible tablet,60,386,3667.00,9.5,0.16,"BMS Meymac, France",TRUE,78,$570.75 ,7.19
"71,956",106-HT-T30,FPQ-15038,SCMS-262980,ASN-30463,Haiti,PMO - US,Direct Drop,EXW,Ocean,10/22/2014,01-07-15,09-Apr-15,09-Apr-15,13-Apr-15,ARV,Adult,HETERO LABS LIMITED,"Lamivudine/Nevirapine/Zidovudine 150/200/300mg, tablets, 60 Tabs",Lamivudine/Nevirapine/Zidovudine,Generic,150/300/200mg,Tablet - FDC,60,"36,000",298440.00,8.29,0.14,Hetero Unit III Hyderabad IN,FALSE,See ASN-30463 (ID#:15460),null,306.8
"72,933",105-GH-T30,FPQ-14667,SCMS-254770,ASN-30499,Ghana,PMO - US,Direct Drop,EXW,Air,08-11-14,9/25/2014,10-Apr-15,10-Apr-15,13-Apr-15,ARV,Pediatric,MYLAN LABORATORIES LTD (FORMERLY MATRIX LABORATORIES),"Lamivudine/Zidovudine 30/60mg, dispersible tablets, 60 Tabs",Lamivudine/Zidovudine,Generic,30/60mg,Chewable/dispersible tablet - FDC,60,"11,538",22960.62,1.99,0.03,"Mylan,  H-12 & H-13, India",FALSE,See ASN-30499 (ID#:52793),null,23.6
"57,928",110-ZM-T30,FPQ-4691,SCMS-60710,ASN-6291,Zambia,PMO - US,Direct Drop,EXW,Air,12/16/2009,12/22/2009,18-Mar-10,18-Mar-10,18-Mar-10,HRDT,HIV test,"Orgenics, Ltd","HIV 1/2, Determine Complete HIV Kit, 100 Tests","HIV 1/2, Determine Complete HIV Kit",Determine,,Test kit,100,"2,100",151200.00,72,0.72,Inverness Japan,TRUE,1016,"$16,061.50 ",325.99
"71,316",108-VN-T30,FPQ-15292,SCMS-268410,ASN-30672,Vietnam,PMO - US,Direct Drop,FCA,Air,12-05-14,12/18/2014,19-Mar-15,19-Mar-15,19-Mar-15,ARV,Adult,ABBVIE LOGISTICS (FORMERLY ABBOTT LOGISTICS BV),"Lopinavir/Ritonavir 200/50mg [Aluvia], tablets, 120 Tabs",Lopinavir/Ritonavir,Aluvia,200/50mg,Tablet,120,"5,000",304000.00,60.8,0.51,ABBVIE Ludwigshafen Germany,FALSE,See ASN-30672 (ID#:40443),null,357.81
"70,131",108-VN-T30,FPQ-15292,SCMS-268450,ASN-30674,Vietnam,PMO - US,Direct Drop,FCA,Air,12-05-14,12/18/2014,31-Mar-15,31-Mar-15,31-Mar-15,ARV,Adult,ABBVIE LOGISTICS (FORMERLY ABBOTT LOGISTICS BV),"Ritonavir 100mg [Norvir], film coated tablets, 30 Tabs",Ritonavir,Norvir,100mg,Tablet,30,572,13304.72,23.26,0.78,ABBVIE Ludwigshafen Germany,FALSE,See ASN-30674 (ID#:54100),null,15.66
"57,997",109-TZ-T30,FPQ-11881,SCMS-182820,ASN-19790,Tanzania,PMO - US,Direct Drop,EXW,Air,3/14/2013,04-11-13,25-Jun-13,25-Jun-13,25-Jun-13,HRDT,HIV test,"Orgenics, Ltd","HIV 1/2, Determine Complete HIV Kit, 100 Tests","HIV 1/2, Determine Complete HIV Kit",Determine,,Test kit,100,610,48800.00,80,0.8,"Alere Medical Co., Ltd.",TRUE,268,"$5,187.90 ",60.37
"73,403",101-AF-T30,FPQ-15746,SCMS-275090,ASN-30861,Afghanistan,PMO - US,Direct Drop,EXW,Air,1/20/2015,02-09-15,12-Jul-15,12-Jul-15,13-Jul-15,ANTM-6eg,Malaria,IMRES B.V.,"Quinine sulphate 300mg, film coated tablet, 1000 Tabs",Quinine,Generic,300mg,Tablet,"1,000",57,2881.35,50.55,0.05,Mepro Pharm Wadhwan Unit II,FALSE,See ASN-30861 (ID#:41238),null,3.39
"64,377",108-VN-T30,FPQ-15087,SCMS-261460,ASN-30940,Vietnam,PMO - US,Direct Drop,EXW,Air,10/24/2014,10/30/2014,31-Mar-15,31-Mar-15,31-Mar-15,ARV,Adult,HETERO LABS LIMITED,"Nevirapine 200mg, tablets, 60 Tabs",Nevirapine,Generic,200mg,Tablet,60,"7,700",16632.00,2.16,0.04,Hetero Unit III Hyderabad IN,FALSE,See ASN-30940 (ID#:51233),null,19.58
"58,064",108-VN-T30,FPQ-7898,SCMS-113700,ASN-12727,Vietnam,PMO - US,Direct Drop,FCA,Air,6/27/2011,07-08-11,23-Nov-11,23-Nov-11,23-Nov-11,ARV,Adult,ABBVIE LOGISTICS (FORMERLY ABBOTT LOGISTICS BV),"Lopinavir/Ritonavir 200/50mg [Aluvia], tablets, 120 Tabs",Lopinavir/Ritonavir,Aluvia,200/50mg,Tablet,120,"1,435",117957.00,82.2,0.68,ABBVIE Ludwigshafen Germany,TRUE,355,"$5,101.21 ",194.63
"58,111",161-ZA-T30,FPQ-6262,SCMS-83790,ASN-8904,South Africa,PMO - US,Direct Drop,DDP,Ocean,8/31/2010,9/24/2010,06-Jan-11,06-Jan-11,06-Jan-11,ARV,Pediatric,Aurobindo Pharma Limited,"Nevirapine 10mg/ml, oral suspension w/syringe, Bottle, 240 ml",Nevirapine,Generic,10mg/ml,Oral suspension,240,"10,702",22688.24,2.12,0.01,"Aurobindo Unit III, India",TRUE,3967,"$8,169.70 ",48.92
"58,134",133-NG-T30,FPQ-12456,SCMS-196561,ASN-22352,Nigeria,PMO - US,Direct Drop,EXW,Air,06-10-13,07-10-13,07-Nov-13,11-Nov-13,17-Nov-13,HRDT,HIV test,"Orgenics, Ltd","HIV 1/2, Determine Complete HIV Kit, 100 Tests","HIV 1/2, Determine Complete HIV Kit",Determine,,Test kit,100,"3,050",271450.00,89,0.89,"Alere Medical Co., Ltd.",TRUE,1238,"$22,872.42 ",335.78
"36,617",108-VN-T30,FPQ-15040,SCMS-263660,ASN-30941,Vietnam,PMO - US,Direct Drop,EXW,Air,10/30/2014,12-08-14,31-Mar-15,31-Mar-15,01-Apr-15,ARV,Adult,HETERO LABS LIMITED,"Abacavir 300mg, tablets, 60 Tabs",Abacavir,Generic,300mg,Tablet,60,800,8960.00,11.2,0.19,Hetero Unit III Hyderabad IN,FALSE,See ASN-30941 (ID#:32306),null,9.21
"58,192",161-ZA-T30,FPQ-6262,SCMS-84230,ASN-9617,South Africa,PMO - US,Direct Drop,DDP,Ocean,8/31/2010,9/21/2010,05-Apr-11,05-Apr-11,05-Apr-11,ARV,Adult,STRIDES ARCOLAB LIMITED,"Nevirapine 200mg, tablets, 60 Tabs",Nevirapine,Generic,200mg,Tablet,60,"172,428",494868.36,2.87,0.05,"Strides, Bangalore, India.",TRUE,10859,"$17,278.96 ","1,066.94"
"58,197",133-NG-T30,FPQ-12456,SCMS-196561,ASN-22356,Nigeria,PMO - US,Direct Drop,EXW,Air,06-10-13,07-10-13,07-Nov-13,11-Nov-13,17-Nov-13,HRDT,HIV test,"Orgenics, Ltd","HIV 1/2, Determine Complete HIV Kit, 100 Tests","HIV 1/2, Determine Complete HIV Kit",Determine,,Test kit,100,"2,949",262461.00,89,0.89,"Alere Medical Co., Ltd.",TRUE,1192,"$19,458.84 ",324.66
"58,202",108-VN-T30,FPQ-15040,SCMS-263630,ASN-31647,Vietnam,PMO - US,Direct Drop,EXW,Air,10/30/2014,12-08-14,01-Jun-15,01-Jun-15,01-Jun-15,ARV,Adult,MYLAN LABORATORIES LTD (FORMERLY MATRIX LABORATORIES),"Efavirenz/Lamivudine/Tenofovir Disoproxil Fumarate 600/300/300mg, tablets, 30 Tabs",Efavirenz/Lamivudine/Tenofovir Disoproxil Fumarate,Generic,600/300/300mg,Tablet - FDC,30,"21,384",217047.60,10.15,0.34,Mylan (formerly Matrix) Nashik,TRUE,2406,"$4,872.65 ",223.12
"58,211",104-CI-T30,FPQ-4484,SCMS-56482,ASN-6027,Côte d'Ivoire,PMO - US,Direct Drop,EXW,Air,10/29/2009,11-03-09,19-Feb-10,19-Feb-10,19-Feb-10,HRDT,HIV test,"Orgenics, Ltd","HIV 1/2, Determine HIV Kit, without Lancets, 100 Tests","HIV 1/2, Determine HIV Kit, without Lancets",Determine,,Test kit,100,"3,500",245000.00,70,0.7,Inverness Japan,TRUE,794,"$12,619.38 ",528.22
"65,263",108-VN-T30,FPQ-15040,SCMS-263660,ASN-30941,Vietnam,PMO - US,Direct Drop,EXW,Air,10/30/2014,12-08-14,31-Mar-15,31-Mar-15,01-Apr-15,ARV,Adult,HETERO LABS LIMITED,"Tenofovir Disoproxil Fumarate 300mg, tablets, 30 Tabs",Tenofovir Disoproxil Fumarate,Generic,300mg,Tablet,30,"8,000",28400.00,3.55,0.12,Hetero Unit III Hyderabad IN,FALSE,See ASN-30941 (ID#:32306),null,29.2
"62,194",108-VN-T30,FPQ-15040,SCMS-263670,ASN-30942,Vietnam,PMO - US,Direct Drop,EXW,Air,10/30/2014,12-08-14,14-Apr-15,14-Apr-15,14-Apr-15,ARV,Adult,HETERO LABS LIMITED,"Efavirenz 600mg, tablets, 30 Tabs",Efavirenz,Generic,600mg,Tablet,30,"12,200",42700.00,3.5,0.12,Hetero Unit III Hyderabad IN,FALSE,See ASN-30942 (ID#:19840),null,43.9
"58,277",104-CI-T30,FPQ-5208,SCMS-75370,ASN-7631,Côte d'Ivoire,PMO - US,Direct Drop,EXW,Air,2/25/2010,06-07-10,27-Aug-10,27-Aug-10,27-Aug-10,HRDT,HIV test,"Standard Diagnostics, Inc.","HIV 1/2, Bioline 3.0 Kit, (no accessories), 30 Tests","HIV 1/2, Bioline 3.0 Kit (no accessories)",Bioline,,Test kit,30,"1,456",34944.00,24,0.8,"Standard Diagnostics, Korea",TRUE,486,"$5,074.33 ",75.34
"58,305",109-TZ-T30,FPQ-10809,SCMS-162830,ASN-17278,Tanzania,PMO - US,Direct Drop,EXW,Air,10-11-12,10/18/2012,02-Jan-13,02-Jan-13,02-Jan-13,HRDT,HIV test,"Trinity Biotech, Plc","HIV 1/2, Uni-Gold HIV Kit, 20 Tests","HIV 1/2, Uni-Gold HIV Kit",Uni-Gold,,Test kit,20,383,12256.00,32,1.6,"Trinity Biotech, Plc",TRUE,125,"$1,908.34 ",15.16
"58,309",102-BI-T30,FPQ-13998,SCMS-234680,ASN-26424,Burundi,PMO - US,Direct Drop,EXW,Air,04-01-14,4/29/2014,26-Jun-14,26-Jun-14,26-Jun-14,HRDT,HIV test,"CHEMBIO DIAGNOSTIC SYSTEMS, INC.","HIV 1/2, Stat-Pak Dipstick Assay Kit, 30 Tests","HIV 1/2, Stat-Pak Dipstick Assay Kit",Stat-Pak,,Test kit,30,539,14876.40,27.6,0.92,Chembio Diagnostics Sys. Inc.,TRUE,58,$871.28 ,15.29
"58,311",104-CI-T30,FPQ-11263,SCMS-174550,ASN-18832,Côte d'Ivoire,PMO - US,Direct Drop,FCA,Air,12/14/2012,1/24/2013,24-Apr-13,24-Apr-13,24-Apr-13,ARV,Pediatric,ABBVIE LOGISTICS (FORMERLY ABBOTT LOGISTICS BV),"Lopinavir/Ritonavir 80/20mg/ml [Kaletra], oral solution, cool, Bottle 5 x 60 ml",Lopinavir/Ritonavir,Kaletra,80/20mg/ml,Oral solution,300,520,16026.40,30.82,0.1,ABBVIE (Abbott) Logis. UK,TRUE,242,"$5,257.72 ",19.82
"58,372",104-CI-T30,FPQ-12806,SCMS-206560,ASN-23448,Côte d'Ivoire,PMO - US,Direct Drop,EXW,Air,08-09-13,9/17/2013,03-Jan-14,03-Jan-14,06-Jan-14,ARV,Pediatric,Aurobindo Pharma Limited,"Nevirapine 50mg, dispersible tablets (tablets for oral suspension), 30 Tabs",Nevirapine,Generic,50mg,Chewable/dispersible tablet,30,"7,000",8750.00,1.25,0.04,"Aurobindo Unit III, India",TRUE,482,"$5,678.33 ",10.82
"58,393",900-LR-T30,FPQ-7996,SCMS-115330,ASN-11632,Liberia,PMO - US,Direct Drop,EXW,Air,07-12-11,7/20/2011,15-Aug-11,15-Aug-11,15-Aug-11,HRDT,HIV test,"Standard Diagnostics, Inc.","HIV 1/2, Bioline 3.0 Kit, Lancets, Capillary pipets, Alcohol swabs included, 25 Tests","HIV 1/2, Bioline 3.0 Kit, Lancets, Capillary pipets, Alcohol swabs included",Bioline,,Test kit,25,100,2000.00,20,0.8,"Standard Diagnostics, Korea",TRUE,34,$871.30 ,3.3
"58,398",109-TZ-T30,FPQ-7909,SCMS-114980,ASN-12093,Tanzania,PMO - US,Direct Drop,EXW,Air,6/24/2011,7/18/2011,29-Sep-11,29-Sep-11,29-Sep-11,HRDT,HIV test,"Standard Diagnostics, Inc.","HIV 1/2, Bioline 3.0 Kit, Lancets, Capillary pipets, Alcohol swabs included, 25 Tests","HIV 1/2, Bioline 3.0 Kit, Lancets, Capillary pipets, Alcohol swabs included",Bioline,,Test kit,25,"8,000",160000.00,20,0.8,"Standard Diagnostics, Korea",TRUE,2667,"$17,773.94 ",264
"80,005",108-VN-T30,FPQ-15040,SCMS-263670,ASN-30942,Vietnam,PMO - US,Direct Drop,EXW,Air,10/30/2014,12-08-14,14-Apr-15,14-Apr-15,14-Apr-15,ARV,Adult,HETERO LABS LIMITED,"Tenofovir Disoproxil Fumarate 300mg, tablets, 30 Tabs",Tenofovir Disoproxil Fumarate,Generic,300mg,Tablet,30,"14,000",49700.00,3.55,0.12,Hetero Unit III Hyderabad IN,FALSE,See ASN-30942 (ID#:19840),null,51.09
"58,426",A02-SL-T50,FPQ-16015,SCMS-285360,ASN-31852,Sierra Leone,PMO - US,Direct Drop,EXW,Air,04-03-15,4/20/2015,11-May-15,11-May-15,13-May-15,HRDT,HIV test,"Orgenics, Ltd","HIV 1/2, Determine Complete HIV Kit, 100 Tests","HIV 1/2, Determine Complete HIV Kit",Determine,,Test kit,100,"4,000",320000.00,80,0.8,"Alere Medical Co., Ltd.",TRUE,1556,"$28,703.53 ",376.64
"3,508",141-NA-T01,Pre-PQ Process,SCMS-33850,ASN-3110,Namibia,PMO - US,Direct Drop,EXW,Air,Pre-PQ Process,11/20/2008,27-Jan-09,27-Jan-09,27-Jan-09,HRDT,HIV test,INVERNESS MEDICAL INNOVATIONS SOUTH AFRICA (PTY) LTD,"HIV 1/2, Determine HIV Kit, without Lancets, 100 Tests","HIV 1/2, Determine HIV Kit, without Lancets",Determine,80+20mg+ml,Test kit,100,7,490.00,70,0.7,Inverness Japan,FALSE,See ASN-3110 (ID#:2173),null,0.96
"42,030",105-SS-T30,FPQ-15569,SCMS-272140,ASN-31129,South Sudan,PMO - US,Direct Drop,EXW,Air,12/29/2014,2/20/2015,08-May-15,08-May-15,11-May-15,HRDT,HIV test,"Trinity Biotech, Plc","HIV 1/2, Uni-Gold HIV Kit, 20 Tests","HIV 1/2, Uni-Gold HIV Kit",Uni-Gold,,Test kit,20,18,576.00,32,1.6,"Trinity Biotech, Plc",FALSE,See ASN-31129 (ID#:40205),null,0.68
"47,221",105-SS-T30,FPQ-15569,SCMS-272140,ASN-31129,South Sudan,PMO - US,Direct Drop,EXW,Air,12/29/2014,2/20/2015,08-May-15,08-May-15,11-May-15,HRDT,HIV test,"Trinity Biotech, Plc","HIV 1/2, Uni-Gold HIV Kit, 20 Tests","HIV 1/2, Uni-Gold HIV Kit",Uni-Gold,,Test kit,20,10,320.00,32,1.6,"Trinity Biotech, Plc",FALSE,See ASN-31129 (ID#:40205),null,0.38
"58,484",901-CM-T30,FPQ-12837,SCMS-204290,ASN-23338,Cameroon,PMO - US,Direct Drop,EXW,Air,8/19/2013,8/23/2013,08-Jan-14,08-Jan-14,10-Jan-14,ARV,Adult,Aurobindo Pharma Limited,"Efavirenz/Lamivudine/Tenofovir Disoproxil Fumarate 600/300/300mg, tablets, 30 Tabs",Efavirenz/Lamivudine/Tenofovir Disoproxil Fumarate,Generic,600/300/300mg,Tablet - FDC,30,"37,470",417790.50,11.15,0.37,"Aurobindo Unit VII, IN",TRUE,4927,"$65,875.32 ",516.81
"55,138",105-SS-T30,FPQ-15569,SCMS-272140,ASN-31129,South Sudan,PMO - US,Direct Drop,EXW,Air,12/29/2014,2/20/2015,08-May-15,08-May-15,11-May-15,HRDT,HIV test,"Trinity Biotech, Plc","HIV 1/2, Uni-Gold HIV Kit, 20 Tests","HIV 1/2, Uni-Gold HIV Kit",Uni-Gold,,Test kit,20,450,14400.00,32,1.6,"Trinity Biotech, Plc",FALSE,See ASN-31129 (ID#:40205),null,16.95
"58,491",101-CD-T30,FPQ-15736,SCMS-275290,ASN-30748,"Congo, DRC",PMO - US,Direct Drop,EXW,Air,1/26/2015,02-09-15,03-Apr-15,03-Apr-15,15-Apr-15,ANTM-6eg,Malaria,AMSTELFARMA B.V.,"Sulfadoxine/Pyrimethamine 500/25mg, tablets, 1000 Tabs",Sulfadoxine/Pyrimethamine,Generic,500/25mg,Tablet - FDC,"1,000",580,19198.00,33.1,0.03,"Micro Labs, Hosur, India",TRUE,500,"$3,958.28 ",22.6
"73,867",105-SS-T30,FPQ-15569,SCMS-272140,ASN-31129,South Sudan,PMO - US,Direct Drop,EXW,Air,12/29/2014,2/20/2015,08-May-15,08-May-15,11-May-15,HRDT,HIV test,"Trinity Biotech, Plc","HIV 1/2, Uni-Gold HIV Kit, 20 Tests","HIV 1/2, Uni-Gold HIV Kit",Uni-Gold,,Test kit,20,25,800.00,32,1.6,"Trinity Biotech, Plc",FALSE,See ASN-31129 (ID#:40205),null,0.94
"77,517",105-SS-T30,FPQ-15569,SCMS-272140,ASN-31129,South Sudan,PMO - US,Direct Drop,EXW,Air,12/29/2014,2/20/2015,08-May-15,08-May-15,11-May-15,HRDT,HIV test,"Trinity Biotech, Plc","HIV 1/2, Uni-Gold HIV Kit, 20 Tests","HIV 1/2, Uni-Gold HIV Kit",Uni-Gold,,Test kit,20,50,1600.00,32,1.6,"Trinity Biotech, Plc",FALSE,See ASN-31129 (ID#:40205),null,1.88
"45,609",113-ZW-T30,FPQ-15380,SCMS-266490,ASN-31132,Zimbabwe,PMO - US,Direct Drop,EXW,Air,11/17/2014,1/26/2015,14-May-15,14-May-15,14-May-15,HRDT,HIV test - Ancillary,"Orgenics, Ltd","Chase Buffer, Determine, 100 Tests, 2.5ml x 1 Vial","Chase Buffer, Determine, 100 Tests, 2.5ml x 1 Vial",Determine,,Test kit - Ancillary,1,"5,000",25000.00,5,5,"Alere Medical Co., Ltd.",FALSE,See ASN-31132 (ID#:36641),null,29.42
"50,235",113-ZW-T30,FPQ-15380,SCMS-266490,ASN-31132,Zimbabwe,PMO - US,Direct Drop,EXW,Air,11/17/2014,1/26/2015,14-May-15,14-May-15,14-May-15,HRDT,HIV test - Ancillary,"Orgenics, Ltd","Chase Buffer, Determine, 100 Tests, 2.5ml x 1 Vial","Chase Buffer, Determine, 100 Tests, 2.5ml x 1 Vial",Determine,,Test kit - Ancillary,1,"6,500",32500.00,5,5,"Alere Medical Co., Ltd.",FALSE,See ASN-31132 (ID#:36641),null,38.25
"58,555",108-VN-T30,FPQ-7898,SCMS-113610,ASN-13012,Vietnam,PMO - US,Direct Drop,EXW,Air,6/27/2011,07-08-11,20-Dec-11,20-Dec-11,20-Dec-11,ARV,Adult,STRIDES ARCOLAB LIMITED,"Lamivudine 150mg, tablets, 60 Tabs",Lamivudine,Generic,150mg,Tablet,60,"16,645",39115.75,2.35,0.04,"Strides, Bangalore, India.",TRUE,742,"$5,440.01 ",64.54
"58,556",161-ZA-T30,FPQ-6262,SCMS-83730,ASN-9938,South Africa,PMO - US,Direct Drop,DDP,Ocean,8/31/2010,9/24/2010,26-Apr-11,26-Apr-11,26-Apr-11,ARV,Adult,Aurobindo Pharma Limited,"Efavirenz 600mg, tablets, 30 Tabs",Efavirenz,Generic,600mg,Tablet,30,"70,942",321367.26,4.53,0.15,"Aurobindo Unit III, India",TRUE,6090,"$11,203.81 ",692.87
"58,642",102-SD-T30,FPQ-8261,SCMS-120471,ASN-13348,Sudan,PMO - US,Direct Drop,EXW,Air,8/29/2011,09-07-11,07-Feb-12,07-Feb-12,07-Feb-12,HRDT,HIV test,"Trinity Biotech, Plc","HIV 1/2, Uni-Gold HIV Kit, 20 Tests","HIV 1/2, Uni-Gold HIV Kit",Uni-Gold,,Test kit,20,58,1856.00,32,1.6,"Trinity Biotech, Plc",TRUE,20,$644.02 ,3.06
"58,652",152-HT-T30,FPQ-6823,SCMS-98550,ASN-10063,Haiti,PMO - US,Direct Drop,EXW,Air,12/14/2010,02-02-11,06-Apr-11,06-Apr-11,06-Apr-11,HRDT,HIV test,"Orgenics, Ltd","HIV 1/2, Determine HIV Kit, without Lancets, 100 Tests","HIV 1/2, Determine HIV Kit, without Lancets",Determine,,Test kit,100,33,3223.44,97.68,0.98,Inverness Japan,TRUE,8,"$1,011.60 ",5.32
"40,702",105-SS-T30,FPQ-15569,SCMS-272160,ASN-31321,South Sudan,PMO - US,Direct Drop,EXW,Air,12/29/2014,2/20/2015,03-Jun-15,03-Jun-15,05-Jun-15,HRDT,HIV test - Ancillary,"Orgenics, Ltd","Chase Buffer, Determine, 100 Tests, 2.5ml x 1 Vial","Chase Buffer, Determine, 100 Tests, 2.5ml x 1 Vial",Determine,,Test kit - Ancillary,1,45,225.00,5,5,"Alere Medical Co., Ltd.",FALSE,See ASN-31321 (ID#:30363),null,0.26
"56,016",105-SS-T30,FPQ-15569,SCMS-272160,ASN-31321,South Sudan,PMO - US,Direct Drop,EXW,Air,12/29/2014,2/20/2015,03-Jun-15,03-Jun-15,05-Jun-15,HRDT,HIV test - Ancillary,"Orgenics, Ltd","Capillary Tubes, for Determine, EDTA, 50uL,100 Pcs","HIV, Capillary Tubes, for Determine, EDTA, 50uL,100 Pcs",Determine,,Test kit - Ancillary,100,45,360.00,8,0.08,"Alere Medical Co., Ltd.",FALSE,See ASN-31321 (ID#:30363),null,0.42
"58,716",114-UG-T30,FPQ-9365,SCMS-142470,ASN-15272,Uganda,PMO - US,Direct Drop,DDP,Air,3/15/2012,4/17/2012,21-Jun-12,21-Jun-12,21-Jun-12,ARV,Adult,ASPEN PHARMACARE,"Darunavir 300mg [Prezista], tablets, 120 Tabs",Darunavir,Prezista,300mg,Tablet,120,173,11521.80,66.6,0.55,"Aspen-OSD, Port Elizabeth, SA",TRUE,35,$251.52 ,16.15
"23,404",105-SS-T30,FPQ-15569,SCMS-272160,ASN-31323,South Sudan,PMO - US,Direct Drop,EXW,Air,12/29/2014,2/20/2015,03-Jun-15,03-Jun-15,05-Jun-15,HRDT,HIV test - Ancillary,"Orgenics, Ltd","Chase Buffer, Determine, 100 Tests, 2.5ml x 1 Vial","Chase Buffer, Determine, 100 Tests, 2.5ml x 1 Vial",Determine,,Test kit - Ancillary,1,20,100.00,5,5,"Alere Medical Co., Ltd.",FALSE,See ASN-31323 (ID#:14240),null,0.12
"62,662",105-SS-T30,FPQ-15569,SCMS-272160,ASN-31323,South Sudan,PMO - US,Direct Drop,EXW,Air,12/29/2014,2/20/2015,03-Jun-15,03-Jun-15,05-Jun-15,HRDT,HIV test - Ancillary,"Orgenics, Ltd","Capillary Tubes, for Determine, EDTA, 50uL,100 Pcs","HIV, Capillary Tubes, for Determine, EDTA, 50uL,100 Pcs",Determine,,Test kit - Ancillary,100,20,160.00,8,0.08,"Alere Medical Co., Ltd.",FALSE,See ASN-31323 (ID#:14240),null,0.19
"67,720",105-SS-T30,FPQ-15569,SCMS-272160,ASN-31331,South Sudan,PMO - US,Direct Drop,EXW,Air,12/29/2014,2/20/2015,03-Jun-15,03-Jun-15,05-Jun-15,HRDT,HIV test - Ancillary,"Orgenics, Ltd","Chase Buffer, Determine, 100 Tests, 2.5ml x 1 Vial","Chase Buffer, Determine, 100 Tests, 2.5ml x 1 Vial",Determine,,Test kit - Ancillary,1,50,250.00,5,5,"Alere Medical Co., Ltd.",FALSE,See ASN-31331 (ID#:51668),null,0.29
"77,547",105-SS-T30,FPQ-15569,SCMS-272160,ASN-31331,South Sudan,PMO - US,Direct Drop,EXW,Air,12/29/2014,2/20/2015,03-Jun-15,03-Jun-15,05-Jun-15,HRDT,HIV test - Ancillary,"Orgenics, Ltd","Capillary Tubes, for Determine, EDTA, 50uL,100 Pcs","HIV, Capillary Tubes, for Determine, EDTA, 50uL,100 Pcs",Determine,,Test kit - Ancillary,100,50,400.00,8,0.08,"Alere Medical Co., Ltd.",FALSE,See ASN-31331 (ID#:51668),null,0.47
"69,898",105-SS-T30,FPQ-15569,SCMS-272160,ASN-31335,South Sudan,PMO - US,Direct Drop,EXW,Air,12/29/2014,2/20/2015,03-Jun-15,03-Jun-15,05-Jun-15,HRDT,HIV test,"Orgenics, Ltd","HIV 1/2, Determine Complete HIV Kit, 100 Tests","HIV 1/2, Determine Complete HIV Kit",Determine,,Test kit,100,30,2670.00,89,0.89,"Alere Medical Co., Ltd.",FALSE,See ASN-31335 (ID#:42778),null,3.14
"75,970",105-SS-T30,FPQ-15569,SCMS-272160,ASN-31335,South Sudan,PMO - US,Direct Drop,EXW,Air,12/29/2014,2/20/2015,03-Jun-15,03-Jun-15,05-Jun-15,HRDT,HIV test - Ancillary,"Orgenics, Ltd","Capillary Tubes, for Determine, EDTA, 50uL,100 Pcs","HIV, Capillary Tubes, for Determine, EDTA, 50uL,100 Pcs",Determine,,Test kit - Ancillary,100,15,120.00,8,0.08,"Alere Medical Co., Ltd.",FALSE,See ASN-31335 (ID#:42778),null,0.14
"58,801",104-CI-T30,FPQ-6183,SCMS-83700,ASN-9987,Côte d'Ivoire,PMO - US,Direct Drop,EXW,Air,08-10-10,09-07-10,22-Apr-11,22-Apr-11,22-Apr-11,ARV,Adult,MYLAN LABORATORIES LTD (FORMERLY MATRIX LABORATORIES),"Abacavir/Lamivudine/Zidovudine 300/150/300mg, tablets, 60 Tabs",Abacavir/Lamivudine/Zidovudine,Generic,300/150/300mg,Tablet - FDC,60,"3,136",94080.00,30,0.5,Mylan (formerly Matrix) Nashik,TRUE,492,"$5,150.82 ",202.84
"67,614",105-SS-T30,FPQ-15569,SCMS-272160,ASN-31337,South Sudan,PMO - US,Direct Drop,EXW,Air,12/29/2014,2/20/2015,03-Jun-15,03-Jun-15,05-Jun-15,HRDT,HIV test,"Orgenics, Ltd","HIV 1/2, Determine Complete HIV Kit, 100 Tests","HIV 1/2, Determine Complete HIV Kit",Determine,,Test kit,100,90,8010.00,89,0.89,"Alere Medical Co., Ltd.",FALSE,See ASN-31337 (ID#:26619),null,9.43
"64,667",105-SS-T30,FPQ-15569,SCMS-272160,ASN-31338,South Sudan,PMO - US,Direct Drop,EXW,Air,12/29/2014,2/20/2015,03-Jun-15,03-Jun-15,05-Jun-15,HRDT,HIV test - Ancillary,"Orgenics, Ltd","Capillary Tubes, for Determine, EDTA, 50uL,100 Pcs","HIV, Capillary Tubes, for Determine, EDTA, 50uL,100 Pcs",Determine,,Test kit - Ancillary,100,100,800.00,8,0.08,"Alere Medical Co., Ltd.",FALSE,See ASN-31338 (ID#:38992),null,0.94
"76,227",105-SS-T30,FPQ-15569,SCMS-272160,ASN-31338,South Sudan,PMO - US,Direct Drop,EXW,Air,12/29/2014,2/20/2015,03-Jun-15,03-Jun-15,05-Jun-15,HRDT,HIV test,"Orgenics, Ltd","HIV 1/2, Determine Complete HIV Kit, 100 Tests","HIV 1/2, Determine Complete HIV Kit",Determine,,Test kit,100,200,17800.00,89,0.89,"Alere Medical Co., Ltd.",FALSE,See ASN-31338 (ID#:38992),null,20.95
"58,947",113-ZW-T30,FPQ-13939,SCMS-240570,ASN-27585,Zimbabwe,PMO - US,Direct Drop,EXW,Air Charter,04-01-14,5/27/2014,17-Sep-14,17-Sep-14,19-Sep-14,ARV,Adult,HETERO LABS LIMITED,"Lamivudine/Tenofovir Disoproxil Fumarate 300/300mg, tablets, 30 Tabs",Lamivudine/Tenofovir Disoproxil Fumarate,Generic,300/300mg,Tablet - FDC,30,"42,032",194187.84,4.62,0.15,Hetero Unit III Hyderabad IN,TRUE,4559,"$25,272.80 ",199.63
"58,958",109-TZ-T30,FPQ-10546,SCMS-159620,ASN-17229,Tanzania,PMO - US,Direct Drop,FCA,Air,8/24/2012,09-12-12,16-Jan-13,16-Jan-13,16-Jan-13,ARV,Pediatric,ABBVIE LOGISTICS (FORMERLY ABBOTT LOGISTICS BV),"Lopinavir/Ritonavir 80/20mg/ml [Kaletra], oral solution, cool, Bottle 5 x 60 ml",Lopinavir/Ritonavir,Kaletra,80/20mg/ml,Oral solution,300,68,2095.76,30.82,0.1,ABBVIE (Abbott) Logis. UK,TRUE,116,"$1,818.56 ",2.94
"59,017",102-BW-T30,FPQ-6645,SCMS-92620,ASN-9373,Botswana,PMO - US,Direct Drop,EXW,Air,11-11-10,12-02-10,04-Feb-11,04-Feb-11,04-Feb-11,HRDT,HIV test,Premier Medical Corporation Ltd.,"HIV 1/2/O, First Response HIV 1-2.0, v.3.0 Cards Kit, 30 Tests","HIV 1/2/O, First Response HIV 1-2.0, v.3.0 Cards Kit",First Response,,Test kit,30,34,765.00,22.5,0.75,Premier Med. Corp Ltd. India,TRUE,13,$766.62 ,1.26
"65,091",103-ZW-T30,FPQ-15220,SCMS-261580,ASN-31449,Zimbabwe,PMO - US,Direct Drop,FCA,Air,10/27/2014,10/30/2014,22-Apr-15,22-Apr-15,23-Apr-15,ARV,Pediatric,ABBVIE LOGISTICS (FORMERLY ABBOTT LOGISTICS BV),"Lopinavir/Ritonavir 100/25mg [Aluvia], tablets, 60 Tabs",Lopinavir/Ritonavir,Generic,100/25mg,Tablet,60,"14,322",85072.68,5.94,0.1,ABBVIE Ludwigshafen Germany,FALSE,See ASN-31449 (ID#:41304),null,100.13
"59,046",161-ZA-T30,FPQ-5648,SCMS-75830,ASN-9489,South Africa,PMO - US,Direct Drop,DDP,Ocean,06-02-10,6/17/2010,29-Mar-11,29-Mar-11,29-Mar-11,ARV,Pediatric,Aurobindo Pharma Limited,"Lamivudine 10mg/ml, oral solution w/syringe, Bottle, 240 ml",Lamivudine,Generic,10mg/ml,Oral solution,240,"45,000",95400.00,2.12,0.01,"Aurobindo Unit III, India",TRUE,16260,"$17,060.14 ",205.68
"73,152",106-HT-T30,FPQ-15038,SCMS-263170,ASN-31572,Haiti,PMO - US,Direct Drop,EXW,Air,10/22/2014,12/24/2014,11-May-15,11-May-15,13-May-15,ARV,Adult,Aurobindo Pharma Limited,"Lamivudine/Zidovudine 150/300mg, tablets, 60 Tabs",Lamivudine/Zidovudine,Generic,150/300mg,Tablet - FDC,60,"19,987",135311.99,6.77,0.11,"Aurobindo Unit III, India",FALSE,See ASN-31572 (ID#:24983),null,139.1
"29,706",101-CD-T30,FPQ-16001,SCMS-280210,ASN-31750,"Congo, DRC",PMO - US,Direct Drop,EXW,Air,03-10-15,3/16/2015,02-Jul-15,02-Jul-15,30-Jul-15,HRDT,HIV test,"Trinity Biotech, Plc","HIV 1/2, Uni-Gold HIV Kit, 20 Tests","HIV 1/2, Uni-Gold HIV Kit",Uni-Gold,,Test kit,20,423,13536.00,32,1.6,"Trinity Biotech, Plc",FALSE,See ASN-31750 (ID#:19272),null,15.93
"59,080",110-ZM-T30,FPQ-14151,SCMS-240080,ASN-26465,Zambia,PMO - US,Direct Drop,EXW,Air,4/30/2014,5/21/2014,20-Jul-14,20-Jul-14,01-Aug-14,ARV,Adult,Aurobindo Pharma Limited,"Nevirapine 200mg, tablets, 60 Tabs",Nevirapine,Generic,200mg,Tablet,60,"39,132",88047.00,2.25,0.04,"Aurobindo Unit III, India",TRUE,3978,"$20,519.07 ",90.51
"59,151",161-ZA-T30,FPQ-6262,SCMS-84250,ASN-9051,South Africa,PMO - US,Direct Drop,DDP,Ocean,8/31/2010,9/21/2010,15-Dec-10,15-Dec-10,15-Dec-10,ARV,Adult,STRIDES ARCOLAB LIMITED,"Lamivudine 150mg, tablets, 60 Tabs",Lamivudine,Generic,150mg,Tablet,60,"131,138",323910.86,2.47,0.04,"Strides, Bangalore, India.",TRUE,6360,"$12,225.76 ",698.35
"59,153",108-VN-T30,FPQ-5317,SCMS-69230,ASN-7572,Vietnam,PMO - US,Direct Drop,FCA,Air,3/22/2010,3/31/2010,31-Jul-10,31-Jul-10,31-Jul-10,ARV,Adult,ABBVIE LOGISTICS (FORMERLY ABBOTT LOGISTICS BV),"Lopinavir/Ritonavir 200/50mg [Aluvia], tablets, 120 Tabs",Lopinavir/Ritonavir,Aluvia,200/50mg,Tablet,120,"3,470",285234.00,82.2,0.68,ABBVIE Ludwigshafen Germany,TRUE,862,"$5,215.07 ",614.96
"59,157",110-ZM-T30,FPQ-12933,SCMS-205880,ASN-22538,Zambia,PMO - US,Direct Drop,EXW,Air,09-03-13,09-11-13,02-Dec-13,02-Dec-13,11-Dec-13,HRDT,HIV test,"Trinity Biotech, Plc","HIV 1/2, Uni-Gold HIV Kit, 20 Tests","HIV 1/2, Uni-Gold HIV Kit",Uni-Gold,,Test kit,20,"2,900",92800.00,32,1.6,"Trinity Biotech, Plc",TRUE,266,"$8,308.74 ",114.79
"59,189",108-VN-T30,FPQ-13034,SCMS-210100,ASN-25785,Vietnam,PMO - US,Direct Drop,EXW,Air,10-04-13,10-07-13,07-Jun-14,07-Jun-14,07-Jun-14,ARV,Adult,EMCURE PHARMACEUTICALS LTD,"Nevirapine 200mg, tablets, 60 Tabs",Nevirapine,Generic,200mg,Tablet,60,"7,063",16244.90,2.3,0.04,"Emcure Plot No.P-2, I.T-B.T. Park, Phase II, MIDC, Hinjwadi, Pune, India",TRUE,412,"$1,769.68 ",20.09
"37,470",101-CD-T30,FPQ-16001,SCMS-280210,ASN-31750,"Congo, DRC",PMO - US,Direct Drop,EXW,Air,03-10-15,3/16/2015,02-Jul-15,02-Jul-15,30-Jul-15,HRDT,HIV test,"Trinity Biotech, Plc","HIV 1/2, Uni-Gold HIV Kit, 20 Tests","HIV 1/2, Uni-Gold HIV Kit",Uni-Gold,,Test kit,20,34,1088.00,32,1.6,"Trinity Biotech, Plc",FALSE,See ASN-31750 (ID#:19272),null,1.28
"37,752",101-CD-T30,FPQ-16001,SCMS-280210,ASN-31750,"Congo, DRC",PMO - US,Direct Drop,EXW,Air,03-10-15,3/16/2015,02-Jul-15,02-Jul-15,30-Jul-15,HRDT,HIV test,"Trinity Biotech, Plc","HIV 1/2, Uni-Gold HIV Kit, 20 Tests","HIV 1/2, Uni-Gold HIV Kit",Uni-Gold,,Test kit,20,65,2080.00,32,1.6,"Trinity Biotech, Plc",FALSE,See ASN-31750 (ID#:19272),null,2.45
"59,267",108-VN-T30,FPQ-11418,SCMS-176270,ASN-19859,Vietnam,PMO - US,Direct Drop,EXW,Air,1/29/2013,02-06-13,05-Jul-13,05-Jul-13,05-Jul-13,ARV,Adult,HETERO LABS LIMITED,"Lamivudine/Zidovudine 150/300mg, tablets, 60 Tabs",Lamivudine/Zidovudine,Generic,150/300mg,Tablet - FDC,60,"33,405",228824.25,6.85,0.11,Hetero Unit III Hyderabad IN,TRUE,3751,"$10,867.28 ",283.06
"39,453",101-CD-T30,FPQ-16001,SCMS-280210,ASN-31750,"Congo, DRC",PMO - US,Direct Drop,EXW,Air,03-10-15,3/16/2015,02-Jul-15,02-Jul-15,30-Jul-15,HRDT,HIV test,"Trinity Biotech, Plc","HIV 1/2, Uni-Gold HIV Kit, 20 Tests","HIV 1/2, Uni-Gold HIV Kit",Uni-Gold,,Test kit,20,73,2336.00,32,1.6,"Trinity Biotech, Plc",FALSE,See ASN-31750 (ID#:19272),null,2.75
"59,334",161-ZA-T30,FPQ-5303,SCMS-69030,ASN-8510,South Africa,PMO - US,Direct Drop,DDP,Air,3/18/2010,3/19/2010,20-Sep-10,15-Dec-10,15-Dec-10,ARV,Adult,Aurobindo Pharma Limited,"Zidovudine 300mg, tablets, 60 Tabs",Zidovudine,Generic,300mg,Tablet,60,"2,098",15588.14,7.43,0.12,"Aurobindo Unit III, India",TRUE,124,"$1,697.89 ",33.61
"59,404",111-MZ-T30,FPQ-12686,SCMS-205490,ASN-22189,Mozambique,PMO - US,Direct Drop,EXW,Air,7/31/2013,09-11-13,19-Nov-13,19-Nov-13,20-Dec-13,HRDT,HIV test,"Trinity Biotech, Plc","HIV 1/2, Uni-Gold HIV Kit, 20 Tests","HIV 1/2, Uni-Gold HIV Kit",Uni-Gold,,Test kit,20,675,21600.00,32,1.6,"Trinity Biotech, Plc",TRUE,202,"$2,908.88 ",26.72
"59,429",113-ZW-T30,FPQ-13670,SCMS-225850,ASN-25080,Zimbabwe,PMO - US,Direct Drop,EXW,Air,02-03-14,02-11-14,04-Apr-14,04-Apr-14,08-Apr-14,HRDT,HIV test,"Orgenics, Ltd","HIV 1/2, Determine Complete HIV Kit, 100 Tests","HIV 1/2, Determine Complete HIV Kit",Determine,,Test kit,100,"8,787",702960.00,80,0.8,"Alere Medical Co., Ltd.",TRUE,3560,"$52,462.81 ",722.64
"59,442",107-RW-T30,FPQ-10223,SCMS-152840,ASN-15742,Rwanda,PMO - US,Direct Drop,EXW,Air,07-05-12,7/16/2012,06-Aug-12,06-Aug-12,06-Aug-12,ARV,Adult,Aurobindo Pharma Limited,"Lamivudine/Zidovudine 150/300mg, tablets, 60 Tabs",Lamivudine/Zidovudine,Generic,150/300mg,Tablet - FDC,60,"35,820",256113.00,7.15,0.12,"Aurobindo Unit III, India",TRUE,3114,"$18,779.99 ",359.07
"44,597",101-CD-T30,FPQ-16001,SCMS-280210,ASN-31750,"Congo, DRC",PMO - US,Direct Drop,EXW,Air,03-10-15,3/16/2015,02-Jul-15,02-Jul-15,30-Jul-15,HRDT,HIV test,"Trinity Biotech, Plc","HIV 1/2, Uni-Gold HIV Kit, 20 Tests","HIV 1/2, Uni-Gold HIV Kit",Uni-Gold,,Test kit,20,39,1248.00,32,1.6,"Trinity Biotech, Plc",FALSE,See ASN-31750 (ID#:19272),null,1.47
"48,099",101-CD-T30,FPQ-16001,SCMS-280210,ASN-31750,"Congo, DRC",PMO - US,Direct Drop,EXW,Air,03-10-15,3/16/2015,02-Jul-15,02-Jul-15,30-Jul-15,HRDT,HIV test,"Trinity Biotech, Plc","HIV 1/2, Uni-Gold HIV Kit, 20 Tests","HIV 1/2, Uni-Gold HIV Kit",Uni-Gold,,Test kit,20,41,1312.00,32,1.6,"Trinity Biotech, Plc",FALSE,See ASN-31750 (ID#:19272),null,1.54
"59,482",108-VN-T30,FPQ-15087,SCMS-261430,ASN-30166,Vietnam,PMO - US,Direct Drop,EXW,Air,10/24/2014,10/30/2014,23-Mar-15,23-Mar-15,23-Mar-15,ARV,Adult,MYLAN LABORATORIES LTD (FORMERLY MATRIX LABORATORIES),"Lamivudine/Nevirapine/Zidovudine 150/200/300mg, tablets, 60 Tabs",Lamivudine/Nevirapine/Zidovudine,Generic,150/300/200mg,Tablet - FDC,60,"3,000",24300.00,8.1,0.13,Mylan (formerly Matrix) Nashik,TRUE,422,"$1,332.29 ",28.6
"49,765",101-CD-T30,FPQ-16001,SCMS-280210,ASN-31750,"Congo, DRC",PMO - US,Direct Drop,EXW,Air,03-10-15,3/16/2015,02-Jul-15,02-Jul-15,30-Jul-15,HRDT,HIV test,"Trinity Biotech, Plc","HIV 1/2, Uni-Gold HIV Kit, 20 Tests","HIV 1/2, Uni-Gold HIV Kit",Uni-Gold,,Test kit,20,9,288.00,32,1.6,"Trinity Biotech, Plc",FALSE,See ASN-31750 (ID#:19272),null,0.34
"59,502",104-BW-T30,FPQ-15568,SCMS-275710,ASN-31391,Botswana,PMO - US,Direct Drop,EXW,Air,01-08-15,02-06-15,02-Jun-15,04-Jun-15,04-Jun-15,ARV,Adult,HETERO LABS LIMITED,"Efavirenz/Emtricitabine/Tenofovir Disoproxil Fumarate 600/200/300mg, tablets, 30 Tabs",Efavirenz/Emtricitabine/Tenofovir Disoproxil Fumarate,Generic,600/200/300mg,Tablet - FDC,30,"39,550",412506.50,10.43,0.35,"Hetero, Jadcherla, unit 5, IN",TRUE,4840,"$23,796.98 ",485.52
"53,878",101-CD-T30,FPQ-16001,SCMS-280210,ASN-31750,"Congo, DRC",PMO - US,Direct Drop,EXW,Air,03-10-15,3/16/2015,02-Jul-15,02-Jul-15,30-Jul-15,HRDT,HIV test,"Trinity Biotech, Plc","HIV 1/2, Uni-Gold HIV Kit, 20 Tests","HIV 1/2, Uni-Gold HIV Kit",Uni-Gold,,Test kit,20,40,1280.00,32,1.6,"Trinity Biotech, Plc",FALSE,See ASN-31750 (ID#:19272),null,1.51
"60,321",101-CD-T30,FPQ-16001,SCMS-280210,ASN-31750,"Congo, DRC",PMO - US,Direct Drop,EXW,Air,03-10-15,3/16/2015,02-Jul-15,02-Jul-15,30-Jul-15,HRDT,HIV test,"Trinity Biotech, Plc","HIV 1/2, Uni-Gold HIV Kit, 20 Tests","HIV 1/2, Uni-Gold HIV Kit",Uni-Gold,,Test kit,20,47,1504.00,32,1.6,"Trinity Biotech, Plc",FALSE,See ASN-31750 (ID#:19272),null,1.77
"69,606",101-CD-T30,FPQ-16001,SCMS-280210,ASN-31750,"Congo, DRC",PMO - US,Direct Drop,EXW,Air,03-10-15,3/16/2015,02-Jul-15,02-Jul-15,30-Jul-15,HRDT,HIV test,"Trinity Biotech, Plc","HIV 1/2, Uni-Gold HIV Kit, 20 Tests","HIV 1/2, Uni-Gold HIV Kit",Uni-Gold,,Test kit,20,15,480.00,32,1.6,"Trinity Biotech, Plc",FALSE,See ASN-31750 (ID#:19272),null,0.56
"69,657",101-CD-T30,FPQ-16001,SCMS-280210,ASN-31750,"Congo, DRC",PMO - US,Direct Drop,EXW,Air,03-10-15,3/16/2015,02-Jul-15,02-Jul-15,30-Jul-15,HRDT,HIV test,"Trinity Biotech, Plc","HIV 1/2, Uni-Gold HIV Kit, 20 Tests","HIV 1/2, Uni-Gold HIV Kit",Uni-Gold,,Test kit,20,214,6848.00,32,1.6,"Trinity Biotech, Plc",FALSE,See ASN-31750 (ID#:19272),null,8.06
"69,922",101-CD-T30,FPQ-16001,SCMS-280210,ASN-31750,"Congo, DRC",PMO - US,Direct Drop,EXW,Air,03-10-15,3/16/2015,02-Jul-15,02-Jul-15,30-Jul-15,HRDT,HIV test,"Trinity Biotech, Plc","HIV 1/2, Uni-Gold HIV Kit, 20 Tests","HIV 1/2, Uni-Gold HIV Kit",Uni-Gold,,Test kit,20,77,2464.00,32,1.6,"Trinity Biotech, Plc",FALSE,See ASN-31750 (ID#:19272),null,2.9
"73,373",101-CD-T30,FPQ-16001,SCMS-280210,ASN-31750,"Congo, DRC",PMO - US,Direct Drop,EXW,Air,03-10-15,3/16/2015,02-Jul-15,02-Jul-15,30-Jul-15,HRDT,HIV test,"Trinity Biotech, Plc","HIV 1/2, Uni-Gold HIV Kit, 20 Tests","HIV 1/2, Uni-Gold HIV Kit",Uni-Gold,,Test kit,20,89,2848.00,32,1.6,"Trinity Biotech, Plc",FALSE,See ASN-31750 (ID#:19272),null,3.35
"79,500",101-CD-T30,FPQ-16001,SCMS-280210,ASN-31750,"Congo, DRC",PMO - US,Direct Drop,EXW,Air,03-10-15,3/16/2015,02-Jul-15,02-Jul-15,30-Jul-15,HRDT,HIV test,"Trinity Biotech, Plc","HIV 1/2, Uni-Gold HIV Kit, 20 Tests","HIV 1/2, Uni-Gold HIV Kit",Uni-Gold,,Test kit,20,353,11296.00,32,1.6,"Trinity Biotech, Plc",FALSE,See ASN-31750 (ID#:19272),null,13.3
"59,704",161-ZA-T30,FPQ-6708,SCMS-93500,ASN-9932,South Africa,PMO - US,Direct Drop,DDP,Ocean,11/26/2010,12/14/2010,04-Apr-11,04-Apr-11,04-Apr-11,ARV,Pediatric,Aurobindo Pharma Limited,"Nevirapine 10mg/ml, oral suspension w/syringe, Bottle, 240 ml",Nevirapine,Generic,10mg/ml,Oral suspension,240,"5,590",11850.80,2.12,0.01,"Aurobindo Unit III, India",TRUE,2068,"$3,961.69 ",19.55
"59,715",101-CD-T30,FPQ-11103,SCMS-170640,ASN-18069,"Congo, DRC",PMO - US,Direct Drop,FCA,Air,12-07-12,01-03-13,16-Apr-13,16-Apr-13,16-Apr-13,ARV,Pediatric,ABBVIE LOGISTICS (FORMERLY ABBOTT LOGISTICS BV),"Lopinavir/Ritonavir 80/20mg/ml [Kaletra], oral solution, cool, Bottle 5 x 60 ml",Lopinavir/Ritonavir,Kaletra,80/20mg/ml,Oral solution,300,60,1849.20,30.82,0.1,ABBVIE (Abbott) Logis. UK,TRUE,113,"$1,421.86 ",2.29
"59,743",102-MW-T30,FPQ-9568,SCMS-144170,ASN-15308,Malawi,PMO - US,Direct Drop,EXW,Air,04-11-12,4/24/2012,13-Jul-12,13-Jul-12,13-Jul-12,HRDT,HIV test,"Trinity Biotech, Plc","HIV 1/2, Uni-Gold HIV Kit, 20 Tests","HIV 1/2, Uni-Gold HIV Kit",Uni-Gold,,Test kit,20,246,7872.00,32,1.6,"Trinity Biotech, Plc",TRUE,86,"$3,133.86 ",11.04
"45,741",105-SS-T30,FPQ-15569,SCMS-272150,ASN-31765,South Sudan,PMO - US,Direct Drop,EXW,Air,12/29/2014,2/20/2015,25-Jul-15,25-Jul-15,29-Jul-15,HRDT,HIV test,"Trinity Biotech, Plc","HIV 1/2, Uni-Gold HIV Kit, 20 Tests","HIV 1/2, Uni-Gold HIV Kit",Uni-Gold,,Test kit,20,35,1120.00,32,1.6,"Trinity Biotech, Plc",FALSE,See ASN-31765 (ID#:41640),null,1.32
"59,776",110-ZM-T30,FPQ-8315,SCMS-120570,ASN-13032,Zambia,PMO - US,Direct Drop,EXW,Air,8/31/2011,9/22/2011,20-Dec-11,16-Dec-11,16-Dec-11,HRDT,HIV test,"Orgenics, Ltd","HIV 1/2, Determine Complete HIV Kit, 100 Tests","HIV 1/2, Determine Complete HIV Kit",Determine,,Test kit,100,"2,870",229600.00,80,0.8,"Alere Medical Co., Ltd.",TRUE,1368,"$25,037.09 ",378.84
"49,660",105-SS-T30,FPQ-15569,SCMS-272150,ASN-31765,South Sudan,PMO - US,Direct Drop,EXW,Air,12/29/2014,2/20/2015,25-Jul-15,25-Jul-15,29-Jul-15,HRDT,HIV test,"Trinity Biotech, Plc","HIV 1/2, Uni-Gold HIV Kit, 20 Tests","HIV 1/2, Uni-Gold HIV Kit",Uni-Gold,,Test kit,20,10,320.00,32,1.6,"Trinity Biotech, Plc",FALSE,See ASN-31765 (ID#:41640),null,0.38
"67,225",105-SS-T30,FPQ-15569,SCMS-272150,ASN-31765,South Sudan,PMO - US,Direct Drop,EXW,Air,12/29/2014,2/20/2015,25-Jul-15,25-Jul-15,29-Jul-15,HRDT,HIV test,"Trinity Biotech, Plc","HIV 1/2, Uni-Gold HIV Kit, 20 Tests","HIV 1/2, Uni-Gold HIV Kit",Uni-Gold,,Test kit,20,18,576.00,32,1.6,"Trinity Biotech, Plc",FALSE,See ASN-31765 (ID#:41640),null,0.68
"75,373",105-SS-T30,FPQ-15569,SCMS-272150,ASN-31765,South Sudan,PMO - US,Direct Drop,EXW,Air,12/29/2014,2/20/2015,25-Jul-15,25-Jul-15,29-Jul-15,HRDT,HIV test,"Trinity Biotech, Plc","HIV 1/2, Uni-Gold HIV Kit, 20 Tests","HIV 1/2, Uni-Gold HIV Kit",Uni-Gold,,Test kit,20,25,800.00,32,1.6,"Trinity Biotech, Plc",FALSE,See ASN-31765 (ID#:41640),null,0.94
"59,867",104-CI-T30,FPQ-3967,SCMS-52610,ASN-5651,Côte d'Ivoire,PMO - US,Direct Drop,CIP,Air,8/21/2009,9/25/2009,06-Jan-10,06-Jan-10,06-Jan-10,ARV,Pediatric,MERCK SHARP & DOHME IDEA GMBH (FORMALLY MERCK SHARP & DOHME B.V.),"Efavirenz 30mg/ml [Stocrin/Sustiva], oral solution, Bottle, 180 ml",Efavirenz,Stocrin/Sustiva,30mg/ml,Oral solution,180,"3,355",56900.80,16.96,0.09,"MSD, Haarlem, NL",TRUE,1006,"$2,530.73 ",111.53
"59,873",108-VN-T30,FPQ-7469,SCMS-106481,ASN-12360,Vietnam,PMO - US,Direct Drop,FCA,Air,3/31/2011,4/21/2011,19-Oct-11,19-Oct-11,19-Oct-11,ARV,Adult,ABBVIE LOGISTICS (FORMERLY ABBOTT LOGISTICS BV),"Ritonavir 100mg [Norvir], film coated tablets, 30 Tabs",Ritonavir,Norvir,100mg,Tablet,30,560,13025.60,23.26,0.78,ABBVIE Ludwigshafen Germany,TRUE,67,"$4,476.29 ",21.49
"57,779",106-HT-T30,FPQ-15038,SCMS-262840,ASN-31820,Haiti,PMO - US,Direct Drop,EXW,Ocean,10/22/2014,12/24/2014,03-Jul-15,03-Jul-15,13-Jul-15,ARV,Adult,MYLAN LABORATORIES LTD (FORMERLY MATRIX LABORATORIES),"Lamivudine/Nevirapine/Zidovudine 150/200/300mg, tablets, 60 Tabs",Lamivudine/Nevirapine/Zidovudine,Generic,150/300/200mg,Tablet - FDC,60,"60,000",486000.00,8.1,0.13,Mylan (formerly Matrix) Nashik,FALSE,See ASN-31820 (ID#:16098),null,499.61
"59,896",114-UG-T30,FPQ-12477,SCMS-198540,ASN-21767,Uganda,PMO - US,Direct Drop,EXW,Air,07-08-13,7/31/2013,03-Oct-13,03-Oct-13,06-Nov-13,ARV,Adult,CIPLA LIMITED,"Lamivudine/Zidovudine 150/300mg, tablets, 60 Tabs",Lamivudine/Zidovudine,Generic,150/300mg,Tablet - FDC,60,"97,380",641734.20,6.59,0.11,"Cipla, Goa, India",TRUE,8722,"$32,208.32 ",793.83
"75,554",106-HT-T30,FPQ-15038,SCMS-262840,ASN-31820,Haiti,PMO - US,Direct Drop,EXW,Ocean,10/22/2014,12/24/2014,03-Jul-15,03-Jul-15,13-Jul-15,ARV,Adult,MYLAN LABORATORIES LTD (FORMERLY MATRIX LABORATORIES),"Efavirenz/Lamivudine/Tenofovir Disoproxil Fumarate 600/300/300mg, tablets, 30 Tabs",Efavirenz/Lamivudine/Tenofovir Disoproxil Fumarate,Generic,600/300/300mg,Tablet - FDC,30,"65,025",665856.00,10.24,0.34,Mylan (formerly Matrix) Nashik,FALSE,See ASN-31820 (ID#:16098),null,684.5
"72,821",105-SS-T30,FPQ-15569,SCMS-272170,ASN-31958,South Sudan,PMO - US,Direct Drop,EXW,Air,12/29/2014,2/20/2015,02-Jul-15,02-Jul-15,03-Jul-15,HRDT,HIV test - Ancillary,"Orgenics, Ltd","Capillary Tubes, for Determine, EDTA, 50uL,100 Pcs","HIV, Capillary Tubes, for Determine, EDTA, 50uL,100 Pcs",Determine,,Test kit - Ancillary,100,45,360.00,8,0.08,"Alere Medical Co., Ltd.",FALSE,See ASN-31958 (ID#:15788),null,0.42
"59,928",108-VN-T30,FPQ-12187,SCMS-188540,ASN-21694,Vietnam,PMO - US,Direct Drop,EXW,Air,05-03-13,05-10-13,11-Oct-13,11-Oct-13,11-Oct-13,ARV,Adult,MYLAN LABORATORIES LTD (FORMERLY MATRIX LABORATORIES),"Efavirenz/Lamivudine/Tenofovir Disoproxil Fumarate 600/300/300mg, tablets, 30 Tabs",Efavirenz/Lamivudine/Tenofovir Disoproxil Fumarate,Generic,600/300/300mg,Tablet - FDC,30,"14,500",166605.00,11.49,0.38,Mylan (formerly Matrix) Nashik,TRUE,1640,"$2,503.07 ",206.09
"74,156",105-SS-T30,FPQ-15569,SCMS-272170,ASN-31958,South Sudan,PMO - US,Direct Drop,EXW,Air,12/29/2014,2/20/2015,02-Jul-15,02-Jul-15,03-Jul-15,HRDT,HIV test,"Orgenics, Ltd","HIV 1/2, Determine Complete HIV Kit, 100 Tests","HIV 1/2, Determine Complete HIV Kit",Determine,,Test kit,100,90,8010.00,89,0.89,"Alere Medical Co., Ltd.",FALSE,See ASN-31958 (ID#:15788),null,9.43
"59,973",119-NA-T30,FPQ-4856,SCMS-62721,ASN-6953,Namibia,PMO - US,Direct Drop,EXW,Air,01-07-10,01-08-10,15-Jun-10,15-Jun-10,15-Jun-10,HRDT,HIV test,"Orgenics, Ltd","HIV 1/2, Determine HIV Kit, without Lancets, 100 Tests","HIV 1/2, Determine HIV Kit, without Lancets",Determine,,Test kit,100,170,11900.00,70,0.7,Inverness Japan,TRUE,40,"$2,883.51 ",25.66
"59,991",110-ZM-T30,FPQ-9074,SCMS-134370,ASN-13884,Zambia,PMO - US,Direct Drop,EXW,Air,12/22/2011,1/24/2012,14-Mar-12,14-Mar-12,14-Mar-12,ARV,Adult,Aurobindo Pharma Limited,"Emtricitabine/Tenofovir Disoproxil Fumarate 200/300mg, tablets, 30 Tabs",Emtricitabine/Tenofovir Disoproxil Fumarate,Generic,200/300mg,Tablet - FDC,30,"100,000",735000.00,7.35,0.24,"Aurobindo Unit III, India",TRUE,9390,"$45,118.64 ","1,030.47"
"21,469",105-SS-T30,FPQ-15569,SCMS-272170,ASN-32106,South Sudan,PMO - US,Direct Drop,EXW,Air,12/29/2014,2/20/2015,02-Jul-15,07-Jul-15,07-Jul-15,HRDT,HIV test - Ancillary,"Orgenics, Ltd","Chase Buffer, Determine, 100 Tests, 2.5ml x 1 Vial","Chase Buffer, Determine, 100 Tests, 2.5ml x 1 Vial",Determine,,Test kit - Ancillary,1,20,100.00,5,5,"Alere Medical Co., Ltd.",FALSE,See ASN-32106 (ID#:19172),null,0.12
"60,000",108-VN-T30,FPQ-7427,SCMS-105490,ASN-11857,Vietnam,PMO - US,Direct Drop,EXW,Air,3/31/2011,4/14/2011,21-Sep-11,21-Sep-11,21-Sep-11,ARV,Adult,MYLAN LABORATORIES LTD (FORMERLY MATRIX LABORATORIES),"Lamivudine/Nevirapine/Zidovudine 150/200/300mg, tablets, 60 Tabs",Lamivudine/Nevirapine/Zidovudine,Generic,150/300/200mg,Tablet - FDC,60,"25,572",281036.28,10.99,0.18,Mylan (formerly Matrix) Nashik,TRUE,3572,"$10,657.33 ",463.71
"60,004",161-ZA-T30,FPQ-6262,SCMS-84230,ASN-9456,South Africa,PMO - US,Direct Drop,DDP,Ocean,8/31/2010,9/21/2010,14-Feb-11,14-Feb-11,14-Feb-11,ARV,Adult,STRIDES ARCOLAB LIMITED,"Lamivudine 150mg, tablets, 60 Tabs",Lamivudine,Generic,150mg,Tablet,60,"189,137",467168.39,2.47,0.04,"Strides, Bangalore, India.",TRUE,9173,"$13,677.67 ","1,007.22"
"60,005",109-TZ-T30,FPQ-12540,SCMS-198780,ASN-20859,Tanzania,PMO - US,Direct Drop,EXW,Air,07-03-13,7/16/2013,24-Sep-13,24-Sep-13,24-Sep-13,ARV,Adult,Aurobindo Pharma Limited,"Lamivudine/Nevirapine/Zidovudine 150/200/300mg, tablets, 60 Tabs",Lamivudine/Nevirapine/Zidovudine,Generic,150/300/200mg,Tablet - FDC,60,"33,022",268468.86,8.13,0.14,"Aurobindo Unit III, India",TRUE,4190,"$16,066.92 ",332.1
"60,023",106-HT-T30,FPQ-9066,SCMS-138620,ASN-14951,Haiti,PMO - US,Direct Drop,EXW,Air,01-06-12,2/24/2012,12-Jun-12,12-Jun-12,12-Jun-12,ARV,Pediatric,CIPLA LIMITED,"Abacavir 60mg, dispersible tablets, 60 Tabs",Abacavir,Generic,60mg,Chewable/dispersible tablet,60,864,5356.80,6.2,0.1,"Cipla, Patalganga, India",TRUE,46,$304.63 ,7.51
"23,149",105-SS-T30,FPQ-15569,SCMS-272170,ASN-32106,South Sudan,PMO - US,Direct Drop,EXW,Air,12/29/2014,2/20/2015,02-Jul-15,07-Jul-15,07-Jul-15,HRDT,HIV test - Ancillary,"Orgenics, Ltd","Capillary Tubes, for Determine, EDTA, 50uL,100 Pcs","HIV, Capillary Tubes, for Determine, EDTA, 50uL,100 Pcs",Determine,,Test kit - Ancillary,100,20,160.00,8,0.08,"Alere Medical Co., Ltd.",FALSE,See ASN-32106 (ID#:19172),null,0.19
"60,074",106-HT-T30,FPQ-15038,SCMS-262910,ASN-30184,Haiti,PMO - US,Direct Drop,EXW,Ocean,10/22/2014,12/24/2014,13-Mar-15,13-Mar-15,18-Mar-15,ARV,Adult,Aurobindo Pharma Limited,"Efavirenz 600mg, tablets, 30 Tabs",Efavirenz,Generic,600mg,Tablet,30,"53,571",176784.30,3.3,0.11,"Aurobindo Unit VII, IN",TRUE,4974,"$11,109.18 ",181.73
"60,084",113-ZW-T30,FPQ-13939,SCMS-234730,ASN-26148,Zimbabwe,PMO - US,Direct Drop,EXW,Air Charter,04-01-14,05-12-14,14-Jun-14,14-Jun-14,16-Jun-14,ARV,Adult,CIPLA LIMITED,"Nevirapine 200mg, tablets, 60 Tabs",Nevirapine,Generic,200mg,Tablet,60,"85,000",188700.00,2.22,0.04,"Cipla, Goa, India",TRUE,11125,"$84,791.10 ",193.98
"60,104",104-CI-T30,FPQ-3882,SCMS-51800,ASN-5652,Côte d'Ivoire,PMO - US,Direct Drop,CIP,Air,7/24/2009,8/21/2009,06-Jan-10,06-Jan-10,06-Jan-10,ARV,Adult,GLAXOSMITHKLINE EXPORT LIMITED,"Abacavir/Lamivudine/Zidovudine 300/150/300mg [Trizivir], tablets, 60 Tabs",Abacavir/Lamivudine/Zidovudine,Trizivir,300/150/300mg,Tablet - FDC,60,"4,640",249214.40,53.71,0.9,GSK Ware (UK),TRUE,685,"$1,807.36 ",488.46
"42,215",105-SS-T30,FPQ-15569,SCMS-272170,ASN-32107,South Sudan,PMO - US,Direct Drop,EXW,Air,12/29/2014,2/20/2015,02-Jul-15,07-Jul-15,07-Jul-15,HRDT,HIV test - Ancillary,"Orgenics, Ltd","Chase Buffer, Determine, 100 Tests, 2.5ml x 1 Vial","Chase Buffer, Determine, 100 Tests, 2.5ml x 1 Vial",Determine,,Test kit - Ancillary,1,50,250.00,5,5,"Alere Medical Co., Ltd.",FALSE,See ASN-32107 (ID#:16391),null,0.29
"60,109",103-ZW-T30,FPQ-13969,SCMS-239160,ASN-28293,Zimbabwe,PMO - US,Direct Drop,EXW,Air,04-08-14,5/15/2014,09-Oct-14,09-Oct-14,13-Oct-14,ARV,Pediatric,ABBVIE LOGISTICS (FORMERLY ABBOTT LOGISTICS BV),"Lopinavir/Ritonavir 80/20mg/ml [Kaletra], oral solution, cool, Bottle 5 x 60 ml",Lopinavir/Ritonavir,Kaletra,80/20mg/ml,Oral solution,300,"3,794",116931.08,30.82,0.1,ABBVIE (Abbott) Logis. UK,TRUE,3287,"$26,515.21 ",120.21
"60,112",114-UG-T30,FPQ-13258,SCMS-216720,ASN-23721,Uganda,PMO - US,Direct Drop,EXW,Air,11/18/2013,12/17/2013,22-Feb-14,22-Feb-14,24-Mar-14,ARV,Adult,Aurobindo Pharma Limited,"Nevirapine 200mg, tablets, 60 Tabs",Nevirapine,Generic,200mg,Tablet,60,"18,216",40986.00,2.25,0.04,"Aurobindo Unit III, India",TRUE,1863,"$6,757.18 ",42.13
"60,160",106-HT-T30,FPQ-3948,SCMS-51130,ASN-4983,Haiti,PMO - US,Direct Drop,FCA,Air,7/29/2009,8/19/2009,06-Oct-09,06-Oct-09,06-Oct-09,ARV,Pediatric,ABBVIE LOGISTICS (FORMERLY ABBOTT LOGISTICS BV),"Lopinavir/Ritonavir 100/25mg [Aluvia], tablets, 60 Tabs",Lopinavir/Ritonavir,Generic,100/25mg,Tablet,60,90,925.20,10.28,0.17,ABBVIE Ludwigshafen Germany,TRUE,17,$693.54 ,1.81
"60,168",161-ZA-T30,FPQ-5303,SCMS-68740,ASN-7868,South Africa,PMO - US,Direct Drop,DDP,Air,3/18/2010,3/19/2010,01-Sep-10,03-Sep-10,03-Sep-10,ARV,Adult,CIPLA LIMITED,"Tenofovir Disoproxil Fumarate 300mg, tablets, 30 Tabs",Tenofovir Disoproxil Fumarate,Generic,300mg,Tablet,30,"64,771",506509.22,7.82,0.26,"Cipla, Goa, India",TRUE,4398,"$5,298.03 ","1,092.03"
"71,045",105-SS-T30,FPQ-15569,SCMS-272170,ASN-32107,South Sudan,PMO - US,Direct Drop,EXW,Air,12/29/2014,2/20/2015,02-Jul-15,07-Jul-15,07-Jul-15,HRDT,HIV test - Ancillary,"Orgenics, Ltd","Capillary Tubes, for Determine, EDTA, 50uL,100 Pcs","HIV, Capillary Tubes, for Determine, EDTA, 50uL,100 Pcs",Determine,,Test kit - Ancillary,100,50,400.00,8,0.08,"Alere Medical Co., Ltd.",FALSE,See ASN-32107 (ID#:16391),null,0.47
"60,273",106-HT-T30,FPQ-14895,SCMS-260950,ASN-29640,Haiti,PMO - US,Direct Drop,EXW,Air,9/24/2014,11/15/2014,20-Jan-15,20-Jan-15,21-Jan-15,ARV,Pediatric,STRIDES ARCOLAB LIMITED,"Efavirenz 200mg, capsule, 90 Caps",Efavirenz,Generic,200mg,Capsule,90,"2,440",22692.00,9.3,0.1,"Strides, Bangalore, India.",TRUE,163,"$1,659.21 ",23.33
"72,239",105-SS-T30,FPQ-15569,SCMS-272170,ASN-32108,South Sudan,PMO - US,Direct Drop,EXW,Air,12/29/2014,2/20/2015,02-Jul-15,07-Jul-15,07-Jul-15,HRDT,HIV test - Ancillary,"Orgenics, Ltd","Capillary Tubes, for Determine, EDTA, 50uL,100 Pcs","HIV, Capillary Tubes, for Determine, EDTA, 50uL,100 Pcs",Determine,,Test kit - Ancillary,100,15,120.00,8,0.08,"Alere Medical Co., Ltd.",FALSE,See ASN-32108 (ID#:53922),null,0.14
"82,148",105-SS-T30,FPQ-15569,SCMS-272170,ASN-32108,South Sudan,PMO - US,Direct Drop,EXW,Air,12/29/2014,2/20/2015,02-Jul-15,07-Jul-15,07-Jul-15,HRDT,HIV test,"Orgenics, Ltd","HIV 1/2, Determine Complete HIV Kit, 100 Tests","HIV 1/2, Determine Complete HIV Kit",Determine,,Test kit,100,30,2670.00,89,0.89,"Alere Medical Co., Ltd.",FALSE,See ASN-32108 (ID#:53922),null,3.14
"77,090",105-SS-T30,FPQ-15569,SCMS-272170,ASN-32109,South Sudan,PMO - US,Direct Drop,EXW,Air,12/29/2014,2/20/2015,02-Jul-15,07-Jul-15,07-Jul-15,HRDT,HIV test,"Orgenics, Ltd","HIV 1/2, Determine Complete HIV Kit, 100 Tests","HIV 1/2, Determine Complete HIV Kit",Determine,,Test kit,100,90,8010.00,89,0.89,"Alere Medical Co., Ltd.",FALSE,See ASN-32109 (ID#:25915),null,9.43
"15,751",101-CD-T30,FPQ-16001,SCMS-280220,ASN-32231,"Congo, DRC",PMO - US,Direct Drop,EXW,Air,03-10-15,3/17/2015,23-Jul-15,23-Jul-15,29-Jul-15,HRDT,HIV test,"Orgenics, Ltd","HIV 1/2, Determine Complete HIV Kit, 100 Tests","HIV 1/2, Determine Complete HIV Kit",Determine,,Test kit,100,228,18240.00,80,0.8,"Alere Medical Co., Ltd.",FALSE,See ASN-32231 (ID#:13648),null,21.47
"18,022",101-CD-T30,FPQ-16001,SCMS-280220,ASN-32231,"Congo, DRC",PMO - US,Direct Drop,EXW,Air,03-10-15,3/17/2015,23-Jul-15,23-Jul-15,29-Jul-15,HRDT,HIV test,"Orgenics, Ltd","HIV 1/2, Determine Complete HIV Kit, 100 Tests","HIV 1/2, Determine Complete HIV Kit",Determine,,Test kit,100,137,10960.00,80,0.8,"Alere Medical Co., Ltd.",FALSE,See ASN-32231 (ID#:13648),null,12.9
"60,359",102-BI-T30,FPQ-12580,SCMS-199581,ASN-22108,Burundi,PMO - US,Direct Drop,EXW,Air,07-09-13,7/31/2013,30-Oct-13,30-Oct-13,30-Oct-13,HRDT,HIV test,"CHEMBIO DIAGNOSTIC SYSTEMS, INC.","HIV 1/2, Stat-Pak Dipstick Assay Kit, 30 Tests","HIV 1/2, Stat-Pak Dipstick Assay Kit",Stat-Pak,,Test kit,30,428,11812.80,27.6,0.92,Chembio Diagnostics Sys. Inc.,TRUE,47,$732.47 ,14.61
"20,558",101-CD-T30,FPQ-16001,SCMS-280220,ASN-32231,"Congo, DRC",PMO - US,Direct Drop,EXW,Air,03-10-15,3/17/2015,23-Jul-15,23-Jul-15,29-Jul-15,HRDT,HIV test,"Orgenics, Ltd","HIV 1/2, Determine Complete HIV Kit, 100 Tests","HIV 1/2, Determine Complete HIV Kit",Determine,,Test kit,100,100,8000.00,80,0.8,"Alere Medical Co., Ltd.",FALSE,See ASN-32231 (ID#:13648),null,9.42
"32,893",101-CD-T30,FPQ-16001,SCMS-280220,ASN-32231,"Congo, DRC",PMO - US,Direct Drop,EXW,Air,03-10-15,3/17/2015,23-Jul-15,23-Jul-15,29-Jul-15,HRDT,HIV test,"Orgenics, Ltd","HIV 1/2, Determine Complete HIV Kit, 100 Tests","HIV 1/2, Determine Complete HIV Kit",Determine,,Test kit,100,17,1360.00,80,0.8,"Alere Medical Co., Ltd.",FALSE,See ASN-32231 (ID#:13648),null,1.6
"60,401",109-TZ-T30,FPQ-7909,SCMS-114990,ASN-12094,Tanzania,PMO - US,Direct Drop,EXW,Air,6/24/2011,7/18/2011,29-Sep-11,29-Sep-11,29-Sep-11,HRDT,HIV test,"Standard Diagnostics, Inc.","HIV 1/2, Bioline 3.0 Kit, Lancets, Capillary pipets, Alcohol swabs included, 25 Tests","HIV 1/2, Bioline 3.0 Kit, Lancets, Capillary pipets, Alcohol swabs included",Bioline,,Test kit,25,"10,000",200000.00,20,0.8,"Standard Diagnostics, Korea",TRUE,3349,"$22,523.12 ",330
"37,624",101-CD-T30,FPQ-16001,SCMS-280220,ASN-32231,"Congo, DRC",PMO - US,Direct Drop,EXW,Air,03-10-15,3/17/2015,23-Jul-15,23-Jul-15,29-Jul-15,HRDT,HIV test,"Orgenics, Ltd","HIV 1/2, Determine Complete HIV Kit, 100 Tests","HIV 1/2, Determine Complete HIV Kit",Determine,,Test kit,100,776,62080.00,80,0.8,"Alere Medical Co., Ltd.",FALSE,See ASN-32231 (ID#:13648),null,73.07
"60,450",102-KE-T30,FPQ-4587,SCMS-58380,ASN-5878,Kenya,PMO - US,Direct Drop,EXW,Air,11/18/2009,12-02-09,16-Feb-10,19-Feb-10,19-Feb-10,HRDT,HIV test,"Orgenics, Ltd","HIV 1/2, Determine Complete HIV Kit, 100 Tests","HIV 1/2, Determine Complete HIV Kit",Determine,,Test kit,100,"1,500",120000.00,80,0.8,Inverness Japan,TRUE,1489,"$14,532.09 ",258.72
"60,489",117-ET-T30,FPQ-12272,SCMS-190780,ASN-20285,Ethiopia,PMO - US,Direct Drop,EXW,Air,05-09-13,5/21/2013,10-Jul-13,10-Jul-13,10-Jul-13,HRDT,HIV test,"CHEMBIO DIAGNOSTIC SYSTEMS, INC.","HIV 1/2, Stat-Pak HIV, Kit, 20 Tests","HIV 1/2, Stat-Pak HIV, Kit",Stat-Pak,,Test kit,20,832,24128.00,29,1.45,Chembio Diagnostics Sys. Inc.,TRUE,238,"$1,945.45 ",29.85
"60,502",161-ZA-T30,FPQ-6708,SCMS-93540,ASN-10556,South Africa,PMO - US,Direct Drop,DDP,Ocean,11/26/2010,12/14/2010,31-May-11,31-May-11,31-May-11,ARV,Adult,Aurobindo Pharma Limited,"Tenofovir Disoproxil Fumarate 300mg, tablets, 30 Tabs",Tenofovir Disoproxil Fumarate,Generic,300mg,Tablet,30,"79,250",527012.50,6.65,0.22,"Aurobindo Unit III, India",TRUE,7397,"$8,809.08 ",869.57
"60,545",104-BW-T30,FPQ-15568,SCMS-275710,ASN-31392,Botswana,PMO - US,Direct Drop,EXW,Air,01-08-15,02-06-15,02-Jun-15,02-Jun-15,04-Jun-15,ARV,Adult,HETERO LABS LIMITED,"Efavirenz/Emtricitabine/Tenofovir Disoproxil Fumarate 600/200/300mg, tablets, 30 Tabs",Efavirenz/Emtricitabine/Tenofovir Disoproxil Fumarate,Generic,600/200/300mg,Tablet - FDC,30,"32,112",334928.16,10.43,0.35,"Hetero, Jadcherla, unit 5, IN",TRUE,3989,"$19,745.22 ",394.21
"60,547",117-ET-T30,FPQ-9209,SCMS-134710,ASN-14556,Ethiopia,PMO - US,Direct Drop,EXW,Air,1/18/2012,1/23/2012,26-Apr-12,26-Apr-12,26-Apr-12,HRDT,HIV test,"Trinity Biotech, Plc","HIV 1/2, Uni-Gold HIV Kit, 20 Tests","HIV 1/2, Uni-Gold HIV Kit",Uni-Gold,,Test kit,20,24,768.00,32,1.6,"Trinity Biotech, Plc",TRUE,8,$315.44 ,1.08
"46,409",101-CD-T30,FPQ-16001,SCMS-280220,ASN-32231,"Congo, DRC",PMO - US,Direct Drop,EXW,Air,03-10-15,3/17/2015,23-Jul-15,23-Jul-15,29-Jul-15,HRDT,HIV test,"Orgenics, Ltd","HIV 1/2, Determine Complete HIV Kit, 100 Tests","HIV 1/2, Determine Complete HIV Kit",Determine,,Test kit,100,552,44160.00,80,0.8,"Alere Medical Co., Ltd.",FALSE,See ASN-32231 (ID#:13648),null,51.98
"47,642",101-CD-T30,FPQ-16001,SCMS-280220,ASN-32231,"Congo, DRC",PMO - US,Direct Drop,EXW,Air,03-10-15,3/17/2015,23-Jul-15,23-Jul-15,29-Jul-15,HRDT,HIV test,"Orgenics, Ltd","HIV 1/2, Determine Complete HIV Kit, 100 Tests","HIV 1/2, Determine Complete HIV Kit",Determine,,Test kit,100,262,20960.00,80,0.8,"Alere Medical Co., Ltd.",FALSE,See ASN-32231 (ID#:13648),null,24.67
"60,690",106-HT-T30,FPQ-15038,SCMS-270280,ASN-30068,Haiti,PMO - US,Direct Drop,EXW,Air,10/22/2014,12/24/2014,16-Feb-15,16-Feb-15,16-Feb-15,ARV,Pediatric,Aurobindo Pharma Limited,"Nevirapine 50mg, dispersible tablets (tablets for oral suspension), 30 Tabs",Nevirapine,Generic,50mg,Chewable/dispersible tablet,30,"6,100",7625.00,1.25,0.04,"Aurobindo Unit III, India",TRUE,353,"$4,236.81 ",7.84
"60,702",104-CI-T30,FPQ-15618,SCMS-272180,ASN-30880,Côte d'Ivoire,PMO - US,Direct Drop,EXW,Air,12/17/2014,2/20/2015,09-Apr-15,09-Apr-15,10-Apr-15,HRDT,HIV test,"CHEMBIO DIAGNOSTIC SYSTEMS, INC.","HIV 1/2, Stat-Pak HIV, Kit, 20 Tests","HIV 1/2, Stat-Pak HIV, Kit",Stat-Pak,,Test kit,20,"2,400",74400.00,31,1.55,Chembio Diagnostics Sys. Inc.,TRUE,678,"$9,253.44 ",87.57
"60,778",109-TZ-T30,FPQ-12868,SCMS-205690,ASN-23213,Tanzania,PMO - US,Direct Drop,EXW,Air,8/23/2013,09-09-13,28-Jan-14,28-Jan-14,28-Jan-14,ARV,Adult,MYLAN LABORATORIES LTD (FORMERLY MATRIX LABORATORIES),"Abacavir 300mg, tablets, 60 Tabs",Abacavir,Generic,300mg,Tablet,60,"20,000",223800.00,11.19,0.19,Mylan (formerly Matrix) Nashik,TRUE,2039,"$9,182.45 ",276.84
"62,032",101-CD-T30,FPQ-16001,SCMS-280220,ASN-32231,"Congo, DRC",PMO - US,Direct Drop,EXW,Air,03-10-15,3/17/2015,23-Jul-15,23-Jul-15,29-Jul-15,HRDT,HIV test,"Orgenics, Ltd","HIV 1/2, Determine Complete HIV Kit, 100 Tests","HIV 1/2, Determine Complete HIV Kit",Determine,,Test kit,100,51,4080.00,80,0.8,"Alere Medical Co., Ltd.",FALSE,See ASN-32231 (ID#:13648),null,4.8
"60,811",114-UG-T30,FPQ-5457,SCMS-75280,ASN-7478,Uganda,PMO - US,Direct Drop,FCA,Air,05-07-10,06-07-10,19-Jul-10,19-Jul-10,19-Jul-10,ARV,Adult,ABBVIE LOGISTICS (FORMERLY ABBOTT LOGISTICS BV),"Ritonavir 100mg [Norvir], capsules, cool, 4 x 84 Caps",Ritonavir,Norvir,100mg,Capsule,336,15,575.40,38.36,0.11,ABBVIE (Abbott) Logis. UK,TRUE,53,$708.20 ,1.24
"60,812",106-HT-T30,FPQ-3948,SCMS-51120,ASN-5487,Haiti,PMO - US,Direct Drop,CIP,Air,7/29/2009,8/19/2009,30-Nov-09,30-Nov-09,30-Nov-09,ARV,Pediatric,MERCK SHARP & DOHME IDEA GMBH (FORMALLY MERCK SHARP & DOHME B.V.),"Efavirenz 30mg/ml [Stocrin/Sustiva], oral solution, Bottle, 180 ml",Efavirenz,Stocrin/Sustiva,30mg/ml,Oral solution,180,192,3256.32,16.96,0.09,"MSD, Haarlem, NL",TRUE,54,$290 ,6.38
"71,893",106-HT-T30,FPQ-14895,SCMS-260970,ASN-31106,Haiti,PMO - US,Direct Drop,EXW,Ocean,9/24/2014,11/14/2014,25-May-15,25-May-15,26-May-15,ARV,Adult,CIPLA LIMITED,"Efavirenz 600mg, tablets, 30 Tabs",Efavirenz,Generic,600mg,Tablet,30,"21,203",68697.72,3.24,0.11,"Cipla, Goa, India",TRUE,2471,"$4,532.44 ",70.62
"64,427",101-CD-T30,FPQ-16001,SCMS-280220,ASN-32231,"Congo, DRC",PMO - US,Direct Drop,EXW,Air,03-10-15,3/17/2015,23-Jul-15,23-Jul-15,29-Jul-15,HRDT,HIV test,"Orgenics, Ltd","HIV 1/2, Determine Complete HIV Kit, 100 Tests","HIV 1/2, Determine Complete HIV Kit",Determine,,Test kit,100,97,7760.00,80,0.8,"Alere Medical Co., Ltd.",FALSE,See ASN-32231 (ID#:13648),null,9.13
"60,818",109-TZ-T30,FPQ-7680,SCMS-111650,ASN-13770,Tanzania,PMO - US,Direct Drop,FCA,Air,06-06-11,6/22/2011,09-Mar-12,09-Mar-12,09-Mar-12,ARV,Adult,ABBVIE LOGISTICS (FORMERLY ABBOTT LOGISTICS BV),"Ritonavir 100mg [Norvir], film coated tablets, 60 Tabs",Ritonavir,Norvir,100mg,Tablet,60,"2,145",14693.25,6.85,0.11,ABBVIE Ludwigshafen Germany,TRUE,309,"$2,383.65 ",24.24
"60,840",161-ZA-T30,FPQ-6262,SCMS-84240,ASN-8846,South Africa,PMO - US,Direct Drop,DDP,Ocean,8/31/2010,9/21/2010,13-Dec-10,13-Dec-10,13-Dec-10,ARV,Adult,STRIDES ARCOLAB LIMITED,"Nevirapine 200mg, tablets, 60 Tabs",Nevirapine,Generic,200mg,Tablet,60,"237,500",681625.00,2.87,0.05,"Strides, Bangalore, India.",TRUE,15475,"$14,682.98 ","1,469.58"
"67,091",101-CD-T30,FPQ-16001,SCMS-280220,ASN-32231,"Congo, DRC",PMO - US,Direct Drop,EXW,Air,03-10-15,3/17/2015,23-Jul-15,23-Jul-15,29-Jul-15,HRDT,HIV test,"Orgenics, Ltd","HIV 1/2, Determine Complete HIV Kit, 100 Tests","HIV 1/2, Determine Complete HIV Kit",Determine,,Test kit,100,81,6480.00,80,0.8,"Alere Medical Co., Ltd.",FALSE,See ASN-32231 (ID#:13648),null,7.63
"67,597",101-CD-T30,FPQ-16001,SCMS-280220,ASN-32231,"Congo, DRC",PMO - US,Direct Drop,EXW,Air,03-10-15,3/17/2015,23-Jul-15,23-Jul-15,29-Jul-15,HRDT,HIV test,"Orgenics, Ltd","HIV 1/2, Determine Complete HIV Kit, 100 Tests","HIV 1/2, Determine Complete HIV Kit",Determine,,Test kit,100,263,21040.00,80,0.8,"Alere Medical Co., Ltd.",FALSE,See ASN-32231 (ID#:13648),null,24.76
"60,937",110-ZM-T30,FPQ-14827,SCMS-256500,ASN-31166,Zambia,PMO - US,Direct Drop,EXW,Air,8/19/2014,9/19/2014,12-May-15,06-May-15,06-May-15,HRDT,HIV test,"Orgenics, Ltd","HIV 1/2, Determine Complete HIV Kit, 100 Tests","HIV 1/2, Determine Complete HIV Kit",Determine,,Test kit,100,"3,182",254560.00,80,0.8,"Alere Medical Co., Ltd.",TRUE,1290,"$14,493.30 ",261.69
"70,582",101-CD-T30,FPQ-16001,SCMS-280220,ASN-32231,"Congo, DRC",PMO - US,Direct Drop,EXW,Air,03-10-15,3/17/2015,23-Jul-15,23-Jul-15,29-Jul-15,HRDT,HIV test,"Orgenics, Ltd","HIV 1/2, Determine Complete HIV Kit, 100 Tests","HIV 1/2, Determine Complete HIV Kit",Determine,,Test kit,100,56,4480.00,80,0.8,"Alere Medical Co., Ltd.",FALSE,See ASN-32231 (ID#:13648),null,5.27
"60,966",901-LR-T30,FPQ-8135,SCMS-118700,ASN-12267,Liberia,PMO - US,Direct Drop,EXW,Air,08-04-11,8/18/2011,13-Oct-11,13-Oct-11,13-Oct-11,HRDT,HIV test,"Orgenics, Ltd","HIV 1/2, Determine Complete HIV Kit, 100 Tests","HIV 1/2, Determine Complete HIV Kit",Determine,,Test kit,100,695,55600.00,80,0.8,"Alere Medical Co., Ltd.",TRUE,332,"$8,738.06 ",91.74
"73,776",101-CD-T30,FPQ-16001,SCMS-280220,ASN-32231,"Congo, DRC",PMO - US,Direct Drop,EXW,Air,03-10-15,3/17/2015,23-Jul-15,23-Jul-15,29-Jul-15,HRDT,HIV test,"Orgenics, Ltd","HIV 1/2, Determine Complete HIV Kit, 100 Tests","HIV 1/2, Determine Complete HIV Kit",Determine,,Test kit,100,128,10240.00,80,0.8,"Alere Medical Co., Ltd.",FALSE,See ASN-32231 (ID#:13648),null,12.05
"60,994",102-SD-T30,FPQ-8264,SCMS-121853,ASN-13539,Sudan,PMO - US,Direct Drop,EXW,Air,09-07-11,9/14/2011,20-Feb-12,20-Feb-12,20-Feb-12,HRDT,HIV test - Ancillary,"Orgenics, Ltd","Capillary Tubes, for Determine, EDTA, 50uL,100 Pcs","HIV, Capillary Tubes, for Determine, EDTA, 50uL,100 Pcs",Determine,,Test kit - Ancillary,100,1,8.00,8,0.08,"Alere Medical Co., Ltd.",TRUE,2,$980.70 ,0.01
"61,009",161-ZA-T30,FPQ-5303,SCMS-68951,ASN-7438,South Africa,PMO - US,Direct Drop,DDP,Air,3/18/2010,3/19/2010,14-Jul-10,24-Aug-10,24-Aug-10,ARV,Pediatric,Aurobindo Pharma Limited,"Lamivudine 10mg/ml, oral solution w/syringe, Bottle, 240 ml",Lamivudine,Generic,10mg/ml,Oral solution,240,"11,640",34920.00,3,0.01,"Aurobindo Unit III, India",TRUE,4440,"$3,283.59 ",75.29
"61,090",104-CI-T30,FPQ-4932,SCMS-63750,ASN-6169,Côte d'Ivoire,PMO - US,Direct Drop,FCA,Air,12-08-09,1/25/2010,05-Mar-10,05-Mar-10,05-Mar-10,ARV,Adult,ABBVIE LOGISTICS (FORMERLY ABBOTT LOGISTICS BV),"Lopinavir/Ritonavir 200/50mg [Aluvia], tablets, 120 Tabs",Lopinavir/Ritonavir,Aluvia,200/50mg,Tablet,120,"3,240",117158.40,36.16,0.3,ABBVIE Ludwigshafen Germany,TRUE,800,"$5,322.35 ",252.59
"80,704",101-CD-T30,FPQ-16001,SCMS-280220,ASN-32231,"Congo, DRC",PMO - US,Direct Drop,EXW,Air,03-10-15,3/17/2015,23-Jul-15,23-Jul-15,29-Jul-15,HRDT,HIV test,"Orgenics, Ltd","HIV 1/2, Determine Complete HIV Kit, 100 Tests","HIV 1/2, Determine Complete HIV Kit",Determine,,Test kit,100,368,29440.00,80,0.8,"Alere Medical Co., Ltd.",FALSE,See ASN-32231 (ID#:13648),null,34.65
"61,111",114-UG-T30,FPQ-13600,SCMS-225770,ASN-26847,Uganda,PMO - US,Direct Drop,EXW,Air,1/28/2014,02-04-14,16-Jul-14,16-Jul-14,18-Jul-14,ARV,Adult,B&C GROUP S.A.,"Etravirine 100mg [Intelence], tablets, 120 Tabs",Etravirine,Intelence,100mg,Tablet,120,502,18072.00,36,0.3,"Janssen-Cilag, Latina, IT",TRUE,119,$923.18 ,18.58
"36,147",108-VN-T30,FPQ-15692,SCMS-274370,ASN-32258,Vietnam,PMO - US,Direct Drop,EXW,Air,1/28/2015,2/17/2015,13-Jul-15,13-Jul-15,14-Jul-15,ARV,Adult,HETERO LABS LIMITED,"Nevirapine 200mg, tablets, 60 Tabs",Nevirapine,Generic,200mg,Tablet,60,"10,000",21600.00,2.16,0.04,Hetero Unit III Hyderabad IN,FALSE,See ASN-32258 (ID#:29880),null,25.42
"61,190",108-VN-T30,FPQ-7427,SCMS-105530,ASN-11955,Vietnam,PMO - US,Direct Drop,EXW,Air,3/31/2011,4/14/2011,26-Sep-11,26-Sep-11,26-Sep-11,ARV,Adult,HETERO LABS LIMITED,"Lamivudine/Zidovudine 150/300mg, tablets, 60 Tabs",Lamivudine/Zidovudine,Generic,150/300mg,Tablet - FDC,60,"10,249",84041.80,8.2,0.14,Hetero Unit III Hyderabad IN,TRUE,5495,"$23,372.43 ",138.67
"61,191",106-HT-T30,FPQ-9066,SCMS-138590,ASN-16098,Haiti,PMO - US,Direct Drop,EXW,Air,01-06-12,2/24/2012,05-Sep-12,05-Sep-12,05-Sep-12,ARV,Pediatric,CIPLA LIMITED,"Abacavir/Lamivudine 60/30mg, dispersible tablets, 60 Tabs",Abacavir/Lamivudine,Generic,60/30mg,Chewable/dispersible tablet - FDC,60,"2,460",17220.00,7,0.12,"Cipla, Patalganga, India",TRUE,173,"$1,312.75 ",24.14
"61,271",114-UG-T30,FPQ-12777,SCMS-202560,ASN-22983,Uganda,PMO - US,Direct Drop,EXW,Air,08-05-13,08-09-13,10-Dec-13,12-Dec-13,13-Dec-13,ARV,Pediatric,Aurobindo Pharma Limited,"Nevirapine 10mg/ml, oral suspension w/syringe, Bottle, 100 ml",Nevirapine,Generic,10mg/ml,Oral suspension,100,"11,036",14346.80,1.3,0.01,"Aurobindo Unit III, India",TRUE,2385,"$10,898.12 ",17.75
"44,643",108-VN-T30,FPQ-15692,SCMS-274370,ASN-32258,Vietnam,PMO - US,Direct Drop,EXW,Air,1/28/2015,2/17/2015,13-Jul-15,13-Jul-15,14-Jul-15,ARV,Adult,HETERO LABS LIMITED,"Abacavir 300mg, tablets, 60 Tabs",Abacavir,Generic,300mg,Tablet,60,"2,000",21900.00,10.95,0.18,Hetero Unit III Hyderabad IN,FALSE,See ASN-32258 (ID#:29880),null,25.78
"79,173",108-VN-T30,FPQ-15692,SCMS-274370,ASN-32258,Vietnam,PMO - US,Direct Drop,EXW,Air,1/28/2015,2/17/2015,13-Jul-15,13-Jul-15,14-Jul-15,ARV,Adult,HETERO LABS LIMITED,"Efavirenz/Lamivudine/Tenofovir Disoproxil Fumarate 600/300/300mg, tablets, 30 Tabs",Efavirenz/Lamivudine/Tenofovir Disoproxil Fumarate,Generic,600/300/300mg,Tablet - FDC,30,"5,120",51200.00,10,0.33,Hetero Unit III Hyderabad IN,FALSE,See ASN-32258 (ID#:29880),null,60.26
"61,282",901-GH-T30,FPQ-14101,SCMS-245420,ASN-28715,Ghana,PMO - US,Direct Drop,EXW,Air,4/30/2014,07-08-14,21-Nov-14,21-Nov-14,26-Nov-14,ARV,Adult,MYLAN LABORATORIES LTD (FORMERLY MATRIX LABORATORIES),"Efavirenz/Lamivudine/Tenofovir Disoproxil Fumarate 600/300/300mg, tablets, 30 Tabs",Efavirenz/Lamivudine/Tenofovir Disoproxil Fumarate,Generic,600/300/300mg,Tablet - FDC,30,"38,433",412770.42,10.74,0.36,Mylan (formerly Matrix) Nashik,TRUE,4656,"$31,521.65 ",424.33
"61,286",133-NG-T30,FPQ-12456,SCMS-196561,ASN-22354,Nigeria,PMO - US,Direct Drop,EXW,Air,06-10-13,07-10-13,07-Nov-13,13-Nov-13,17-Nov-13,HRDT,HIV test,"Orgenics, Ltd","HIV 1/2, Determine Complete HIV Kit, 100 Tests","HIV 1/2, Determine Complete HIV Kit",Determine,,Test kit,100,"3,076",273764.00,89,0.89,"Alere Medical Co., Ltd.",TRUE,1249,"$21,084.84 ",338.65
"61,306",110-ZM-T30,FPQ-7439,SCMS-106730,ASN-11219,Zambia,PMO - US,Direct Drop,EXW,Air,04-01-11,4/20/2011,19-Jul-11,19-Jul-11,19-Jul-11,HRDT,HIV test,"Trinity Biotech, Plc","HIV 1/2, Uni-Gold HIV Kit, 20 Tests","HIV 1/2, Uni-Gold HIV Kit",Uni-Gold,,Test kit,20,"3,500",112000.00,32,1.6,"Trinity Biotech, Plc",TRUE,1224,"$15,670.60 ",184.8
"57,826",108-VN-T30,FPQ-15692,SCMS-274370,ASN-32262,Vietnam,PMO - US,Direct Drop,EXW,Air,1/28/2015,2/17/2015,13-Jul-15,13-Jul-15,14-Jul-15,ARV,Adult,HETERO LABS LIMITED,"Efavirenz 600mg, tablets, 30 Tabs",Efavirenz,Generic,600mg,Tablet,30,"8,000",28000.00,3.5,0.12,Hetero Unit III Hyderabad IN,FALSE,See ASN-32262 (ID#:41943),null,32.96
"61,364",103-ZW-T30,FPQ-9905,SCMS-148270,ASN-16267,Zimbabwe,PMO - US,Direct Drop,EXW,Ocean,5/29/2012,7/17/2012,24-Oct-12,24-Oct-12,24-Oct-12,ARV,Pediatric,Aurobindo Pharma Limited,"Lopinavir/Ritonavir 100/25mg, tablets, 60 Tabs",Lopinavir/Ritonavir,Generic,100/25mg,Tablet,60,"42,500",341700.00,8.04,0.13,"Aurobindo Unit III, India",TRUE,3868,"$16,210.31 ",479.06
"56,836",108-VN-T30,FPQ-15692,SCMS-274390,ASN-32265,Vietnam,PMO - US,Direct Drop,EXW,Air,1/28/2015,2/17/2015,10-Jul-15,10-Jul-15,10-Jul-15,ARV,Adult,HETERO LABS LIMITED,"Nevirapine 200mg, tablets, 60 Tabs",Nevirapine,Generic,200mg,Tablet,60,"6,000",12960.00,2.16,0.04,Hetero Unit III Hyderabad IN,FALSE,See ASN-32265 (ID#:56716),null,15.25
"61,403",104-CI-T30,FPQ-6037,SCMS-80610,ASN-8594,Côte d'Ivoire,PMO - US,Direct Drop,EXW,Air,7/14/2010,7/30/2010,10-Nov-10,10-Nov-10,10-Nov-10,HRDT,HIV test,"Standard Diagnostics, Inc.","HIV 1/2, Bioline 3.0 Kit, (no accessories), 30 Tests","HIV 1/2, Bioline 3.0 Kit (no accessories)",Bioline,,Test kit,30,"1,206",28944.00,24,0.8,"Standard Diagnostics, Korea",TRUE,429,"$4,540.55 ",62.4
"61,416",161-ZA-T30,FPQ-5303,SCMS-68750,ASN-8387,South Africa,PMO - US,Direct Drop,DDP,Air,3/18/2010,3/19/2010,13-Oct-10,27-Oct-10,27-Oct-10,ARV,Adult,CIPLA LIMITED,"Tenofovir Disoproxil Fumarate 300mg, tablets, 30 Tabs",Tenofovir Disoproxil Fumarate,Generic,300mg,Tablet,30,"64,738",506251.16,7.82,0.26,"Cipla, Goa, India",TRUE,4457,"$3,646.13 ","1,091.48"
"62,037",108-VN-T30,FPQ-15692,SCMS-274390,ASN-32265,Vietnam,PMO - US,Direct Drop,EXW,Air,1/28/2015,2/17/2015,10-Jul-15,10-Jul-15,10-Jul-15,ARV,Adult,HETERO LABS LIMITED,"Abacavir 300mg, tablets, 60 Tabs",Abacavir,Generic,300mg,Tablet,60,"1,400",15330.00,10.95,0.18,Hetero Unit III Hyderabad IN,FALSE,See ASN-32265 (ID#:56716),null,18.04
"61,418",114-UG-T30,FPQ-9365,SCMS-142260,ASN-14701,Uganda,PMO - US,Direct Drop,FCA,Air,3/15/2012,04-04-12,04-May-12,04-May-12,04-May-12,ARV,Adult,ABBVIE LOGISTICS (FORMERLY ABBOTT LOGISTICS BV),"Ritonavir 100mg [Norvir], film coated tablets, 60 Tabs",Ritonavir,Norvir,100mg,Tablet,60,625,4281.25,6.85,0.11,ABBVIE Ludwigshafen Germany,TRUE,86,$86 ,6
"76,327",108-VN-T30,FPQ-15692,SCMS-274390,ASN-32265,Vietnam,PMO - US,Direct Drop,EXW,Air,1/28/2015,2/17/2015,10-Jul-15,10-Jul-15,10-Jul-15,ARV,Adult,HETERO LABS LIMITED,"Lamivudine 150mg, tablets, 60 Tabs",Lamivudine,Generic,150mg,Tablet,60,"17,600",31680.00,1.8,0.03,Hetero Unit III Hyderabad IN,FALSE,See ASN-32265 (ID#:56716),null,37.29
"57,812",108-VN-T30,FPQ-15692,SCMS-274390,ASN-32270,Vietnam,PMO - US,Direct Drop,EXW,Air,1/28/2015,2/17/2015,10-Jul-15,10-Jul-15,10-Jul-15,ARV,Adult,HETERO LABS LIMITED,"Efavirenz/Lamivudine/Tenofovir Disoproxil Fumarate 600/300/300mg, tablets, 30 Tabs",Efavirenz/Lamivudine/Tenofovir Disoproxil Fumarate,Generic,600/300/300mg,Tablet - FDC,30,"1,144",11440.00,10,0.33,Hetero Unit III Hyderabad IN,FALSE,See ASN-32270 (ID#:35968),null,13.46
"61,493",105-DO-T30,FPQ-12359,SCMS-202330,ASN-22277,Dominican Republic,PMO - US,Direct Drop,EXW,Air,06-04-13,08-07-13,29-Oct-13,29-Oct-13,01-Nov-13,HRDT,HIV test - Ancillary,"Standard Diagnostics, Inc.","Chase Buffer, Determine, 100 Tests, 2.5ml x 1 Vial","Chase Buffer, Determine, 100 Tests, 2.5ml x 1 Vial",Determine,,Test kit - Ancillary,1,112,0.00,0,0,"Alere Medical Co., Ltd.",TRUE,46,"$1,428.23 ",0
"61,501",161-ZA-T30,FPQ-6262,SCMS-83730,ASN-9482,South Africa,PMO - US,Direct Drop,DDP,Ocean,8/31/2010,9/24/2010,29-Dec-10,10-Mar-11,10-Mar-11,ARV,Adult,Aurobindo Pharma Limited,"Tenofovir Disoproxil Fumarate 300mg, tablets, 30 Tabs",Tenofovir Disoproxil Fumarate,Generic,300mg,Tablet,30,"146,670",975355.50,6.65,0.22,"Aurobindo Unit III, India",TRUE,13690,"$15,213.22 ","2,102.87"
"71,284",151-NG-T30,FPQ-16312,SCMS-287700,ASN-32527,Nigeria,PMO - US,Direct Drop,EXW,Air,05-04-15,05-07-15,24-Jun-15,24-Jun-15,30-Jun-15,ARV,Adult,HETERO LABS LIMITED,"Lamivudine/Tenofovir Disoproxil Fumarate 300/300mg, tablets, 30 Tabs",Lamivudine/Tenofovir Disoproxil Fumarate,Generic,300/300mg,Tablet - FDC,30,"7,026",31617.00,4.5,0.15,Hetero Unit III Hyderabad IN,FALSE,See ASN-32527 (ID#:24386),null,37.21
"61,520",107-RW-T30,FPQ-6185,SCMS-84380,ASN-12230,Rwanda,PMO - US,Direct Drop,CIP,Air,09-03-10,9/27/2010,27-Sep-11,27-Sep-11,27-Sep-11,ARV,Pediatric,Aurobindo Pharma Limited,"Lamivudine 10mg/ml, oral solution w/syringe, Bottle, 240 ml",Lamivudine,Generic,10mg/ml,Oral solution,240,"2,468",7231.24,2.93,0.01,"Aurobindo Unit III, India",TRUE,907,$650.81 ,15.59
"61,521",106-HT-T30,FPQ-10785,SCMS-162800,ASN-17281,Haiti,PMO - US,Direct Drop,EXW,Air,10-11-12,10/16/2012,06-Dec-12,06-Dec-12,06-Dec-12,HRDT,HIV test,"Orgenics, Ltd","HIV 1/2, Determine Complete HIV Kit, 100 Tests","HIV 1/2, Determine Complete HIV Kit",Determine,,Test kit,100,"1,500",150000.00,100,1,"Alere Medical Co., Ltd.",TRUE,714,"$11,293.85 ",185.55
"61,546",117-ET-T30,FPQ-9954,SCMS-148511,ASN-16887,Ethiopia,PMO - US,Direct Drop,EXW,Air,5/21/2012,08-10-12,05-Nov-12,05-Nov-12,05-Nov-12,HRDT,HIV test,"SHANGHAI KEHUA BIOENGINEERING CO.,LTD.  (KHB)","HIV 1/2, SKB Colloidal Gold, Diagnostic Kit, Antibody, 50 Tests","HIV 1/2, Colloidal Gold, Diagnostic Kit, Antibody",Colloidal Gold,,Test kit,1,"22,497",551176.50,24.5,24.5,"KHB Test Kit Facility, Shanghai China",TRUE,13749,"$152,368.70 ",772.75
"61,550",106-HT-T30,FPQ-12590,SCMS-210540,ASN-24368,Haiti,PMO - US,Direct Drop,EXW,Air,8/21/2013,10/25/2013,17-Jun-14,17-Jun-14,20-Jun-14,ARV,Adult,MYLAN LABORATORIES LTD (FORMERLY MATRIX LABORATORIES),"Lamivudine/Zidovudine 150/300mg, tablets, 60 Tabs",Lamivudine/Zidovudine,Generic,150/300mg,Tablet - FDC,60,"24,024",155915.76,6.49,0.11,Mylan (formerly Matrix) Nashik,TRUE,2082,"$16,574.55 ",192.87
"61,563",108-VN-T30,FPQ-5899,SCMS-77600,ASN-7782,Vietnam,PMO - US,Direct Drop,FCA,Air,6/23/2010,07-01-10,13-Sep-10,13-Sep-10,13-Sep-10,ARV,Adult,ABBVIE LOGISTICS (FORMERLY ABBOTT LOGISTICS BV),"Ritonavir 100mg [Norvir], capsules, cool, 4 x 84 Caps",Ritonavir,Norvir,100mg,Capsule,336,56,17185.28,306.88,0.91,ABBVIE (Abbott) Logis. UK,TRUE,168,"$4,092.21 ",37.05
"61,595",104-CI-T30,FPQ-12622,SCMS-201210,ASN-21763,Côte d'Ivoire,PMO - US,Direct Drop,EXW,Air,7/16/2013,8/15/2013,07-Oct-13,07-Oct-13,07-Oct-13,HRDT,HIV test,"Standard Diagnostics, Inc.","HIV 1/2, Bioline 3.0 Kit, Lancets, Capillary pipets, Alcohol swabs included, 25 Tests","HIV 1/2, Bioline 3.0 Kit, Lancets, Capillary pipets, Alcohol swabs included",Bioline,,Test kit,25,"3,800",77900.00,20.5,0.82,"Standard Diagnostics, Korea",TRUE,1267,"$12,711.93 ",96.36
"61,612",106-HT-T30,FPQ-14895,SCMS-261010,ASN-32057,Haiti,PMO - US,Direct Drop,EXW,Air,9/24/2014,11/14/2014,28-May-15,28-May-15,29-May-15,ARV,Adult,EMCURE PHARMACEUTICALS LTD,"Atazanavir/Ritonavir 300/100mg, tablets, 30 Tabs",Atazanavir/Ritonavir,Generic,300/100mg,Tablet,30,"1,000",18000.00,18,0.6,"Emcure Plot No.P-2, I.T-B.T. Park, Phase II, MIDC, Hinjwadi, Pune, India",TRUE,132,"$1,579.89 ",18.5
"61,614",161-ZA-T30,FPQ-7175,SCMS-103440,ASN-11677,South Africa,PMO - US,Direct Drop,DDP,Ocean,03-10-11,3/24/2011,04-Oct-11,11-Oct-11,11-Oct-11,ARV,Adult,Aurobindo Pharma Limited,"Efavirenz 600mg, tablets, 30 Tabs",Efavirenz,Generic,600mg,Tablet,30,"58,489",263785.39,4.51,0.15,"Aurobindo Unit III, India",TRUE,4972,"$14,439.19 ",435.25
"61,623",106-HT-T30,FPQ-12590,SCMS-210470,ASN-24369,Haiti,PMO - US,Direct Drop,EXW,Ocean,8/21/2013,10/24/2013,09-May-14,09-May-14,12-May-14,ARV,Pediatric,Aurobindo Pharma Limited,"Nevirapine 50mg, dispersible tablets (tablets for oral suspension), 30 Tabs",Nevirapine,Generic,50mg,Chewable/dispersible tablet,30,"2,293",2866.25,1.25,0.04,"Aurobindo Unit III, India",TRUE,122,"$2,461.63 ",3.55
"73,782",106-HT-T30,FPQ-16241,SCMS-288890,ASN-32682,Haiti,PMO - US,Direct Drop,EXW,Ocean,05-05-15,5/27/2015,13-Aug-15,13-Aug-15,14-Aug-15,ARV,Adult,HETERO LABS LIMITED,"Lamivudine/Zidovudine 150/300mg, tablets, 60 Tabs",Lamivudine/Zidovudine,Generic,150/300mg,Tablet - FDC,60,"65,760",434673.60,6.61,0.11,"Hetero, Jadcherla, unit 5, IN",FALSE,See ASN-32682 (ID#:38510),null,511.61
"61,659",161-ZA-T30,FPQ-6708,SCMS-93550,ASN-10569,South Africa,PMO - US,Direct Drop,DDP,Ocean,11/26/2010,12/14/2010,13-Jun-11,13-Jun-11,13-Jun-11,ARV,Adult,Aurobindo Pharma Limited,"Tenofovir Disoproxil Fumarate 300mg, tablets, 30 Tabs",Tenofovir Disoproxil Fumarate,Generic,300mg,Tablet,30,"52,158",346850.70,6.65,0.22,"Aurobindo Unit III, India",TRUE,4868,"$6,121.41 ",572.3
"61,664",102-KE-T30,FPQ-9100,SCMS-133470,ASN-13945,Kenya,PMO - US,Direct Drop,EXW,Air,01-09-12,02-01-12,22-Mar-12,22-Mar-12,22-Mar-12,HRDT,HIV test,"Orgenics, Ltd","HIV 1/2, Determine Complete HIV Kit, 100 Tests","HIV 1/2, Determine Complete HIV Kit",Determine,,Test kit,100,"7,982",710398.00,89,0.89,"Alere Medical Co., Ltd.",TRUE,2278,"$31,382.03 ",995.98
"61,675",110-ZM-T30,FPQ-12252,SCMS-189240,ASN-20479,Zambia,PMO - US,Direct Drop,EXW,Air,05-02-13,5/22/2013,05-Aug-13,09-Aug-13,09-Aug-13,HRDT,HIV test,"Orgenics, Ltd","HIV 1/2, Determine Complete HIV Kit, 100 Tests","HIV 1/2, Determine Complete HIV Kit",Determine,,Test kit,100,"2,127",170160.00,80,0.8,"Alere Medical Co., Ltd.",TRUE,881,"$14,019.38 ",210.49
"61,676",102-SD-T30,FPQ-8261,SCMS-120461,ASN-12338,Sudan,PMO - US,Direct Drop,EXW,Air,8/29/2011,09-07-11,11-Jan-12,11-Jan-12,11-Jan-12,HRDT,HIV test,"Trinity Biotech, Plc","HIV 1/2, Uni-Gold HIV Kit, 20 Tests","HIV 1/2, Uni-Gold HIV Kit",Uni-Gold,,Test kit,20,65,2080.00,32,1.6,"Trinity Biotech, Plc",TRUE,21,$593.72 ,3.43
"27,804",106-HT-T30,FPQ-15038,SCMS-262890,ASN-32716,Haiti,PMO - US,Direct Drop,FCA,Air,10/22/2014,1/30/2015,07-Jul-15,07-Jul-15,07-Jul-15,ARV,Adult,ABBVIE LOGISTICS (FORMERLY ABBOTT LOGISTICS BV),"Lopinavir/Ritonavir 200/50mg [Aluvia], tablets, 120 Tabs",Lopinavir/Ritonavir,Aluvia,200/50mg,Tablet,120,"6,050",111743.50,18.47,0.15,ABBVIE Ludwigshafen Germany,FALSE,See ASN-32716 (ID#:22417),null,114.87
"57,582",108-VN-T30,FPQ-15692,SCMS-274350,ASN-32776,Vietnam,PMO - US,Direct Drop,EXW,Air,1/28/2015,2/17/2015,27-Jul-15,27-Jul-15,27-Jul-15,ARV,Adult,MYLAN LABORATORIES LTD (FORMERLY MATRIX LABORATORIES),"Lamivudine/Nevirapine/Zidovudine 150/200/300mg, tablets, 60 Tabs",Lamivudine/Nevirapine/Zidovudine,Generic,150/300/200mg,Tablet - FDC,60,"6,437",52139.70,8.1,0.13,Mylan (formerly Matrix) Nashik,FALSE,See ASN-32776 (ID#:40935),null,61.37
"7,436",108-VN-T01,Pre-PQ Process,SCMS-31720,ASN-3312,Vietnam,PMO - US,Direct Drop,EXW,Air,Pre-PQ Process,10/21/2008,27-Feb-09,27-Feb-09,27-Feb-09,ARV,Adult,Aurobindo Pharma Limited,"Nevirapine 200mg, tablets, 60 Tabs",Nevirapine,Generic,10mg+ml+/,Tablet,60,"7,800",22620.00,2.9,0.05,"Aurobindo Unit III, India",FALSE,See ASN-3312 (ID#:6081),null,44.34
"61,715",107-RW-T30,FPQ-8741,SCMS-129500,ASN-15287,Rwanda,PMO - US,Direct Drop,EXW,Air,11/30/2011,3/14/2012,29-Jun-12,29-Jun-12,29-Jun-12,ARV,Pediatric,CIPLA LIMITED,"Abacavir 20mg/ml, oral solution, Bottle, 240 ml",Abacavir,Generic,20mg/ml,Oral solution,240,"4,192",35632.00,8.5,0.04,"Cipla, Goa, India",TRUE,1514,"$6,072.80 ",49.96
"61,720",109-TZ-T30,FPQ-13675,SCMS-225860,ASN-24983,Tanzania,PMO - US,Direct Drop,EXW,Air,02-03-14,03-05-14,24-May-14,24-May-14,26-May-14,HRDT,HIV test,"Orgenics, Ltd","HIV 1/2, Determine Complete HIV Kit, 100 Tests","HIV 1/2, Determine Complete HIV Kit",Determine,,Test kit,100,350,28000.00,80,0.8,"Alere Medical Co., Ltd.",TRUE,143,"$2,508.46 ",28.78
"64,186",901-CM-T30,FPQ-12837,SCMS-204350,ASN-22179,Cameroon,PMO - US,Direct Drop,EXW,Air,8/19/2013,8/23/2013,09-Nov-13,09-Nov-13,20-Nov-13,ARV,Adult,HETERO LABS LIMITED,"Nevirapine 200mg, tablets, 60 Tabs",Nevirapine,Generic,200mg,Tablet,60,"121,307",266875.40,2.2,0.04,Hetero Unit III Hyderabad IN,TRUE,7912,"$62,102.07 ",330.12
"6,082",108-VN-T01,Pre-PQ Process,SCMS-31730,ASN-3313,Vietnam,PMO - US,Direct Drop,EXW,Air,Pre-PQ Process,10/21/2008,23-Feb-09,23-Feb-09,23-Feb-09,ARV,Adult,Aurobindo Pharma Limited,"Nevirapine 200mg, tablets, 60 Tabs",Nevirapine,Generic,1mg+ml+/,Tablet,60,"4,200",12180.00,2.9,0.05,"Aurobindo Unit III, India",FALSE,See ASN-3313 (ID#:3456),null,23.87
"61,749",111-MZ-T30,FPQ-5443,SCMS-70770,ASN-7201,Mozambique,PMO - US,Direct Drop,EXW,Air,04-05-10,4/21/2010,04-Aug-10,04-Aug-10,04-Aug-10,HRDT,HIV test,"Orgenics, Ltd","HIV 1/2, Determine HIV Kit, without Lancets, 100 Tests","HIV 1/2, Determine HIV Kit, without Lancets",Determine,,Test kit,100,"4,131",320978.70,77.7,0.78,Inverness Japan,TRUE,937,"$11,566.55 ",692.03
"61,754",110-ZM-T30,FPQ-8194,SCMS-118550,ASN-12428,Zambia,PMO - US,Direct Drop,EXW,Air,08-09-11,8/18/2011,26-Oct-11,26-Oct-11,26-Oct-11,HRDT,HIV test,"Orgenics, Ltd","HIV 1/2, Determine Complete HIV Kit, 100 Tests","HIV 1/2, Determine Complete HIV Kit",Determine,,Test kit,100,"3,200",256000.00,80,0.8,"Alere Medical Co., Ltd.",TRUE,1526,"$27,952.72 ",422.4
"10,062",108-VN-T01,Pre-PQ Process,SCMS-31730,ASN-3313,Vietnam,PMO - US,Direct Drop,EXW,Air,Pre-PQ Process,10/21/2008,23-Feb-09,23-Feb-09,23-Feb-09,ARV,Adult,Aurobindo Pharma Limited,"Lamivudine 150mg, tablets, 60 Tabs",Lamivudine,Generic,150mg,Tablet,60,"6,966",16718.40,2.4,0.04,"Aurobindo Unit III, India",FALSE,See ASN-3313 (ID#:3456),null,32.77
"61,783",109-TZ-T30,FPQ-12540,SCMS-198801,ASN-21504,Tanzania,PMO - US,Direct Drop,EXW,Ocean,07-03-13,8/27/2013,23-Oct-13,23-Oct-13,23-Oct-13,ARV,Adult,MYLAN LABORATORIES LTD (FORMERLY MATRIX LABORATORIES),"Efavirenz/Emtricitabine/Tenofovir Disoproxil Fumarate 600/200/300mg, tablets, 30 Tabs",Efavirenz/Emtricitabine/Tenofovir Disoproxil Fumarate,Generic,600/200/300mg,Tablet - FDC,30,"65,763",821379.87,12.49,0.42,Mylan (formerly Matrix) Nashik,TRUE,8182,"$7,814.59 ","1,016.05"
"55,304",108-VN-T30,FPQ-16194,SCMS-285490,ASN-33143,Vietnam,PMO - US,Direct Drop,EXW,Air,4/14/2015,5/13/2015,07-Sep-15,07-Sep-15,07-Sep-15,ARV,Adult,HETERO LABS LIMITED,"Efavirenz/Lamivudine/Tenofovir Disoproxil Fumarate 600/300/300mg, tablets, 30 Tabs",Efavirenz/Lamivudine/Tenofovir Disoproxil Fumarate,Generic,600/300/300mg,Tablet - FDC,30,"15,284",145198.00,9.5,0.32,Hetero Unit III Hyderabad IN,FALSE,See ASN-33143 (ID#:42190),null,170.9
"65,033",108-VN-T30,FPQ-16194,SCMS-285490,ASN-33146,Vietnam,PMO - US,Direct Drop,EXW,Air,4/14/2015,5/13/2015,07-Sep-15,07-Sep-15,07-Sep-15,ARV,Adult,HETERO LABS LIMITED,"Nevirapine 200mg, tablets, 60 Tabs",Nevirapine,Generic,200mg,Tablet,60,"3,000",6480.00,2.16,0.04,Hetero Unit III Hyderabad IN,FALSE,See ASN-33146 (ID#:44860),null,7.63
"61,864",104-CI-T30,FPQ-5208,SCMS-75371,ASN-7630,Côte d'Ivoire,PMO - US,Direct Drop,EXW,Air,2/25/2010,06-07-10,17-Aug-10,17-Aug-10,17-Aug-10,HRDT,HIV test,"Standard Diagnostics, Inc.","HIV 1/2, Bioline 3.0 Kit, (no accessories), 30 Tests","HIV 1/2, Bioline 3.0 Kit (no accessories)",Bioline,,Test kit,30,900,21600.00,24,0.8,"Standard Diagnostics, Korea",TRUE,300,"$3,489.46 ",46.57
"61,871",105-DO-T30,FPQ-7858,SCMS-117370,ASN-11929,Dominican Republic,PMO - US,Direct Drop,EXW,Air,6/21/2011,08-03-11,12-Sep-11,12-Sep-11,12-Sep-11,HRDT,HIV test,"Standard Diagnostics, Inc.","HIV 1/2, Bioline 3.0 Kit, 100 Tests","HIV 1/2, Bioline 3.0 Kit",Bioline,,Test kit,100,41,3075.00,75,0.75,"Standard Diagnostics, Korea",TRUE,28,$483.68 ,5.07
"61,882",161-ZA-T30,FPQ-5303,SCMS-68950,ASN-7130,South Africa,PMO - US,Direct Drop,DDP,Air,3/18/2010,3/19/2010,11-Jun-10,11-Jun-10,11-Jun-10,ARV,Adult,Aurobindo Pharma Limited,"Lamivudine 150mg, tablets, 60 Tabs",Lamivudine,Generic,150mg,Tablet,60,2,5.06,2.53,0.04,"Aurobindo Unit III, India",TRUE,1,"$4,116.81 ",0.01
"48,595",108-VN-T30,FPQ-15823,SCMS-277330,ASN-33152,Vietnam,PMO - US,Direct Drop,FCA,Air,2/13/2015,03-04-15,13-Aug-15,13-Aug-15,13-Aug-15,ARV,Adult,ABBVIE LOGISTICS (FORMERLY ABBOTT LOGISTICS BV),"Ritonavir 100mg [Norvir], film coated tablets, 30 Tabs",Ritonavir,Norvir,100mg,Tablet,30,400,9304.00,23.26,0.78,ABBVIE Ludwigshafen Germany,FALSE,See ASN-33152 (ID#:38571),null,10.95
"55,712",108-VN-T30,FPQ-16194,SCMS-285500,ASN-33266,Vietnam,PMO - US,Direct Drop,EXW,Air,4/14/2015,5/13/2015,03-Sep-15,03-Sep-15,03-Sep-15,ARV,Adult,HETERO LABS LIMITED,"Efavirenz/Lamivudine/Tenofovir Disoproxil Fumarate 600/300/300mg, tablets, 30 Tabs",Efavirenz/Lamivudine/Tenofovir Disoproxil Fumarate,Generic,600/300/300mg,Tablet - FDC,30,"15,552",147744.00,9.5,0.32,Hetero Unit III Hyderabad IN,FALSE,See ASN-33266 (ID#:44615),null,173.89
"61,959",114-UG-T30,FPQ-12477,SCMS-198690,ASN-21520,Uganda,PMO - US,Direct Drop,EXW,Air,07-08-13,7/30/2013,14-Sep-13,14-Sep-13,14-Sep-13,ARV,Adult,STRIDES ARCOLAB LIMITED,"Efavirenz 600mg, tablets, 30 Tabs",Efavirenz,Generic,600mg,Tablet,30,"111,348",355200.12,3.19,0.11,"Strides, Bangalore, India.",TRUE,6953,"$30,711.92 ",439.38
"61,980",106-HT-T30,FPQ-9621,SCMS-147100,ASN-16682,Haiti,PMO - US,Direct Drop,CIP,Air,4/20/2012,06-08-12,29-Oct-12,29-Oct-12,29-Oct-12,ARV,Pediatric,MERCK SHARP & DOHME IDEA GMBH (FORMALLY MERCK SHARP & DOHME B.V.),"Efavirenz 30mg/ml [Stocrin/Sustiva], oral solution, Bottle, 180 ml",Efavirenz,Stocrin/Sustiva,30mg/ml,Oral solution,180,"2,295",38923.20,16.96,0.09,"MSD, Haarlem, NL",TRUE,687,"$5,293.76 ",54.57
"61,993",111-MZ-T30,FPQ-14294,SCMS-247350,ASN-27821,Mozambique,PMO - US,Direct Drop,EXW,Air,5/15/2014,7/30/2014,08-Sep-14,08-Sep-14,09-Sep-14,HRDT,HIV test,"Trinity Biotech, Plc","HIV 1/2, Uni-Gold HIV Kit, 20 Tests","HIV 1/2, Uni-Gold HIV Kit",Uni-Gold,,Test kit,20,"8,261",264352.00,32,1.6,"Trinity Biotech, Plc",TRUE,298,"$16,397.94 ",271.75
"61,998",117-ET-T30,FPQ-9098,SCMS-133560,ASN-16135,Ethiopia,PMO - US,Direct Drop,EXW,Air,01-10-12,1/23/2012,05-Sep-12,05-Sep-12,05-Sep-12,HRDT,HIV test,"CHEMBIO DIAGNOSTIC SYSTEMS, INC.","HIV 1/2, Stat-Pak HIV, Kit, 20 Tests","HIV 1/2, Stat-Pak HIV, Kit",Stat-Pak,,Test kit,20,340,9860.00,29,1.45,Chembio Diagnostics Sys. Inc.,TRUE,128,$810.96 ,13.82
"62,024",108-VN-T30,FPQ-15692,SCMS-274360,ASN-32780,Vietnam,PMO - US,Direct Drop,EXW,Air,1/28/2015,2/17/2015,30-Jul-15,30-Jul-15,30-Jul-15,ARV,Adult,MYLAN LABORATORIES LTD (FORMERLY MATRIX LABORATORIES),"Lamivudine/Nevirapine/Zidovudine 150/200/300mg, tablets, 60 Tabs",Lamivudine/Nevirapine/Zidovudine,Generic,150/300/200mg,Tablet - FDC,60,"17,584",142430.40,8.1,0.13,Mylan (formerly Matrix) Nashik,TRUE,2446,"$4,559.25 ",167.64
"64,208",108-VN-T30,FPQ-16194,SCMS-285500,ASN-33269,Vietnam,PMO - US,Direct Drop,EXW,Air,4/14/2015,5/13/2015,03-Sep-15,03-Sep-15,03-Sep-15,ARV,Adult,HETERO LABS LIMITED,"Efavirenz/Lamivudine/Tenofovir Disoproxil Fumarate 600/300/300mg, tablets, 30 Tabs",Efavirenz/Lamivudine/Tenofovir Disoproxil Fumarate,Generic,600/300/300mg,Tablet - FDC,30,"13,736",130492.00,9.5,0.32,Hetero Unit III Hyderabad IN,FALSE,See ASN-33269 (ID#:25323),null,153.59
"69,301",108-VN-T30,FPQ-15823,SCMS-277270,ASN-33526,Vietnam,PMO - US,Direct Drop,FCA,Air,2/13/2015,03-04-15,14-Sep-15,14-Sep-15,14-Sep-15,ARV,Adult,ABBVIE LOGISTICS (FORMERLY ABBOTT LOGISTICS BV),"Lopinavir/Ritonavir 200/50mg [Aluvia], tablets, 120 Tabs",Lopinavir/Ritonavir,Aluvia,200/50mg,Tablet,120,"4,500",273600.00,60.8,0.51,ABBVIE Ludwigshafen Germany,FALSE,See ASN-33526 (ID#:32150),null,322.03
"62,046",104-CI-T30,FPQ-12806,SCMS-207150,ASN-23970,Côte d'Ivoire,PMO - US,Direct Drop,FCA,Air,08-09-13,9/17/2013,07-Feb-14,07-Feb-14,10-Feb-14,ARV,Pediatric,ABBVIE LOGISTICS (FORMERLY ABBOTT LOGISTICS BV),"Lopinavir/Ritonavir 80/20mg/ml [Kaletra], oral solution, cool, Bottle 5 x 60 ml",Lopinavir/Ritonavir,Kaletra,80/20mg/ml,Oral solution,300,540,16642.80,30.82,0.1,ABBVIE (Abbott) Logis. UK,TRUE,519,"$5,385.37 ",20.59
"62,047",161-ZA-T30,FPQ-5303,SCMS-68981,ASN-8464,South Africa,PMO - US,Direct Drop,DDP,Air,3/18/2010,3/19/2010,08-Dec-10,08-Dec-10,08-Dec-10,ARV,Adult,Aurobindo Pharma Limited,"Nevirapine 200mg, tablets, 60 Tabs",Nevirapine,Generic,200mg,Tablet,60,"16,383",47838.36,2.92,0.05,"Aurobindo Unit III, India",TRUE,1935,"$5,159.33 ",103.14
"81,396",107-RW-T30,FPQ-14813,SCMS-261783,ASN-33614,Rwanda,PMO - US,Direct Drop,EXW,Air,10-09-14,12/15/2014,27-Aug-15,27-Aug-15,27-Aug-15,ARV,Adult,EMCURE PHARMACEUTICALS LTD,"Atazanavir/Ritonavir 300/100mg, tablets, 30 Tabs",Atazanavir/Ritonavir,Generic,300/100mg,Tablet,30,"24,666",443988.00,18,0.6,"Emcure Plot No.P-2, I.T-B.T. Park, Phase II, MIDC, Hinjwadi, Pune, India",FALSE,See ASN-33614 (ID#:36005),null,456.42
"8,714",110-ZM-T01,Pre-PQ Process,SCMS-31390,ASN-3508,Zambia,PMO - US,Direct Drop,EXW,Air,Pre-PQ Process,10-02-08,18-Mar-09,18-Mar-09,18-Mar-09,HRDT,HIV test - Ancillary,"Orgenics, Ltd","HIV, Lancet, Safety, for HIV Test kits, 100 Pcs","HIV, Lancet, Safety, for HIV Test kits, 100 Pcs",Generic,10mg+ml+/,Test kit - Ancillary,100,"5,500",55.00,0.01,0,Inverness Japan,FALSE,See ASN-3508 (ID#:3441),null,0.11
"62,079",102-MW-T30,FPQ-9454,SCMS-141440,ASN-14813,Malawi,PMO - US,Direct Drop,EXW,Air,03-12-12,3/28/2012,21-May-12,21-May-12,21-May-12,HRDT,HIV test,"Trinity Biotech, Plc","HIV 1/2, Uni-Gold HIV Kit, 20 Tests","HIV 1/2, Uni-Gold HIV Kit",Uni-Gold,,Test kit,20,66,2112.00,32,1.6,"Trinity Biotech, Plc",TRUE,29,$732.72 ,2.96
"3,616",108-VN-T01,Pre-PQ Process,SCMS-37160,ASN-3561,Vietnam,PMO - US,Direct Drop,EXW,Air,Pre-PQ Process,1/16/2009,07-Apr-09,07-Apr-09,07-Apr-09,ARV,Adult,Aurobindo Pharma Limited,"Lamivudine/Nevirapine/Zidovudine 150/200/300mg, tablets, 60 Tabs",Lamivudine/Nevirapine/Zidovudine,Generic,10mg+ml+/,Tablet - FDC,60,300,3345.00,11.15,0.19,"Aurobindo Unit III, India",FALSE,See ASN-3561 (ID#:2297),null,6.56
"62,113",104-CI-T30,FPQ-6183,SCMS-83690,ASN-11128,Côte d'Ivoire,PMO - US,Direct Drop,CIP,Air,08-10-10,09-10-10,01-Jul-11,01-Jul-11,01-Jul-11,ARV,Pediatric,MERCK SHARP & DOHME IDEA GMBH (FORMALLY MERCK SHARP & DOHME B.V.),"Efavirenz 30mg/ml [Stocrin/Sustiva], oral solution, Bottle, 180 ml",Efavirenz,Stocrin/Sustiva,30mg/ml,Oral solution,180,"5,196",88124.16,16.96,0.09,"MSD, Haarlem, NL",TRUE,1489,"$2,093.31 ",190
"62,116",110-ZM-T30,FPQ-14151,SCMS-240080,ASN-26466,Zambia,PMO - US,Direct Drop,EXW,Air,4/30/2014,5/21/2014,20-Jul-14,21-Jul-14,06-Aug-14,ARV,Adult,Aurobindo Pharma Limited,"Nevirapine 200mg, tablets, 60 Tabs",Nevirapine,Generic,200mg,Tablet,60,"39,201",88202.25,2.25,0.04,"Aurobindo Unit III, India",TRUE,3986,"$20,555.45 ",90.67
"62,152",104-CI-T30,FPQ-4509,SCMS-56641,ASN-7108,Côte d'Ivoire,PMO - US,Direct Drop,CIP,Air,10/29/2009,11-09-09,11-Jun-10,11-Jun-10,11-Jun-10,ARV,Pediatric,BRISTOL-MYERS SQUIBB,"Didanosine 50mg [Videx], chewable tablets, 60 Tabs",Didanosine,Videx,50mg,Chewable/dispersible tablet,60,"1,887",17926.50,9.5,0.16,"BMS Meymac, France",TRUE,312,$781.50 ,38.65
"6,257",108-VN-T01,Pre-PQ Process,SCMS-37160,ASN-3561,Vietnam,PMO - US,Direct Drop,EXW,Air,Pre-PQ Process,1/16/2009,07-Apr-09,07-Apr-09,07-Apr-09,ARV,Adult,Aurobindo Pharma Limited,"Stavudine 30mg, capsules, 60 Caps",Stavudine,Generic,10mg+ml+/,Capsule,60,"9,576",13885.20,1.45,0.02,"Aurobindo Unit III, India",FALSE,See ASN-3561 (ID#:2297),null,27.21
"7,607",108-VN-T01,Pre-PQ Process,SCMS-37160,ASN-3561,Vietnam,PMO - US,Direct Drop,EXW,Air,Pre-PQ Process,1/16/2009,07-Apr-09,07-Apr-09,07-Apr-09,ARV,Adult,Aurobindo Pharma Limited,"Lamivudine/Zidovudine 150/300mg, tablets, 60 Tabs",Lamivudine/Zidovudine,Generic,10mg+ml+/,Tablet - FDC,60,"4,032",34715.52,8.61,0.14,"Aurobindo Unit III, India",FALSE,See ASN-3561 (ID#:2297),null,68.04
"10,228",108-VN-T01,Pre-PQ Process,SCMS-37160,ASN-3561,Vietnam,PMO - US,Direct Drop,EXW,Air,Pre-PQ Process,1/16/2009,07-Apr-09,07-Apr-09,07-Apr-09,ARV,Adult,Aurobindo Pharma Limited,"Nevirapine 200mg, tablets, 60 Tabs",Nevirapine,Generic,200mg,Tablet,60,"7,800",22620.00,2.9,0.05,"Aurobindo Unit III, India",FALSE,See ASN-3561 (ID#:2297),null,44.34
961,108-VN-T01,Pre-PQ Process,SCMS-37170,ASN-3562,Vietnam,PMO - US,Direct Drop,EXW,Air,Pre-PQ Process,1/16/2009,10-Apr-09,10-Apr-09,10-Apr-09,ARV-warsrg,Adult,Aurobindo Pharma Limited,"Lamivudine 150mg, tablets, 60 Tabs",Lamivudine,Generic,80+20mg+ml,Tablet,60,"21,000",50400.00,2.4,0.04,"Aurobindo Unit III, India",FALSE,See ASN-3562 (ID#:960),null,98.78
"2,298",108-VN-T01,Pre-PQ Process,SCMS-37170,ASN-3562,Vietnam,PMO - US,Direct Drop,EXW,Air,Pre-PQ Process,1/16/2009,10-Apr-09,10-Apr-09,10-Apr-09,ARV,Adult,Aurobindo Pharma Limited,"Lamivudine/Nevirapine/Zidovudine 150/200/300mg, tablets, 60 Tabs",Lamivudine/Nevirapine/Zidovudine,Generic,10mg+ml+/,Tablet - FDC,60,700,7805.00,11.15,0.19,"Aurobindo Unit III, India",FALSE,See ASN-3562 (ID#:960),null,15.3
"62,173",109-TZ-T30,FPQ-7909,SCMS-115010,ASN-12096,Tanzania,PMO - US,Direct Drop,EXW,Air,6/24/2011,7/14/2011,05-Oct-11,05-Oct-11,05-Oct-11,HRDT,HIV test,"Orgenics, Ltd","HIV 1/2, Determine Complete HIV Kit, 100 Tests","HIV 1/2, Determine Complete HIV Kit",Determine,,Test kit,100,"1,500",120000.00,80,0.8,"Alere Medical Co., Ltd.",TRUE,7500,"$19,196.73 ",198
"4,921",108-VN-T01,Pre-PQ Process,SCMS-37170,ASN-3562,Vietnam,PMO - US,Direct Drop,EXW,Air,Pre-PQ Process,1/16/2009,10-Apr-09,10-Apr-09,10-Apr-09,ARV-9fd6,Adult,Aurobindo Pharma Limited,"Nevirapine 200mg, tablets, 60 Tabs",Nevirapine,Generic,80+20mg+ml,Tablet,60,"5,200",15080.00,2.9,0.05,"Aurobindo Unit III, India",FALSE,See ASN-3562 (ID#:960),null,29.56
"10,229",108-VN-T01,Pre-PQ Process,SCMS-37170,ASN-3562,Vietnam,PMO - US,Direct Drop,EXW,Air,Pre-PQ Process,1/16/2009,10-Apr-09,10-Apr-09,10-Apr-09,ARV,Adult,Aurobindo Pharma Limited,"Stavudine 30mg, capsules, 60 Caps",Stavudine,Generic,30mg,Capsule,60,"22,428",32520.60,1.45,0.02,"Aurobindo Unit III, India",FALSE,See ASN-3562 (ID#:960),null,63.74
"62,228",133-NG-T30,FPQ-13741,SCMS-239690,ASN-26760,Nigeria,PMO - US,Direct Drop,EXW,Air,2/13/2014,5/19/2014,09-Jul-14,10-Jul-14,17-Jul-14,HRDT,HIV test,"Orgenics, Ltd","HIV 1/2, Determine Complete HIV Kit, 100 Tests","HIV 1/2, Determine Complete HIV Kit",Determine,,Test kit,100,"10,364",922396.00,89,0.89,"Alere Medical Co., Ltd.",TRUE,4212,"$62,466.03 ",948.22
"62,235",104-CI-T30,FPQ-14253,SCMS-243800,ASN-30019,Côte d'Ivoire,PMO - US,Direct Drop,EXW,Air,5/14/2014,07-09-14,18-Feb-15,18-Feb-15,20-Feb-15,HRDT,HIV test,"Orgenics, Ltd","HIV 1/2, Determine Complete HIV Kit, 100 Tests","HIV 1/2, Determine Complete HIV Kit",Determine,,Test kit,100,"6,500",520000.00,80,0.8,"Alere Medical Co., Ltd.",TRUE,2634,"$30,778.29 ",534.56
"62,253",200-UG-T30,FPQ-14628,SCMS-253230,ASN-28350,Uganda,PMO - US,Direct Drop,EXW,Air,7/23/2014,09-04-14,14-Oct-14,14-Oct-14,15-Oct-14,HRDT,HIV test,"Trinity Biotech, Plc","HIV 1/2, Uni-Gold HIV Kit, 20 Tests","HIV 1/2, Uni-Gold HIV Kit",Uni-Gold,,Test kit,20,"1,903",60896.00,32,1.6,"Trinity Biotech, Plc",TRUE,566,"$3,603.93 ",62.6
"7,695",106-HT-T01,Pre-PQ Process,SCMS-39970,ASN-3628,Haiti,PMO - US,Direct Drop,EXW,Air,Pre-PQ Process,03-06-09,02-Apr-09,02-Apr-09,02-Apr-09,ARV,Pediatric,Aurobindo Pharma Limited,"Didanosine 200mg, chewable/dispersible tablets, 60 Tabs",Didanosine,Generic,10mg+ml+/,Chewable/dispersible tablet,60,40,620.00,15.5,0.26,"Aurobindo Unit III, India",FALSE,See ASN-3628 (ID#:2399),null,1.22
"62,295",106-HT-T30,FPQ-13797,SCMS-233930,ASN-26134,Haiti,PMO - US,Direct Drop,EXW,Air,3/20/2014,4/29/2014,25-Jun-14,25-Jun-14,01-Jul-14,ARV,Pediatric,Aurobindo Pharma Limited,"Efavirenz 50mg, capsule, 30 Caps",Efavirenz,Generic,50mg,Capsule,30,400,624.00,1.56,0.05,"Aurobindo Unit III, India",TRUE,41,"$1,317.01 ",0.64
"62,319",114-UG-T30,FPQ-5017,SCMS-65110,ASN-6369,Uganda,PMO - US,Direct Drop,FCA,Air,02-09-10,02-10-10,24-Mar-10,24-Mar-10,24-Mar-10,ARV,Adult,ABBVIE LOGISTICS (FORMERLY ABBOTT LOGISTICS BV),"Lopinavir/Ritonavir 200/50mg [Aluvia], tablets, 120 Tabs",Lopinavir/Ritonavir,Aluvia,200/50mg,Tablet,120,480,17356.80,36.16,0.3,ABBVIE Ludwigshafen Germany,TRUE,127,"$1,400.91 ",37.42
"62,322",102-AO-T30,FPQ-6434,SCMS-91630,ASN-9551,Angola,PMO - US,Direct Drop,EXW,Air,10/28/2010,11-10-10,12-May-11,12-May-11,12-May-11,HRDT,HIV test,"Orgenics, Ltd","HIV 1/2, Determine Complete HIV Kit, 100 Tests","HIV 1/2, Determine Complete HIV Kit",Determine,,Test kit,100,"1,800",144000.00,80,0.8,Inverness Japan,TRUE,865,"$13,790.10 ",310.46
"6,400",116-ZA-T01,Pre-PQ Process,SCMS-41050,ASN-3635,South Africa,PMO - US,Direct Drop,DDP,Air,Pre-PQ Process,Date Not Captured,21-Apr-09,05-Dec-08,05-Dec-08,ARV,Pediatric,S. BUYS WHOLESALER,"Zidovudine 10mg/ml, oral solution, Bottle, 240 ml",Zidovudine,Generic,10mg+ml+/,Oral solution,240,23,83.72,3.64,0.02,"Aurobindo Unit III, India",FALSE,See ASN-3635 (ID#:3745),null,0.16
"7,728",116-ZA-T01,Pre-PQ Process,SCMS-41050,ASN-3635,South Africa,PMO - US,Direct Drop,DDP,Air,Pre-PQ Process,Date Not Captured,21-Apr-09,05-Dec-08,05-Dec-08,ARV,Pediatric,S. BUYS WHOLESALER,"Efavirenz 50mg, capsule, 30 Caps",Efavirenz,Generic,10mg+ml+/,Capsule,30,144,440.64,3.06,0.1,"Aurobindo Unit III, India",FALSE,See ASN-3635 (ID#:3745),null,0.86
"62,400",107-RW-T30,FPQ-3859,SCMS-48860,ASN-7668,Rwanda,PMO - US,Direct Drop,CIP,Air,6/30/2009,7/16/2009,04-Aug-10,04-Aug-10,04-Aug-10,ARV,Adult,Aurobindo Pharma Limited,"Didanosine 400mg, delayed-release capsules, 30 Caps",Didanosine,Generic,400mg,Delayed-release capsules,30,559,12532.78,22.42,0.75,"Aurobindo Unit III, India",TRUE,46,"$1,127.95 ",24.56
"62,403",101-CD-T30,FPQ-11043,SCMS-168020,ASN-18768,"Congo, DRC",PMO - US,Direct Drop,EXW,Air,11/16/2012,12-06-12,17-Jul-13,17-Jul-13,17-Jul-13,HRDT,HIV test - Ancillary,"Orgenics, Ltd","Chase Buffer, Determine, 100 Tests, 2.5ml x 1 Vial","Chase Buffer, Determine, 100 Tests, 2.5ml x 1 Vial",Determine,,Test kit - Ancillary,1,"3,511",17555.00,5,5,"Alere Medical Co., Ltd.",TRUE,981,"$22,892.07 ",21.72
"62,413",108-VN-T30,FPQ-10811,SCMS-164580,ASN-18661,Vietnam,PMO - US,Direct Drop,EXW,Air,10/15/2012,11-07-12,01-Apr-13,01-Apr-13,01-Apr-13,ARV,Adult,HETERO LABS LIMITED,"Efavirenz 600mg, tablets, 30 Tabs",Efavirenz,Generic,600mg,Tablet,30,"7,245",23546.25,3.25,0.11,"Hetero, Jadcherla, unit 5, IN",TRUE,622,"$1,226.11 ",29.13
"1,047",106-HT-T01,Pre-PQ Process,SCMS-40000,ASN-3675,Haiti,PMO - US,Direct Drop,CIP,Air,Pre-PQ Process,03-06-09,31-Mar-09,31-Mar-09,31-Mar-09,ARV,Pediatric,BRISTOL-MYERS SQUIBB,"Didanosine 2g [Videx], powder for oral solution 10mg/ml, reconstitute to 200 ml",Didanosine,Videx,1mg+ml+/,Powder for oral solution,200,32,402.88,12.59,0.06,"BMS Meymac, France",FALSE,See ASN-3675 (ID#:1046),null,0.79
"62,433",111-MZ-T30,FPQ-3999,SCMS-50170,ASN-4672,Mozambique,PMO - US,Direct Drop,EXW,Air,7/15/2009,7/25/2009,08-Sep-09,08-Sep-09,08-Sep-09,HRDT,HIV test,"Trinity Biotech, Plc","HIV 1/2, Uni-Gold HIV Kit, 20 Tests","HIV 1/2, Uni-Gold HIV Kit",Uni-Gold,,Test kit,20,"4,200",134400.00,32,1.6,"Trinity Biotech, Plc",TRUE,1650,"$23,167.84 ",263.42
"62,476",103-CM-T30,FPQ-12711,SCMS-203100,ASN-22038,Cameroon,PMO - US,Direct Drop,EXW,Air,08-09-13,09-04-13,16-Oct-13,16-Oct-13,17-Oct-13,HRDT,HIV test,Orasure Technologies Inc.,"HIV 1/2, OraQuick Advance HIV Rapid Antibody Kit, 100 Tests","HIV 1/2, OraQuick Advance HIV Rapid Antibody Kit",OraQuick,,Test kit,100,30,10500.00,350,3.5,"Orasure Technologies, Inc",TRUE,75,"$1,406.75 ",12.99
"62,516",108-VN-T30,FPQ-9001,SCMS-131580,ASN-15388,Vietnam,PMO - US,Direct Drop,FCA,Air,12/15/2011,1/25/2012,26-Jul-12,26-Jul-12,26-Jul-12,ARV,Adult,ABBVIE LOGISTICS (FORMERLY ABBOTT LOGISTICS BV),"Lopinavir/Ritonavir 200/50mg [Aluvia], tablets, 120 Tabs",Lopinavir/Ritonavir,Aluvia,200/50mg,Tablet,120,"7,078",430483.96,60.82,0.51,ABBVIE Ludwigshafen Germany,TRUE,1724,"$5,248.47 ",603.54
"62,521",104-CI-T30,FPQ-3967,SCMS-52660,ASN-5864,Côte d'Ivoire,PMO - US,Direct Drop,EXW,Air,8/21/2009,9/14/2009,05-Feb-10,05-Feb-10,05-Feb-10,ARV,Adult,MYLAN LABORATORIES LTD (FORMERLY MATRIX LABORATORIES),"Abacavir/Lamivudine/Zidovudine 300/150/300mg, tablets, 60 Tabs",Abacavir/Lamivudine/Zidovudine,Generic,300/150/300mg,Tablet - FDC,60,"2,688",86016.00,32,0.53,Mylan (formerly Matrix) Nashik,TRUE,421,"$4,022.89 ",168.59
"3,718",106-HT-T01,Pre-PQ Process,SCMS-40000,ASN-3675,Haiti,PMO - US,Direct Drop,CIP,Air,Pre-PQ Process,03-06-09,31-Mar-09,31-Mar-09,31-Mar-09,ARV,Pediatric,BRISTOL-MYERS SQUIBB,"Didanosine 25mg [Videx], chewable tablets, 60 Tabs",Didanosine,Videx,80+20mg+ml,Chewable/dispersible tablet,60,80,560.00,7,0.12,"BMS Meymac, France",FALSE,See ASN-3675 (ID#:1046),null,1.1
"62,555",104-CI-T30,FPQ-8804,SCMS-133730,ASN-14016,Côte d'Ivoire,PMO - US,Direct Drop,EXW,Ocean,11/28/2011,1/13/2012,05-Jul-12,05-Jul-12,05-Jul-12,ARV,Adult,Aurobindo Pharma Limited,"Lopinavir/Ritonavir 200/50mg, tablets, 120 Tabs",Lopinavir/Ritonavir,Generic,200/50mg,Tablet,120,"22,600",678000.00,30,0.25,"Aurobindo Unit III, India",TRUE,5734,"$24,624 ",950.56
"62,577",102-KE-T30,FPQ-4250,SCMS-55900,ASN-5595,Kenya,PMO - US,Direct Drop,EXW,Air,9/16/2009,10/23/2009,07-Jan-10,07-Jan-10,07-Jan-10,HRDT,HIV test,"Standard Diagnostics, Inc.","HIV 1/2, Bioline 3.0 Kit, Lancets, Capillary pipets, Alcohol swabs included, 25 Tests","HIV 1/2, Bioline 3.0 Kit, Lancets, Capillary pipets, Alcohol swabs included",Bioline,,Test kit,25,"9,475",189500.00,20,0.8,"Standard Diagnostics, Korea",TRUE,3158,"$24,172.01 ",371.42
"62,586",114-UG-T30,FPQ-10489,SCMS-159280,ASN-16778,Uganda,PMO - US,Direct Drop,DAP,Air,8/24/2012,09-06-12,25-Oct-12,25-Oct-12,25-Oct-12,ARV,Adult,ASPEN PHARMACARE,"Etravirine 100mg [Intelence], tablets, 120 Tabs",Etravirine,Intelence,100mg,Tablet,120,111,3996.00,36,0.3,"Janssen-Cilag, Latina, IT",TRUE,24,$330 ,5.6
"6,402",116-ZA-T01,Pre-PQ Process,SCMS-41160,ASN-3760,South Africa,PMO - US,Direct Drop,DDP,Air,Pre-PQ Process,Date Not Captured,01-Apr-09,26-Nov-08,26-Nov-08,ARV,Pediatric,S. BUYS WHOLESALER,"Lamivudine 10mg/ml [Epivir], oral solution, Bottle, 240 ml",Lamivudine,Epivir,20mg+ml+/,Oral solution,240,156,845.52,5.42,0.02,GSK Mississauga (Canada),FALSE,See ASN-3760 (ID#:5049),null,1.66
"10,353",116-ZA-T01,Pre-PQ Process,SCMS-41160,ASN-3760,South Africa,PMO - US,Direct Drop,DDP,Air,Pre-PQ Process,Date Not Captured,01-Apr-09,26-Nov-08,26-Nov-08,ARV,Adult,S. BUYS WHOLESALER,"Lamivudine 150mg [Epivir], tablets, 60 Tabs",Lamivudine,Epivir,150mg,Tablet,60,"2,000",10460.00,5.23,0.09,GSK Cape Town Factory (South Africa),FALSE,See ASN-3760 (ID#:5049),null,20.5
"62,634",108-VN-T30,FPQ-15692,SCMS-274370,ASN-32260,Vietnam,PMO - US,Direct Drop,EXW,Air,1/28/2015,2/17/2015,13-Jul-15,13-Jul-15,14-Jul-15,ARV,Adult,HETERO LABS LIMITED,"Efavirenz/Lamivudine/Tenofovir Disoproxil Fumarate 600/300/300mg, tablets, 30 Tabs",Efavirenz/Lamivudine/Tenofovir Disoproxil Fumarate,Generic,600/300/300mg,Tablet - FDC,30,"17,760",177600.00,10,0.33,Hetero Unit III Hyderabad IN,TRUE,2516,"$3,809.94 ",209.04
"10,354",116-ZA-T01,Pre-PQ Process,SCMS-41160,ASN-3760,South Africa,PMO - US,Direct Drop,DDP,Air,Pre-PQ Process,Date Not Captured,01-Apr-09,26-Nov-08,26-Nov-08,ARV,Pediatric,S. BUYS WHOLESALER,"Zidovudine 10mg/ml [Retrovir], oral solution, Bottle, 200 ml",Zidovudine,Retrovir,10mg/ml,Oral solution,200,150,949.50,6.33,0.03,GSK Mississauga (Canada),FALSE,See ASN-3760 (ID#:5049),null,1.86
"8,803",109-TZ-T01,Pre-PQ Process,SCMS-34690,ASN-3853,Tanzania,PMO - US,Direct Drop,CIP,Air,Pre-PQ Process,12/30/2008,15-Jun-09,15-Jun-09,15-Jun-09,ARV,Adult,MERCK SHARP & DOHME IDEA GMBH (FORMALLY MERCK SHARP & DOHME B.V.),"Efavirenz/Emtricitabine/Tenofovir Disoproxil Fumarate 600/200/300mg [Atripla], tablets, 30 Tabs",Efavirenz/Emtricitabine/Tenofovir Disoproxil Fumarate,Atripla,10mg+ml+/,Tablet - FDC,30,"2,680",135072.00,50.4,1.68,"MSD, Haarlem, NL",FALSE,See ASN-3853 (ID#:4824),null,264.74
"62,709",108-VN-T30,FPQ-10811,SCMS-164520,ASN-18691,Vietnam,PMO - US,Direct Drop,FCA,Air,10/15/2012,11-07-12,03-Apr-13,03-Apr-13,03-Apr-13,ARV,Adult,ABBVIE LOGISTICS (FORMERLY ABBOTT LOGISTICS BV),"Lopinavir/Ritonavir 200/50mg [Aluvia], tablets, 120 Tabs",Lopinavir/Ritonavir,Aluvia,200/50mg,Tablet,120,"1,836",111665.52,60.82,0.51,ABBVIE Ludwigshafen Germany,TRUE,439,$958.85 ,138.13
"62,712",114-UG-T30,FPQ-15303,SCMS-264920,ASN-30994,Uganda,PMO - US,Direct Drop,FCA,Air,11-11-14,11/25/2014,20-Mar-15,20-Mar-15,20-Mar-15,ARV,Pediatric,ABBVIE LOGISTICS (FORMERLY ABBOTT LOGISTICS BV),"Lopinavir/Ritonavir 80/20mg/ml [Kaletra], oral solution, cool, Bottle 5 x 60 ml",Lopinavir/Ritonavir,Kaletra,80/20mg/ml,Oral solution,300,150,4623.00,30.82,0.1,ABBVIE (Abbott) Logis. UK,TRUE,170,"$2,265.89 ",5.44
"62,730",161-ZA-T30,FPQ-7175,SCMS-103690,ASN-12560,South Africa,PMO - US,Direct Drop,DDP,Ocean,03-10-11,3/23/2011,02-Nov-11,02-Nov-11,02-Nov-11,ARV,Adult,EMCURE PHARMACEUTICALS LTD,"Efavirenz 600mg, tablets, 30 Tabs",Efavirenz,Generic,600mg,Tablet,30,"136,980",589014.00,4.3,0.14,"Emcure Plot No.P-2, I.T-B.T. Park, Phase II, MIDC, Hinjwadi, Pune, India",TRUE,10832,"$10,283.25 ",971.87
"62,761",104-CI-T30,FPQ-12150,SCMS-191950,ASN-23207,Côte d'Ivoire,PMO - US,Direct Drop,FCA,Air,4/29/2013,06-12-13,23-Dec-13,23-Dec-13,08-Jan-14,ARV,Adult,ABBVIE LOGISTICS (FORMERLY ABBOTT LOGISTICS BV),"Ritonavir 100mg [Norvir], film coated tablets, 60 Tabs",Ritonavir,Norvir,100mg,Tablet,60,350,2397.50,6.85,0.11,ABBVIE Ludwigshafen Germany,TRUE,56,"$1,726.50 ",2.97
"10,126",109-TZ-T01,Pre-PQ Process,SCMS-34690,ASN-3853,Tanzania,PMO - US,Direct Drop,CIP,Air,Pre-PQ Process,12/30/2008,15-Jun-09,15-Jun-09,15-Jun-09,ARV,Adult,MERCK SHARP & DOHME IDEA GMBH (FORMALLY MERCK SHARP & DOHME B.V.),"Efavirenz/Emtricitabine/Tenofovir Disoproxil Fumarate 600/200/300mg [Atripla], tablets, 30 Tabs",Efavirenz/Emtricitabine/Tenofovir Disoproxil Fumarate,Atripla,600/200/300mg,Tablet - FDC,30,"2,357",118792.80,50.4,1.68,"MSD, Haarlem, NL",FALSE,See ASN-3853 (ID#:4824),null,232.83
"62,801",161-ZA-T30,FPQ-6708,SCMS-93560,ASN-11437,South Africa,PMO - US,Direct Drop,DDP,Ocean,11/26/2010,12/14/2010,15-Sep-11,15-Sep-11,15-Sep-11,ARV,Adult,Aurobindo Pharma Limited,"Tenofovir Disoproxil Fumarate 300mg, tablets, 30 Tabs",Tenofovir Disoproxil Fumarate,Generic,300mg,Tablet,30,"86,843",577505.95,6.65,0.22,"Aurobindo Unit III, India",TRUE,8106,"$10,748.78 ",952.88
"9,093",112-NG-T01,Pre-PQ Process,SCMS-42830,ASN-3984,Nigeria,PMO - US,Direct Drop,FCA,Air,Pre-PQ Process,04-01-09,20-May-09,20-May-09,20-May-09,ARV,Adult,ABBVIE LOGISTICS (FORMERLY ABBOTT LOGISTICS BV),"Lopinavir/Ritonavir 200/50mg [Aluvia], tablets, 120 Tabs",Lopinavir/Ritonavir,Aluvia,20mg+ml+/,Tablet,120,159,6534.90,41.1,0.34,ABBVIE Ludwigshafen Germany,FALSE,See ASN-3984 (ID#:2499),null,12.81
"62,814",110-ZM-T30,FPQ-13084,SCMS-211060,ASN-22938,Zambia,PMO - US,Direct Drop,EXW,Air,10-11-13,10/21/2013,13-Jan-14,13-Jan-14,30-Jan-14,ARV,Adult,Aurobindo Pharma Limited,"Lamivudine 150mg, tablets, 60 Tabs",Lamivudine,Generic,150mg,Tablet,60,"20,000",43000.00,2.15,0.04,"Aurobindo Unit III, India",TRUE,980,"$6,020.81 ",44.2
"2,481",116-ZA-T01,Pre-PQ Process,SCMS-47500,ASN-4332,South Africa,PMO - US,Direct Drop,DDP,Truck,Pre-PQ Process,04-02-09,15-May-09,23-Apr-09,23-Apr-09,ARV,Adult,S. BUYS WHOLESALER,"Stavudine 20mg [Zerit], capsules, 60 Caps",Stavudine,Zerit,1mg+ml+/,Capsule,60,76,300.20,3.95,0.07,"BMS Meymac, France",FALSE,See ASN-4332 (ID#:1115),null,0.59
"6,437",116-ZA-T01,Pre-PQ Process,SCMS-47500,ASN-4332,South Africa,PMO - US,Direct Drop,DDP,Truck,Pre-PQ Process,04-02-09,15-May-09,23-Apr-09,23-Apr-09,ARV,Adult,S. BUYS WHOLESALER,"Lamivudine 150mg, tablets, 60 Tabs",Lamivudine,Generic,80+20mg+ml,Tablet,60,"2,000",14160.00,7.08,0.12,"Aurobindo Unit III, India",FALSE,See ASN-4332 (ID#:1115),null,27.75
"62,879",100-DO-T30,FPQ-6083,SCMS-80890,ASN-7834,Dominican Republic,PMO - US,Direct Drop,EXW,Air,7/16/2010,7/30/2010,14-Sep-10,14-Sep-10,14-Sep-10,ARV,Adult,MYLAN LABORATORIES LTD (FORMERLY MATRIX LABORATORIES),"Tenofovir Disoproxil Fumarate 300mg, tablets, 30 Tabs",Tenofovir Disoproxil Fumarate,Generic,300mg,Tablet,30,"2,000",14000.00,7,0.23,Mylan (formerly Matrix) Nashik,TRUE,111,"$1,254.61 ",30.18
"62,935",107-RW-T30,FPQ-15654,SCMS-272570,ASN-31045,Rwanda,PMO - US,Direct Drop,FCA,Air,12/23/2014,1/19/2015,02-Apr-15,02-Apr-15,02-Apr-15,ARV,Pediatric,ABBVIE LOGISTICS (FORMERLY ABBOTT LOGISTICS BV),"Lopinavir/Ritonavir 80/20mg/ml [Kaletra], oral solution, cool, Bottle 5 x 60 ml",Lopinavir/Ritonavir,Kaletra,80/20mg/ml,Oral solution,300,252,7766.64,30.82,0.1,ABBVIE (Abbott) Logis. UK,TRUE,316,"$2,905.84 ",9.14
"62,942",111-MZ-T30,FPQ-4108,SCMS-52440,ASN-5310,Mozambique,PMO - US,Direct Drop,FCA,Air,8/20/2009,09-03-09,11-Nov-09,11-Nov-09,11-Nov-09,ARV,Adult,Hoffmann-La Roche ltd Basel,"Saquinavir 200mg [Invirase], capsules, 270 Caps",Saquinavir,Invirase,200mg,Capsule,270,392,37017.53,94.43,0.35,Roche Basel,TRUE,202,"$2,191.21 ",72.55
"6,438",116-ZA-T01,Pre-PQ Process,SCMS-47500,ASN-4332,South Africa,PMO - US,Direct Drop,DDP,Truck,Pre-PQ Process,04-02-09,15-May-09,23-Apr-09,23-Apr-09,ARV,Pediatric,S. BUYS WHOLESALER,"Stavudine 1mg/ml, powder for oral solution, 200 ml",Stavudine,Generic,80+20mg+ml,Oral solution,200,400,832.00,2.08,0.01,"Aurobindo Unit III, India",FALSE,See ASN-4332 (ID#:1115),null,1.63
"6,439",116-ZA-T01,Pre-PQ Process,SCMS-47500,ASN-4332,South Africa,PMO - US,Direct Drop,DDP,Truck,Pre-PQ Process,04-02-09,15-May-09,23-Apr-09,23-Apr-09,ARV,Pediatric,S. BUYS WHOLESALER,"Nevirapine 10mg/ml, oral suspension, Bottle, 240 ml",Nevirapine,Generic,20mg+ml+/,Oral suspension,240,80,750.40,9.38,0.04,"Aurobindo Unit III, India",FALSE,See ASN-4332 (ID#:1115),null,1.47
"62,980",106-HT-T30,FPQ-9635,SCMS-148700,ASN-15789,Haiti,PMO - US,Direct Drop,EXW,Ocean,5/14/2012,6/28/2012,22-Oct-12,22-Oct-12,22-Oct-12,ARV,Adult,HETERO LABS LIMITED,"Lamivudine/Tenofovir Disoproxil Fumarate 300/300mg, tablets, 30 Tabs",Lamivudine/Tenofovir Disoproxil Fumarate,Generic,300/300mg,Tablet - FDC,30,"19,776",100857.60,5.1,0.17,Hetero Unit III Hyderabad IN,TRUE,2122,"$9,272.18 ",141.4
"62,987",102-MW-T30,FPQ-11638,SCMS-179351,ASN-21682,Malawi,PMO - US,Direct Drop,EXW,Air,2/22/2013,3/14/2013,02-Oct-13,02-Oct-13,02-Oct-13,HRDT,HIV test,"Orgenics, Ltd","HIV 1/2, Determine Complete HIV Kit, 100 Tests","HIV 1/2, Determine Complete HIV Kit",Determine,,Test kit,100,154,12320.00,80,0.8,"Alere Medical Co., Ltd.",TRUE,60,"$1,619.30 ",15.24
"9,081",116-ZA-T01,Pre-PQ Process,SCMS-47500,ASN-4332,South Africa,PMO - US,Direct Drop,DDP,Truck,Pre-PQ Process,04-02-09,15-May-09,23-Apr-09,23-Apr-09,ARV,Pediatric,S. BUYS WHOLESALER,"Zidovudine 10mg/ml, oral solution, Bottle, 240 ml",Zidovudine,Generic,10mg+ml+/,Oral solution,240,200,1208.00,6.04,0.03,"Aurobindo Unit III, India",FALSE,See ASN-4332 (ID#:1115),null,2.37
"8,922",109-TZ-T01,Pre-PQ Process,SCMS-38410,ASN-4381,Tanzania,PMO - US,Direct Drop,FCA,Air,Pre-PQ Process,02-05-09,11-Aug-09,11-Aug-09,11-Aug-09,ARV,Adult,ABBVIE LOGISTICS (FORMERLY ABBOTT LOGISTICS BV),"Lopinavir/Ritonavir 200/50mg [Aluvia], tablets, 120 Tabs",Lopinavir/Ritonavir,Aluvia,10mg+ml+/,Tablet,120,60,2466.00,41.1,0.34,ABBVIE Ludwigshafen Germany,FALSE,See ASN-4381 (ID#:4949),null,4.83
"3,852",108-VN-T01,Pre-PQ Process,SCMS-45070,ASN-4419,Vietnam,PMO - US,Direct Drop,EXW,Air,Pre-PQ Process,4/29/2009,10-Jul-09,10-Jul-09,10-Jul-09,ARV-9fd6,Adult,Aurobindo Pharma Limited,"Lamivudine/Nevirapine/Zidovudine 150/200/300mg, tablets, 60 Tabs",Lamivudine/Nevirapine/Zidovudine,Generic,80+20mg+ml,Tablet - FDC,60,"3,500",39025.00,11.15,0.19,"Aurobindo Unit III, India",FALSE,See ASN-4419 (ID#:3851),null,76.49
"9,154",108-VN-T01,Pre-PQ Process,SCMS-45070,ASN-4419,Vietnam,PMO - US,Direct Drop,EXW,Air,Pre-PQ Process,4/29/2009,10-Jul-09,10-Jul-09,10-Jul-09,ARV,Adult,Aurobindo Pharma Limited,"Lamivudine 150mg, tablets, 60 Tabs",Lamivudine,Generic,10mg+ml+/,Tablet,60,"6,000",14400.00,2.4,0.04,"Aurobindo Unit III, India",FALSE,See ASN-4419 (ID#:3851),null,28.22
"63,064",133-NG-T30,FPQ-12456,SCMS-196561,ASN-22347,Nigeria,PMO - US,Direct Drop,EXW,Air,06-10-13,07-10-13,07-Nov-13,07-Nov-13,17-Nov-13,HRDT,HIV test,"Orgenics, Ltd","HIV 1/2, Determine Complete HIV Kit, 100 Tests","HIV 1/2, Determine Complete HIV Kit",Determine,,Test kit,100,"3,023",269047.00,89,0.89,"Alere Medical Co., Ltd.",TRUE,1221,"$19,891.20 ",332.81
"63,073",103-ZW-T30,FPQ-12094,SCMS-186840,ASN-24393,Zimbabwe,PMO - US,Direct Drop,FCA,Air,4/19/2013,4/25/2013,13-Mar-14,13-Mar-14,13-Mar-14,ARV,Pediatric,LAWRENCE LABORATORIES (SUBSIDIARY OF BRISTOL MYERS SQUIBB),"Didanosine 25mg [Videx], chewable tablets, 60 Tabs",Didanosine,Videx,25mg,Chewable/dispersible tablet,60,"1,014",7098.00,7,0.12,Bristol-Myers Squibb Anagni IT,TRUE,247,"$3,584.08 ",8.78
"63,106",901-CM-T30,FPQ-12837,SCMS-204300,ASN-21704,Cameroon,PMO - US,Direct Drop,EXW,Air,8/19/2013,8/23/2013,18-Oct-13,18-Oct-13,18-Oct-13,ARV,Adult,Aurobindo Pharma Limited,"Lamivudine/Nevirapine/Zidovudine 150/200/300mg, tablets, 60 Tabs",Lamivudine/Nevirapine/Zidovudine,Generic,150/300/200mg,Tablet - FDC,60,"38,707",314687.91,8.13,0.14,"Aurobindo Unit III, India",TRUE,4926,"$40,227.60 ",389.27
"6,517",108-VN-T01,Pre-PQ Process,SCMS-45080,ASN-4420,Vietnam,PMO - US,Direct Drop,EXW,Air,Pre-PQ Process,4/29/2009,10-Jul-09,10-Jul-09,10-Jul-09,ARV,Adult,Aurobindo Pharma Limited,"Stavudine 30mg, capsules, 60 Caps",Stavudine,Generic,10mg+ml+/,Capsule,60,"6,048",8769.60,1.45,0.02,"Aurobindo Unit III, India",FALSE,See ASN-4420 (ID#:1183),null,17.19
"7,837",108-VN-T01,Pre-PQ Process,SCMS-45080,ASN-4420,Vietnam,PMO - US,Direct Drop,EXW,Air,Pre-PQ Process,4/29/2009,10-Jul-09,10-Jul-09,10-Jul-09,ARV,Adult,Aurobindo Pharma Limited,"Lamivudine 150mg, tablets, 60 Tabs",Lamivudine,Generic,10mg+ml+/,Tablet,60,"18,000",43200.00,2.4,0.04,"Aurobindo Unit III, India",FALSE,See ASN-4420 (ID#:1183),null,84.67
"63,175",107-RW-T30,FPQ-3963,SCMS-48560,ASN-4448,Rwanda,PMO - US,Direct Drop,EXW,Air,07-01-09,07-02-09,14-Aug-09,14-Aug-09,14-Aug-09,HRDT,HIV test,"Trinity Biotech, Plc","HIV 1/2, Uni-Gold HIV Kit, 20 Tests","HIV 1/2, Uni-Gold HIV Kit",Uni-Gold,,Test kit,20,250,8000.00,32,1.6,"Trinity Biotech, Plc",TRUE,88,"$3,997.31 ",15.68
"63,186",107-RW-T30,FPQ-3859,SCMS-48810,ASN-5182,Rwanda,PMO - US,Direct Drop,CIP,Air,6/30/2009,7/16/2009,19-Oct-09,19-Oct-09,19-Oct-09,ARV,Adult,Aurobindo Pharma Limited,"Abacavir 300mg, tablets, 60 Tabs",Abacavir,Generic,300mg,Tablet,60,427,8253.91,19.33,0.32,"Aurobindo Unit III, India",TRUE,62,"$1,060.35 ",16.18
"6,546",108-VN-T01,Pre-PQ Process,SCMS-46550,ASN-4488,Vietnam,PMO - US,Direct Drop,CIP,Air,Pre-PQ Process,5/27/2009,28-Jul-09,28-Jul-09,28-Jul-09,ARV,Pediatric,BRISTOL-MYERS SQUIBB,"Didanosine 25mg [Videx], chewable tablets, 60 Tabs",Didanosine,Videx,10mg+ml+/,Chewable/dispersible tablet,60,320,2240.00,7,0.12,"BMS Meymac, France",FALSE,See ASN-4488 (ID#:1213),null,4.39
"63,234",102-SD-T30,FPQ-6119,SCMS-83990,ASN-8453,Sudan,PMO - US,Direct Drop,EXW,Air,8/30/2010,09-02-10,12-Nov-10,12-Nov-10,12-Nov-10,HRDT,HIV test,"Orgenics, Ltd","HIV 1/2, Determine Complete HIV Kit, 100 Tests","HIV 1/2, Determine Complete HIV Kit",Determine,,Test kit,100,260,23140.00,89,0.89,Inverness Japan,TRUE,119,"$2,742.83 ",49.89
"63,273",109-TZ-T30,FPQ-10619,SCMS-161830,ASN-17465,Tanzania,PMO - US,Direct Drop,EXW,Air,9/13/2012,10-04-12,31-Dec-12,31-Dec-12,31-Dec-12,HRDT,HIV test,"Orgenics, Ltd","HIV 1/2, Determine Complete HIV Kit, 100 Tests","HIV 1/2, Determine Complete HIV Kit",Determine,,Test kit,100,"2,744",219520.00,80,0.8,"Alere Medical Co., Ltd.",TRUE,1186,"$22,067.21 ",307.77
"76,325",109-TZ-T30,FPQ-3782,SCMS-47730,ASN-4489,Tanzania,PMO - US,Direct Drop,CIP,Air,06-11-09,6/29/2009,11-Aug-09,11-Aug-09,11-Aug-09,ARV,Adult,BRISTOL-MYERS SQUIBB,"Didanosine EC 250mg [Videx EC], delayed-release capsules, Blister 3 x 10 Caps",Didanosine EC,Videx EC,250mg,Delayed-release capsules - blister,30,"7,000",128380.00,18.34,0.61,"BMS Meymac, France",FALSE,See ASN-4489 (ID#:43989),null,251.62
"63,289",800-CM-T30,FPQ-12570,SCMS-200900,ASN-22171,Cameroon,PMO - US,Direct Drop,EXW,Air,07-10-13,08-06-13,09-Nov-13,09-Nov-13,20-Nov-13,HRDT,HIV test,"Orgenics, Ltd","HIV 1/2, Determine Complete HIV Kit, 100 Tests","HIV 1/2, Determine Complete HIV Kit",Determine,,Test kit,100,"5,000",400000.00,80,0.8,"Alere Medical Co., Ltd.",TRUE,1238,"$46,044.38 ",494.8
"63,292",108-VN-T30,FPQ-13976,SCMS-236080,ASN-28050,Vietnam,PMO - US,Direct Drop,FCA,Air,04-08-14,4/30/2014,01-Oct-14,01-Oct-14,01-Oct-14,ARV,Adult,ABBVIE LOGISTICS (FORMERLY ABBOTT LOGISTICS BV),"Ritonavir 100mg [Norvir], film coated tablets, 30 Tabs",Ritonavir,Norvir,100mg,Tablet,30,400,9304.00,23.26,0.78,ABBVIE Ludwigshafen Germany,TRUE,52,$379.77 ,9.56
"63,296",144-BW-T30,FPQ-4487,SCMS-57521,ASN-8573,Botswana,PMO - US,Direct Drop,EXW,Air,11-02-09,11/13/2009,07-Feb-11,07-Feb-11,07-Feb-11,HRDT,HIV test - Ancillary,"Trinity Biotech, Plc","#109436**HIV 1, Uni-Gold Recombigen HIV Control, Vial 2 x 0.5 ml","HIV 1, Uni-Gold Recombigen HIV Control, Vial 2 x 0.5 ml",Uni-Gold,,Test kit - Ancillary,2,15,465.00,31,15.5,"Trinity Biotech, Plc",TRUE,1,$650.97 ,1
"63,297",106-HT-T30,FPQ-14895,SCMS-261040,ASN-30196,Haiti,PMO - US,Direct Drop,EXW,Ocean,9/24/2014,11/14/2014,09-Apr-15,09-Apr-15,13-Apr-15,ARV,Adult,HETERO LABS LIMITED,"Efavirenz/Lamivudine/Tenofovir Disoproxil Fumarate 600/300/300mg, tablets, 30 Tabs",Efavirenz/Lamivudine/Tenofovir Disoproxil Fumarate,Generic,600/300/300mg,Tablet - FDC,30,"56,500",579125.00,10.25,0.34,Hetero Unit III Hyderabad IN,TRUE,7324,"$10,500.29 ",595.34
"7,847",119-NA-T01,Pre-PQ Process,SCMS-45620,ASN-4511,Namibia,PMO - US,Direct Drop,EXW,Air,Pre-PQ Process,05-08-09,18-Aug-09,18-Aug-09,18-Aug-09,ARV,Pediatric,CIPLA LIMITED,"Lamivudine/Nevirapine/Stavudine 30/50/6mg, dispersible tablets, 60 Tabs",Lamivudine/Nevirapine/Stavudine,Generic,10mg+ml+/,Chewable/dispersible tablet - FDC,60,"1,812",4348.80,2.4,0.04,"Cipla, Goa, India",FALSE,See ASN-4511 (ID#:2571),null,8.52
"63,355",105-GH-T30,FPQ-13809,SCMS-234031,ASN-26374,Ghana,PMO - US,Direct Drop,EXW,Air,03-07-14,05-05-14,12-Jun-14,12-Jun-14,12-Jun-14,ARV,Adult,Aurobindo Pharma Limited,"Lopinavir/Ritonavir 200/50mg, tablets, 120 Tabs",Lopinavir/Ritonavir,Generic,200/50mg,Tablet,120,"3,393",73967.40,21.8,0.18,"Aurobindo Unit III, India",TRUE,901,"$7,326.63 ",76.04
"35,082",108-VN-T30,FPQ-3896,SCMS-48280,ASN-4871,Vietnam,PMO - US,Direct Drop,EXW,Air,6/25/2009,6/29/2009,28-Sep-09,28-Sep-09,28-Sep-09,ARV,Adult,MYLAN LABORATORIES LTD (FORMERLY MATRIX LABORATORIES),"Tenofovir Disoproxil Fumarate 300mg, tablets, 30 Tabs",Tenofovir Disoproxil Fumarate,Generic,300mg,Tablet,30,504,4158.00,8.25,0.28,Mylan (formerly Matrix) Nashik,FALSE,See ASN-4871 (ID#:14331),null,8.15
"63,401",114-UG-T30,FPQ-12290,SCMS-192180,ASN-24273,Uganda,PMO - US,Direct Drop,CIP,Air,5/17/2013,07-03-13,14-Feb-14,14-Feb-14,19-Feb-14,ARV,Adult,ASPEN PHARMACARE,"Darunavir 300mg [Prezista], tablets, 120 Tabs",Darunavir,Prezista,300mg,Tablet,120,454,30236.40,66.6,0.55,"Aspen-OSD, Port Elizabeth, SA",TRUE,79,$281.94 ,37.4
"63,409",117-ET-T30,FPQ-15928,SCMS-280490,ASN-31624,Ethiopia,PMO - US,Direct Drop,EXW,Air,03-10-15,3/17/2015,28-Apr-15,28-Apr-15,29-Apr-15,HRDT,HIV test,"SHANGHAI KEHUA BIOENGINEERING CO.,LTD.  (KHB)","HIV 1/2, SKB Colloidal Gold, Diagnostic Kit, Antibody, 50 Tests","HIV 1/2, Colloidal Gold, Diagnostic Kit, Antibody",Colloidal Gold,,Test kit,1,"4,000",98000.00,24.5,24.5,"KHB Test Kit Facility, Shanghai China",TRUE,2764,"$40,716.16 ",115.35
"63,412",104-CI-T30,FPQ-9823,SCMS-147550,ASN-15640,Côte d'Ivoire,PMO - US,Direct Drop,EXW,Air,05-04-12,6/13/2012,16-Aug-12,16-Aug-12,16-Aug-12,HRDT,HIV test,"CHEMBIO DIAGNOSTIC SYSTEMS, INC.","HIV 1/2, Stat-Pak HIV, Kit, 20 Tests","HIV 1/2, Stat-Pak HIV, Kit",Stat-Pak,,Test kit,20,"2,155",62495.00,29,1.45,Chembio Diagnostics Sys. Inc.,TRUE,622,"$7,727.12 ",87.62
"63,419",203-SZ-T30,FPQ-14826,SCMS-256310,ASN-29141,Swaziland,PMO - US,Direct Drop,EXW,Air,09-03-14,10-09-14,19-Feb-15,19-Feb-15,19-Feb-15,HRDT,HIV test,"Orgenics, Ltd","HIV 1/2, Determine Complete HIV Kit, 100 Tests","HIV 1/2, Determine Complete HIV Kit",Determine,,Test kit,100,39,3120.00,80,0.8,"Alere Medical Co., Ltd.",TRUE,17,$514.52 ,3.21
"63,432",104-CI-T30,FPQ-7693,SCMS-113020,ASN-12293,Côte d'Ivoire,PMO - US,Direct Drop,FCA,Air,05-05-11,07-06-11,17-Oct-11,17-Oct-11,17-Oct-11,ARV,Adult,ABBVIE LOGISTICS (FORMERLY ABBOTT LOGISTICS BV),"Lopinavir/Ritonavir 200/50mg [Aluvia], tablets, 120 Tabs",Lopinavir/Ritonavir,Aluvia,200/50mg,Tablet,120,"16,800",517776.00,30.82,0.26,ABBVIE Ludwigshafen Germany,TRUE,4213,"$27,376.29 ",854.33
"63,438",109-TZ-T30,FPQ-12540,SCMS-198771,ASN-22834,Tanzania,PMO - US,Direct Drop,EXW,Air,07-03-13,8/27/2013,27-Dec-13,27-Dec-13,27-Dec-13,ARV,Adult,CIPLA LIMITED,"Lamivudine/Nevirapine/Zidovudine 150/200/300mg, tablets, 60 Tabs",Lamivudine/Nevirapine/Zidovudine,Generic,150/300/200mg,Tablet - FDC,60,"80,516",652179.60,8.1,0.13,"Cipla, Goa, India",TRUE,11646,"$50,445.73 ",806.75
"58,264",108-VN-T30,FPQ-3896,SCMS-48290,ASN-4872,Vietnam,PMO - US,Direct Drop,EXW,Air,6/25/2009,6/29/2009,30-Sep-09,30-Sep-09,30-Sep-09,ARV,Adult,MYLAN LABORATORIES LTD (FORMERLY MATRIX LABORATORIES),"Tenofovir Disoproxil Fumarate 300mg, tablets, 30 Tabs",Tenofovir Disoproxil Fumarate,Generic,300mg,Tablet,30,"2,520",20790.00,8.25,0.28,Mylan (formerly Matrix) Nashik,FALSE,See ASN-4872 (ID#:13652),null,40.75
"80,141",109-TZ-T30,FPQ-3782,SCMS-47760,ASN-4974,Tanzania,PMO - US,Direct Drop,CIP,Air,06-11-09,6/29/2009,21-Oct-09,21-Oct-09,21-Oct-09,ARV,Adult,BRISTOL-MYERS SQUIBB,"Didanosine EC 400mg [Videx EC], delayed-release capsules, Blister 3 x 10 Caps",Didanosine EC,Videx EC,400mg,Delayed-release capsules - blister,30,"6,900",163323.00,23.67,0.79,"BMS Meymac, France",FALSE,See ASN-4974 (ID#:18694),null,320.11
"81,083",104-CI-T30,FPQ-3882,SCMS-51810,ASN-4979,Côte d'Ivoire,PMO - US,Direct Drop,FCA,Air,7/24/2009,8/24/2009,08-Oct-09,08-Oct-09,08-Oct-09,ARV,Adult,ABBVIE LOGISTICS (FORMERLY ABBOTT LOGISTICS BV),"Lopinavir/Ritonavir 200/50mg [Aluvia], tablets, 120 Tabs",Lopinavir/Ritonavir,Aluvia,200/50mg,Tablet,120,"7,600",274816.00,36.16,0.3,ABBVIE Ludwigshafen Germany,FALSE,See ASN-4979 (ID#:21174),null,538.64
"63,502",106-HT-T30,FPQ-4389,SCMS-58020,ASN-5746,Haiti,PMO - US,Direct Drop,FCA,Air,11-03-09,11/13/2009,03-Mar-10,03-Mar-10,03-Mar-10,ARV,Pediatric,ABBVIE LOGISTICS (FORMERLY ABBOTT LOGISTICS BV),"Lopinavir/Ritonavir 100/25mg [Aluvia], tablets, 60 Tabs",Lopinavir/Ritonavir,Generic,100/25mg,Tablet,60,300,2712.00,9.04,0.15,ABBVIE Ludwigshafen Germany,TRUE,37,$971.80 ,5.85
"63,537",133-NG-T30,FPQ-14995,SCMS-260700,ASN-29928,Nigeria,PMO - US,Direct Drop,EXW,Air,9/22/2014,10/29/2014,19-Jan-15,19-Jan-15,22-Jan-15,HRDT,HIV test,"Orgenics, Ltd","HIV 1/2, Determine Complete HIV Kit, 100 Tests","HIV 1/2, Determine Complete HIV Kit",Determine,,Test kit,100,"6,133",545837.00,89,0.89,"Alere Medical Co., Ltd.",TRUE,2483,"$31,306.65 ",561.12
"47,759",108-VN-T30,FPQ-3896,SCMS-48270,ASN-5131,Vietnam,PMO - US,Direct Drop,EXW,Air,6/25/2009,6/26/2009,26-Oct-09,26-Oct-09,26-Oct-09,ARV,Adult,Aurobindo Pharma Limited,"Lamivudine/Zidovudine 150/300mg, tablets, 60 Tabs",Lamivudine/Zidovudine,Generic,150/300mg,Tablet - FDC,60,"5,964",51350.04,8.61,0.14,"Aurobindo Unit III, India",FALSE,See ASN-5131 (ID#:25886),null,100.65
"63,561",103-ZW-T30,FPQ-15625,SCMS-272350,ASN-32051,Zimbabwe,PMO - US,Direct Drop,FCA,Air,01-06-15,1/16/2015,21-May-15,21-May-15,21-May-15,ARV,Pediatric,ABBVIE LOGISTICS (FORMERLY ABBOTT LOGISTICS BV),"Lopinavir/Ritonavir 80/20mg/ml [Kaletra], oral solution, cool, Bottle 5 x 60 ml",Lopinavir/Ritonavir,Kaletra,80/20mg/ml,Oral solution,300,"6,914",213089.48,30.82,0.1,ABBVIE (Abbott) Logis. UK,TRUE,6090,"$41,141.50 ",250.81
"73,360",108-VN-T30,FPQ-3896,SCMS-48270,ASN-5131,Vietnam,PMO - US,Direct Drop,EXW,Air,6/25/2009,6/26/2009,26-Oct-09,26-Oct-09,26-Oct-09,ARV,Adult,Aurobindo Pharma Limited,"Didanosine 250mg, delayed-release capsules, 30 Caps",Didanosine,Generic,250mg,Delayed-release capsules,30,180,2340.00,13,0.43,"Aurobindo Unit III, India",FALSE,See ASN-5131 (ID#:25886),null,4.59
"63,571",109-TZ-T30,FPQ-13945,SCMS-235380,ASN-28275,Tanzania,PMO - US,Direct Drop,EXW,Air,3/27/2014,05-06-14,25-Oct-14,25-Oct-14,25-Oct-14,HRDT,HIV test,"Trinity Biotech, Plc","HIV 1/2, Uni-Gold HIV Kit, 20 Tests","HIV 1/2, Uni-Gold HIV Kit",Uni-Gold,,Test kit,20,252,8064.00,32,1.6,"Trinity Biotech, Plc",TRUE,82,"$1,353.35 ",8.29
"80,040",108-VN-T30,FPQ-3896,SCMS-48270,ASN-5131,Vietnam,PMO - US,Direct Drop,EXW,Air,6/25/2009,6/26/2009,26-Oct-09,26-Oct-09,26-Oct-09,ARV,Adult,Aurobindo Pharma Limited,"Lamivudine 150mg, tablets, 60 Tabs",Lamivudine,Generic,150mg,Tablet,60,"27,480",65952.00,2.4,0.04,"Aurobindo Unit III, India",FALSE,See ASN-5131 (ID#:25886),null,129.27
"63,579",105-SS-T30,FPQ-11538,SCMS-176920,ASN-18783,South Sudan,PMO - US,Direct Drop,EXW,Air,1/24/2013,2/22/2013,16-May-13,16-May-13,16-May-13,HRDT,HIV test,"Trinity Biotech, Plc","HIV 1/2, Uni-Gold HIV Kit, 20 Tests","HIV 1/2, Uni-Gold HIV Kit",Uni-Gold,,Test kit,20,125,4000.00,32,1.6,"Trinity Biotech, Plc",TRUE,41,"$1,441.21 ",4.95
"42,998",108-VN-T30,FPQ-3896,SCMS-48260,ASN-5132,Vietnam,PMO - US,Direct Drop,EXW,Air,6/25/2009,6/26/2009,23-Oct-09,23-Oct-09,23-Oct-09,ARV,Adult,Aurobindo Pharma Limited,"Lamivudine/Nevirapine/Zidovudine 150/200/300mg, tablets, 60 Tabs",Lamivudine/Nevirapine/Zidovudine,Generic,150/300/200mg,Tablet - FDC,60,"6,500",72475.00,11.15,0.19,"Aurobindo Unit III, India",FALSE,See ASN-5132 (ID#:22186),null,142.05
"63,608",103-KE-T30,FPQ-9856,SCMS-149170,ASN-15733,Kenya,PMO - US,Direct Drop,EXW,Air,5/24/2012,6/13/2012,05-Sep-12,05-Sep-12,05-Sep-12,HRDT,HIV test,"Trinity Biotech, Plc","HIV 1/2, Uni-Gold HIV Kit, 20 Tests","HIV 1/2, Uni-Gold HIV Kit",Uni-Gold,,Test kit,20,"20,000",640000.00,32,1.6,"Trinity Biotech, Plc",TRUE,6568,"$41,300.11 ",897.28
"63,620",114-UG-T30,FPQ-12155,SCMS-189350,ASN-21443,Uganda,PMO - US,Direct Drop,EXW,Air,4/29/2013,5/28/2013,04-Oct-13,04-Oct-13,05-Oct-13,HRDT,HIV test,"CHEMBIO DIAGNOSTIC SYSTEMS, INC.","HIV 1/2, Stat-Pak Dipstick Assay Kit, 30 Tests","HIV 1/2, Stat-Pak Dipstick Assay Kit",Stat-Pak,,Test kit,30,"2,850",78660.00,27.6,0.92,Chembio Diagnostics Sys. Inc.,TRUE,318,"$4,604.83 ",97.3
"63,648",106-HT-T30,FPQ-6489,SCMS-90451,ASN-10748,Haiti,PMO - US,Direct Drop,CIP,Air,10/20/2010,11-04-10,11-May-11,11-May-11,11-May-11,ARV,Adult,MERCK SHARP & DOHME IDEA GMBH (FORMALLY MERCK SHARP & DOHME B.V.),"Indinavir 400mg [Crixivan], capsules, 180 Caps",Indinavir,Crixivan,400mg,Capsule,180,28,1400.00,50,0.28,"MSD, Haarlem, NL",TRUE,7,$290 ,3.02
"63,652",900-TZ-T30,FPQ-10396,SCMS-157661,ASN-17085,Tanzania,PMO - US,Direct Drop,EXW,Air,7/31/2012,10-04-12,07-Dec-12,07-Dec-12,07-Dec-12,HRDT,HIV test,"Orgenics, Ltd","HIV 1/2, Determine Complete HIV Kit, 100 Tests","HIV 1/2, Determine Complete HIV Kit",Determine,,Test kit,100,"2,744",219520.00,80,0.8,"Alere Medical Co., Ltd.",TRUE,1303,"$22,317.25 ",307.77
"63,697",161-ZA-T30,FPQ-5303,SCMS-68810,ASN-7217,South Africa,PMO - US,Direct Drop,DDP,Air,3/18/2010,3/19/2010,15-Jul-10,15-Jul-10,15-Jul-10,ARV,Adult,STRIDES ARCOLAB LIMITED,"Lamivudine 150mg, tablets, 60 Tabs",Lamivudine,Generic,150mg,Tablet,60,"333,334",856668.38,2.57,0.04,"Strides, Bangalore, India.",TRUE,16496,"$25,285.11 ","1,846.98"
"63,719",200-UG-T30,FPQ-14628,SCMS-253240,ASN-28591,Uganda,PMO - US,Direct Drop,EXW,Air,7/23/2014,09-04-14,14-Oct-14,14-Oct-14,15-Oct-14,HRDT,HIV test,"CHEMBIO DIAGNOSTIC SYSTEMS, INC.","HIV 1/2, Stat-Pak Dipstick Assay Kit, 30 Tests","HIV 1/2, Stat-Pak Dipstick Assay Kit",Stat-Pak,,Test kit,30,800,22080.00,27.6,0.92,Chembio Diagnostics Sys. Inc.,TRUE,86,$798.43 ,22.7
"63,749",133-NG-T30,FPQ-12456,SCMS-196560,ASN-21224,Nigeria,PMO - US,Direct Drop,EXW,Air,06-10-13,07-10-13,18-Sep-13,19-Sep-13,19-Sep-13,HRDT,HIV test,"Orgenics, Ltd","HIV 1/2, Determine Complete HIV Kit, 100 Tests","HIV 1/2, Determine Complete HIV Kit",Determine,,Test kit,100,"3,040",270560.00,89,0.89,"Alere Medical Co., Ltd.",TRUE,1235,"$13,383.47 ",334.68
"63,757",111-MZ-T30,FPQ-9530,SCMS-143810,ASN-15749,Mozambique,PMO - US,Direct Drop,EXW,Air,3/29/2012,4/24/2012,04-Sep-12,04-Sep-12,04-Sep-12,HRDT,HIV test,"Orgenics, Ltd","HIV 1/2, Determine Complete HIV Kit, 100 Tests","HIV 1/2, Determine Complete HIV Kit",Determine,,Test kit,100,"6,000",480000.00,80,0.8,"Alere Medical Co., Ltd.",TRUE,2862,"$52,239.49 ",672.96
"63,782",161-ZA-T30,FPQ-7175,SCMS-103690,ASN-11306,South Africa,PMO - US,Direct Drop,DDP,Ocean,03-10-11,3/23/2011,02-Nov-11,02-Nov-11,02-Nov-11,ARV,Adult,EMCURE PHARMACEUTICALS LTD,"Efavirenz 600mg, tablets, 30 Tabs",Efavirenz,Generic,600mg,Tablet,30,"113,020",485986.00,4.3,0.14,"Emcure Plot No.P-2, I.T-B.T. Park, Phase II, MIDC, Hinjwadi, Pune, India",TRUE,8826,"$7,609.70 ",801.88
"63,802",161-ZA-T30,FPQ-6262,SCMS-84230,ASN-9616,South Africa,PMO - US,Direct Drop,DDP,Ocean,8/31/2010,9/21/2010,05-Apr-11,05-Apr-11,05-Apr-11,ARV,Adult,STRIDES ARCOLAB LIMITED,"Nevirapine 200mg, tablets, 60 Tabs",Nevirapine,Generic,200mg,Tablet,60,"65,072",186756.64,2.87,0.05,"Strides, Bangalore, India.",TRUE,4194,"$17,278.96 ",402.65
"63,807",104-CI-T30,FPQ-12714,SCMS-205010,ASN-23353,Côte d'Ivoire,PMO - US,Direct Drop,EXW,Air,7/30/2013,09-02-13,03-Jan-14,03-Jan-14,06-Jan-14,ARV,Pediatric,Aurobindo Pharma Limited,"Nevirapine 50mg, dispersible tablets (tablets for oral suspension), 30 Tabs",Nevirapine,Generic,50mg,Chewable/dispersible tablet,30,"6,500",8125.00,1.25,0.04,"Aurobindo Unit III, India",TRUE,406,"$4,837.38 ",10.05
"63,817",106-HT-T30,FPQ-9066,SCMS-138630,ASN-14843,Haiti,PMO - US,Direct Drop,EXW,Ocean,01-06-12,2/23/2012,03-Jul-12,03-Jul-12,03-Jul-12,ARV,Adult,MYLAN LABORATORIES LTD (FORMERLY MATRIX LABORATORIES),"Efavirenz/Lamivudine/Tenofovir Disoproxil Fumarate 600/300/300mg, tablets, 30 Tabs",Efavirenz/Lamivudine/Tenofovir Disoproxil Fumarate,Generic,600/300/300mg,Tablet - FDC,30,"47,970",676377.00,14.1,0.47,Mylan (formerly Matrix) Nashik,TRUE,5438,"$23,708.81 ",948.28
"63,826",104-CI-T30,FPQ-12150,SCMS-191930,ASN-23812,Côte d'Ivoire,PMO - US,Direct Drop,FCA,Air,4/29/2013,06-12-13,24-Jan-14,24-Jan-14,27-Jan-14,ARV,Pediatric,ABBVIE LOGISTICS (FORMERLY ABBOTT LOGISTICS BV),"Lopinavir/Ritonavir 80/20mg/ml [Kaletra], oral solution, cool, Bottle 5 x 60 ml",Lopinavir/Ritonavir,Kaletra,80/20mg/ml,Oral solution,300,340,10478.80,30.82,0.1,ABBVIE (Abbott) Logis. UK,TRUE,336,"$3,899.33 ",12.96
"63,894",104-CI-T30,FPQ-13602,SCMS-228010,ASN-26833,Côte d'Ivoire,PMO - US,Direct Drop,EXW,Air,1/22/2014,2/26/2014,08-Jul-14,08-Jul-14,10-Jul-14,HRDT,HIV test,"Standard Diagnostics, Inc.","HIV 1/2, Bioline 3.0 Kit, Lancets, Capillary pipets, Alcohol swabs included, 25 Tests","HIV 1/2, Bioline 3.0 Kit, Lancets, Capillary pipets, Alcohol swabs included",Bioline,,Test kit,25,400,8200.00,20.5,0.82,"Standard Diagnostics, Korea",TRUE,125,"$2,033.62 ",8.43
"62,968",108-VN-T30,FPQ-3896,SCMS-48260,ASN-5132,Vietnam,PMO - US,Direct Drop,EXW,Air,6/25/2009,6/26/2009,23-Oct-09,23-Oct-09,23-Oct-09,ARV,Adult,Aurobindo Pharma Limited,"Lamivudine 150mg, tablets, 60 Tabs",Lamivudine,Generic,150mg,Tablet,60,"2,520",6048.00,2.4,0.04,"Aurobindo Unit III, India",FALSE,See ASN-5132 (ID#:22186),null,11.85
"32,471",109-TZ-T30,FPQ-3782,SCMS-47770,ASN-5364,Tanzania,PMO - US,Direct Drop,CIP,Air,06-11-09,6/29/2009,27-Nov-09,27-Nov-09,27-Nov-09,ARV,Adult,BRISTOL-MYERS SQUIBB,"Didanosine EC 400mg [Videx EC], delayed-release capsules, Blister 3 x 10 Caps",Didanosine EC,Videx EC,400mg,Delayed-release capsules - blister,30,"15,619",369701.73,23.67,0.79,"BMS Meymac, France",FALSE,See ASN-5364 (ID#:16097),null,724.62
"63,939",104-CI-T30,FPQ-8209,SCMS-124110,ASN-12707,Côte d'Ivoire,PMO - US,Direct Drop,EXW,Air,08-11-11,10-05-11,01-Dec-11,01-Dec-11,01-Dec-11,HRDT,HIV test,"CHEMBIO DIAGNOSTIC SYSTEMS, INC.","HIV 1/2, Stat-Pak HIV, Kit, 20 Tests","HIV 1/2, Stat-Pak HIV, Kit",Stat-Pak,,Test kit,20,167,4843.00,29,1.45,Chembio Diagnostics Sys. Inc.,TRUE,50,"$1,128.74 ",7.99
"63,956",901-NA-T30,FPQ-14728,SCMS-252640,ASN-28484,Namibia,PMO - US,Direct Drop,EXW,Air,7/30/2014,8/14/2014,22-Oct-14,22-Oct-14,11-Nov-14,ARV,Adult,HETERO LABS LIMITED,"Lamivudine/Tenofovir Disoproxil Fumarate 300/300mg, tablets, 30 Tabs",Lamivudine/Tenofovir Disoproxil Fumarate,Generic,300/300mg,Tablet - FDC,30,"2,910",13444.20,4.62,0.15,Hetero Unit III Hyderabad IN,TRUE,352,"$2,429.39 ",13.82
"2,656",108-VN-T01,Pre-PQ Process,SCMS-81,ASN-55,Vietnam,PMO - US,Direct Drop,EXW,Air,Pre-PQ Process,Date Not Captured,11-Aug-06,11-Aug-06,11-Aug-06,ARV,Adult,Aurobindo Pharma Limited,"Nevirapine 200mg, tablets, 60 Tabs",Nevirapine,Generic,20mg+ml+/,Tablet,60,"35,000",152250.00,4.35,0.07,"Aurobindo Unit III, India",FALSE,See ASN-55 (ID#:16),null,
"63,998",103-CM-T30,FPQ-14930,SCMS-259420,ASN-29421,Cameroon,PMO - US,Direct Drop,EXW,Air,9/23/2014,10/16/2014,02-Dec-14,02-Dec-14,05-Dec-14,HRDT,HIV test,"Orgenics, Ltd","HIV 1/2, Determine Complete HIV Kit, 100 Tests","HIV 1/2, Determine Complete HIV Kit",Determine,,Test kit,100,120,9600.00,80,0.8,"Alere Medical Co., Ltd.",TRUE,55,$846.69 ,9.87
"64,003",104-CI-T30,FPQ-3885,SCMS-48610,ASN-4585,Côte d'Ivoire,PMO - US,Direct Drop,EXW,Air,6/19/2009,07-07-09,17-Aug-09,17-Aug-09,17-Aug-09,HRDT,HIV test,"Standard Diagnostics, Inc.","HIV 1/2, Bioline 3.0 Kit, (no accessories), 30 Tests","HIV 1/2, Bioline 3.0 Kit (no accessories)",Bioline,,Test kit,30,"1,800",43200.00,24,0.8,"Standard Diagnostics, Korea",TRUE,560,"$5,180.34 ",84.67
"64,004",106-HT-T30,FPQ-6194,SCMS-85981,ASN-8878,Haiti,PMO - US,Direct Drop,EXW,Air,08-07-10,9/24/2010,07-Dec-10,07-Dec-10,07-Dec-10,HRDT,HIV test,"SHANGHAI KEHUA BIOENGINEERING CO.,LTD.  (KHB)","HIV 1/2, SKB Colloidal Gold, Diagnostic Kit, Antibody, 50 Tests","HIV 1/2, Colloidal Gold, Diagnostic Kit, Antibody",Colloidal Gold,,Test kit,1,360,8280.00,23,23,"KHB Test Kit Facility, Shanghai China",TRUE,261,"$3,135.97 ",17.85
"64,020",161-ZA-T30,FPQ-6262,SCMS-83830,ASN-9490,South Africa,PMO - US,Direct Drop,DDP,Ocean,8/31/2010,9/24/2010,04-Mar-11,04-Mar-11,04-Mar-11,ARV,Pediatric,Aurobindo Pharma Limited,"Lamivudine 10mg/ml, oral solution w/syringe, Bottle, 240 ml",Lamivudine,Generic,10mg/ml,Oral solution,240,"48,264",97493.28,2.02,0.01,"Aurobindo Unit III, India",TRUE,17436,"$10,446.36 ",210.2
"64,021",102-BW-T30,FPQ-10435,SCMS-155780,ASN-16044,Botswana,PMO - US,Direct Drop,EXW,Air,7/27/2012,08-02-12,10-Sep-12,10-Sep-12,10-Sep-12,HRDT,HIV test,"SHANGHAI KEHUA BIOENGINEERING CO.,LTD.  (KHB)","HIV 1/2, SKB Colloidal Gold, Diagnostic Kit, Antibody, 50 Tests","HIV 1/2, Colloidal Gold, Diagnostic Kit, Antibody",Colloidal Gold,,Test kit,1,"1,600",39200.00,24.5,24.5,"KHB Test Kit Facility, Shanghai China",TRUE,1111,"$8,542.94 ",54.96
"64,051",107-RW-T30,FPQ-5792,SCMS-75800,ASN-8529,Rwanda,PMO - US,Direct Drop,EXW,Air,06-07-10,7/21/2010,17-Nov-10,17-Nov-10,17-Nov-10,HRDT,HIV test,"Orgenics, Ltd","HIV 1/2, Determine HIV Kit, without Lancets, 100 Tests","HIV 1/2, Determine HIV Kit, without Lancets",Determine,,Test kit,100,"5,000",388500.00,77.7,0.78,Inverness Japan,TRUE,1134,"$50,550.58 ",837.61
"64,087",112-NG-T30,FPQ-9199,SCMS-140040,ASN-15132,Nigeria,PMO - US,Direct Drop,EXW,Air,03-01-12,5/15/2012,03-Jul-12,03-Jul-12,03-Jul-12,ACT,ACT,NOVARTIS PHARMA SERVICES AG,"Artemether/Lumefantrine 20/120mg [Coartem], scored tablets, Blister 30 x 24 Tabs",Artemether/Lumefantrine,Coartem,20/120mg,Tablet - FDC + blister,720,"2,500",132000.00,52.8,0.07,"Novartis Pharma Suffern, USA",TRUE,1746,"$11,216.78 ",185.06
"64,108",133-NG-T30,FPQ-10349,SCMS-155320,ASN-16909,Nigeria,PMO - US,Direct Drop,EXW,Air,7/17/2012,8/13/2012,06-Nov-12,06-Nov-12,06-Nov-12,HRDT,HIV test,"Orgenics, Ltd","HIV 1/2, Determine Complete HIV Kit, 100 Tests","HIV 1/2, Determine Complete HIV Kit",Determine,,Test kit,100,"2,835",252315.00,89,0.89,"Alere Medical Co., Ltd.",TRUE,1352,"$30,726.22 ",353.75
"64,183",111-MZ-T30,FPQ-13241,SCMS-226780,ASN-27436,Mozambique,PMO - US,Direct Drop,EXW,Air,11/18/2013,3/14/2014,01-Oct-14,01-Oct-14,01-Oct-14,ARV,Adult,B&C GROUP S.A.,"Darunavir 600mg [Prezista], tablets, 60 Tabs",Darunavir,Prezista,600mg,Tablet,60,80,5328.00,66.6,1.11,"Janssen-Cilag, Latina, IT",TRUE,13,$277.40 ,5.48
"2,657",108-VN-T01,Pre-PQ Process,SCMS-81,ASN-55,Vietnam,PMO - US,Direct Drop,EXW,Air,Pre-PQ Process,Date Not Captured,11-Aug-06,11-Aug-06,11-Aug-06,ARV,Adult,Aurobindo Pharma Limited,"Lamivudine/Zidovudine 150/300mg, tablets, 60 Tabs",Lamivudine/Zidovudine,Generic,1mg+ml+/,Tablet - FDC,60,"20,000",338000.00,16.9,0.28,"Aurobindo Unit III, India",FALSE,See ASN-55 (ID#:16),null,
"64,218",119-NA-T30,FPQ-4186,SCMS-53271,ASN-5363,Namibia,PMO - US,Direct Drop,EXW,Air,09-03-09,09-11-09,12-Nov-09,12-Nov-09,12-Nov-09,HRDT,HIV test,"Orgenics, Ltd","HIV 1/2, Determine HIV Kit, without Lancets, 100 Tests","HIV 1/2, Determine HIV Kit, without Lancets",Determine,,Test kit,100,180,12600.00,70,0.7,Inverness Japan,TRUE,42,"$2,863.47 ",24.7
"2,661",112-NG-T01,Pre-PQ Process,SCMS-87,ASN-57,Nigeria,PMO - US,Direct Drop,EXW,Air,Pre-PQ Process,Date Not Captured,28-Sep-06,28-Sep-06,28-Sep-06,ARV,Pediatric,Aurobindo Pharma Limited,"Lamivudine 10mg/ml, oral solution, Bottle, 240 ml",Lamivudine,Generic,10mg+ml+/,Oral solution,240,416,1809.60,4.35,0.02,"Aurobindo Unit III, India",FALSE,See ASN-57 (ID#:23),null,
"64,262",133-NG-T30,FPQ-12456,SCMS-196561,ASN-22344,Nigeria,PMO - US,Direct Drop,EXW,Air,06-10-13,07-10-13,07-Nov-13,11-Nov-13,17-Nov-13,HRDT,HIV test,"Orgenics, Ltd","HIV 1/2, Determine Complete HIV Kit, 100 Tests","HIV 1/2, Determine Complete HIV Kit",Determine,,Test kit,100,"3,056",271984.00,89,0.89,"Alere Medical Co., Ltd.",TRUE,1241,"$20,602.30 ",336.44
"64,304",106-HT-T30,FPQ-13494,SCMS-225410,ASN-24980,Haiti,PMO - US,Direct Drop,EXW,Air,1/21/2014,2/19/2014,14-Apr-14,14-Apr-14,14-Apr-14,HRDT,HIV test,"Orgenics, Ltd","HIV 1/2, Determine Complete HIV Kit, 100 Tests","HIV 1/2, Determine Complete HIV Kit",Determine,,Test kit,100,"4,000",400000.00,100,1,"Alere Medical Co., Ltd.",TRUE,1624,"$15,537.04 ",411.2
"64,319",133-NG-T30,FPQ-10349,SCMS-155320,ASN-16927,Nigeria,PMO - US,Direct Drop,EXW,Air,7/17/2012,8/13/2012,06-Nov-12,07-Nov-12,07-Nov-12,HRDT,HIV test,"Orgenics, Ltd","HIV 1/2, Determine Complete HIV Kit, 100 Tests","HIV 1/2, Determine Complete HIV Kit",Determine,,Test kit,100,"2,835",252315.00,89,0.89,"Alere Medical Co., Ltd.",TRUE,1352,"$30,726.22 ",353.75
"2,662",112-NG-T01,Pre-PQ Process,SCMS-87,ASN-57,Nigeria,PMO - US,Direct Drop,EXW,Air,Pre-PQ Process,Date Not Captured,28-Sep-06,28-Sep-06,28-Sep-06,ARV,Adult,Aurobindo Pharma Limited,"Lamivudine 150mg, tablets, 60 Tabs",Lamivudine,Generic,20mg+ml+/,Tablet,60,486,2041.20,4.2,0.07,"Aurobindo Unit III, India",FALSE,See ASN-57 (ID#:23),null,
"64,329",104-CI-T30,FPQ-12150,SCMS-191920,ASN-21574,Côte d'Ivoire,PMO - US,Direct Drop,FCA,Air,4/29/2013,06-12-13,24-Sep-13,24-Sep-13,24-Sep-13,ARV,Pediatric,ABBVIE LOGISTICS (FORMERLY ABBOTT LOGISTICS BV),"Lopinavir/Ritonavir 80/20mg/ml [Kaletra], oral solution, cool, Bottle 5 x 60 ml",Lopinavir/Ritonavir,Kaletra,80/20mg/ml,Oral solution,300,340,10478.80,30.82,0.1,ABBVIE (Abbott) Logis. UK,TRUE,336,"$5,755.58 ",12.96
"5,253",112-NG-T01,Pre-PQ Process,SCMS-87,ASN-57,Nigeria,PMO - US,Direct Drop,EXW,Air,Pre-PQ Process,Date Not Captured,28-Sep-06,28-Sep-06,28-Sep-06,ARV,Pediatric,Aurobindo Pharma Limited,"Nevirapine 10mg/ml, oral suspension, Bottle, 240 ml",Nevirapine,Generic,10mg+ml+/,Oral suspension,240,416,2579.20,6.2,0.03,"Aurobindo Unit III, India",FALSE,See ASN-57 (ID#:23),null,
"55,159",110-ZM-T30,FPQ-4141,SCMS-53261,ASN-5853,Zambia,PMO - US,Direct Drop,EXW,Air,8/31/2009,09-11-09,28-Jan-10,28-Jan-10,28-Jan-10,HRDT,HIV test,"Orgenics, Ltd","HIV 1/2, Determine Complete HIV Kit, 100 Tests","HIV 1/2, Determine Complete HIV Kit",Determine,,Test kit,100,"1,820",131040.00,72,0.72,Inverness Japan,FALSE,See ASN-5853 (ID#:24427),null,256.84
"64,352",114-UG-T30,FPQ-15314,SCMS-264720,ASN-31818,Uganda,PMO - US,Direct Drop,EXW,Air,11-11-14,12-04-14,14-May-15,14-May-15,14-May-15,HRDT,HIV test,"Trinity Biotech, Plc","HIV 1/2, Uni-Gold HIV Kit, 20 Tests","HIV 1/2, Uni-Gold HIV Kit",Uni-Gold,,Test kit,20,"2,600",83200.00,32,1.6,"Trinity Biotech, Plc",TRUE,775,"$6,164.10 ",97.93
"64,363",111-MZ-T30,FPQ-8527,SCMS-130160,ASN-13818,Mozambique,PMO - US,Direct Drop,EXW,Air,10-05-11,12/29/2011,02-May-12,02-May-12,02-May-12,HRDT,HIV test,"Orgenics, Ltd","HIV 1/2, Determine Complete HIV Kit, 100 Tests","HIV 1/2, Determine Complete HIV Kit",Determine,,Test kit,100,"3,094",247520.00,80,0.8,"Alere Medical Co., Ltd.",TRUE,1477,"$27,686.29 ",408.41
"64,367",102-SD-T30,FPQ-8264,SCMS-121851,ASN-13537,Sudan,PMO - US,Direct Drop,EXW,Air,09-07-11,9/14/2011,20-Feb-12,20-Feb-12,20-Feb-12,HRDT,HIV test - Ancillary,"Orgenics, Ltd","Capillary Tubes, for Determine, EDTA, 50uL,100 Pcs","HIV, Capillary Tubes, for Determine, EDTA, 50uL,100 Pcs",Determine,,Test kit - Ancillary,100,4,32.00,8,0.08,"Alere Medical Co., Ltd.",TRUE,2,"$1,076.15 ",0.05
"64,369",103-ZW-T30,FPQ-13969,SCMS-239180,ASN-29540,Zimbabwe,PMO - US,Direct Drop,FCA,Air,04-08-14,5/15/2014,12-Jan-15,12-Jan-15,12-Jan-15,ARV,Pediatric,ABBVIE LOGISTICS (FORMERLY ABBOTT LOGISTICS BV),"Lopinavir/Ritonavir 100/25mg [Aluvia], tablets, 60 Tabs",Lopinavir/Ritonavir,Generic,100/25mg,Tablet,60,"9,253",54962.82,5.94,0.1,ABBVIE Ludwigshafen Germany,TRUE,1065,"$11,368.84 ",56.5
"64,335",111-MZ-T30,FPQ-4739,SCMS-62690,ASN-5953,Mozambique,PMO - US,Direct Drop,EXW,Air,12-10-09,01-08-10,23-Feb-10,23-Feb-10,23-Feb-10,HRDT,HIV test,"Trinity Biotech, Plc","HIV 1/2, Uni-Gold HIV Kit, 20 Tests","HIV 1/2, Uni-Gold HIV Kit",Uni-Gold,,Test kit,20,"2,400",76800.00,32,1.6,"Trinity Biotech, Plc",FALSE,See ASN-5953 (ID#:39606),null,165.58
"5,261",104-CI-T01,Pre-PQ Process,SCMS-103,ASN-61,Côte d'Ivoire,PMO - US,Direct Drop,EXW,Air,Pre-PQ Process,Date Not Captured,06-Sep-06,06-Sep-06,06-Sep-06,ARV,Adult,Aurobindo Pharma Limited,"Stavudine 30mg, capsules, 60 Caps",Stavudine,Generic,20mg+ml+/,Capsule,60,"9,321",29361.15,3.15,0.05,"Aurobindo Unit III, India",FALSE,See ASN-61 (ID#:5260),null,
"50,613",108-VN-T30,FPQ-4265,SCMS-56300,ASN-6250,Vietnam,PMO - US,Direct Drop,EXW,Air,10/20/2009,11-03-09,20-Mar-10,20-Mar-10,20-Mar-10,ARV,Adult,MYLAN LABORATORIES LTD (FORMERLY MATRIX LABORATORIES),"Tenofovir Disoproxil Fumarate 300mg, tablets, 30 Tabs",Tenofovir Disoproxil Fumarate,Generic,300mg,Tablet,30,"1,680",12600.00,7.5,0.25,Mylan (formerly Matrix) Nashik,FALSE,See ASN-6250 (ID#:17228),null,24.7
"63,044",108-VN-T30,FPQ-4265,SCMS-56310,ASN-6252,Vietnam,PMO - US,Direct Drop,EXW,Air,10/20/2009,11-03-09,22-Mar-10,22-Mar-10,22-Mar-10,ARV,Adult,MYLAN LABORATORIES LTD (FORMERLY MATRIX LABORATORIES),"Tenofovir Disoproxil Fumarate 300mg, tablets, 30 Tabs",Tenofovir Disoproxil Fumarate,Generic,300mg,Tablet,30,"4,872",36540.00,7.5,0.25,Mylan (formerly Matrix) Nashik,FALSE,See ASN-6252 (ID#:36969),null,71.62
"64,438",108-VN-T30,FPQ-13976,SCMS-236090,ASN-28220,Vietnam,PMO - US,Direct Drop,FCA,Air,04-08-14,4/30/2014,29-Oct-14,29-Oct-14,04-Nov-14,ARV,Adult,ABBVIE LOGISTICS (FORMERLY ABBOTT LOGISTICS BV),"Lopinavir/Ritonavir 200/50mg [Aluvia], tablets, 120 Tabs",Lopinavir/Ritonavir,Aluvia,200/50mg,Tablet,120,"7,000",425740.00,60.82,0.51,ABBVIE Ludwigshafen Germany,TRUE,1714,"$4,881.42 ",437.66
"64,452",106-HT-T30,FPQ-11287,SCMS-176390,ASN-20894,Haiti,PMO - US,Direct Drop,EXW,Air,1/16/2013,02-05-13,20-Aug-13,20-Aug-13,20-Aug-13,ARV,Adult,HETERO LABS LIMITED,"Lamivudine/Stavudine 150/30mg, tablets, 60 Tabs",Lamivudine/Stavudine,Generic,150/30mg,Tablet - FDC,60,384,956.16,2.49,0.04,Hetero Unit III Hyderabad IN,TRUE,30,"$1,180.73 ",1.18
"64,493",102-KE-T30,FPQ-6114,SCMS-80820,ASN-8588,Kenya,PMO - US,Direct Drop,EXW,Air,7/23/2010,8/27/2010,12-Nov-10,12-Nov-10,12-Nov-10,HRDT,HIV test,"Orgenics, Ltd","HIV 1/2, Determine Complete HIV Kit, 100 Tests","HIV 1/2, Determine Complete HIV Kit",Determine,,Test kit,100,"7,243",644627.00,89,0.89,Inverness Japan,TRUE,1247,"$13,765.81 ","1,389.82"
"64,506",111-MZ-T30,FPQ-3999,SCMS-50180,ASN-4929,Mozambique,PMO - US,Direct Drop,EXW,Air,7/15/2009,7/25/2009,29-Sep-09,29-Sep-09,29-Sep-09,HRDT,HIV test,"Trinity Biotech, Plc","HIV 1/2, Uni-Gold HIV Kit, 20 Tests","HIV 1/2, Uni-Gold HIV Kit",Uni-Gold,,Test kit,20,"4,200",134400.00,32,1.6,"Trinity Biotech, Plc",TRUE,1462,"$23,097.81 ",263.42
"64,545",133-NG-T30,FPQ-7193,SCMS-103110,ASN-11267,Nigeria,PMO - US,Direct Drop,EXW,Air,2/16/2011,3/30/2011,07-Jul-11,12-Jul-11,12-Jul-11,HRDT,HIV test,"Orgenics, Ltd","HIV 1/2, Determine Complete HIV Kit, 100 Tests","HIV 1/2, Determine Complete HIV Kit",Determine,,Test kit,100,"2,128",189392.00,89,0.89,Inverness Japan,TRUE,1022,"$23,826.25 ",312.5
"64,553",107-RW-T30,FPQ-12791,SCMS-205920,ASN-22849,Rwanda,PMO - US,Direct Drop,EXW,Air,08-09-13,9/19/2013,13-Dec-13,13-Dec-13,17-Dec-13,ARV,Adult,Aurobindo Pharma Limited,"Abacavir/Lamivudine 600/300mg, tablets, 30 Tabs",Abacavir/Lamivudine,Generic,600/300mg,Tablet - FDC,30,"14,000",203000.00,14.5,0.48,"Aurobindo Unit III, India",TRUE,1428,"$9,061.84 ",251.11
"64,558",114-UG-T30,FPQ-12477,SCMS-198541,ASN-22493,Uganda,PMO - US,Direct Drop,EXW,Air,07-08-13,09-10-13,16-Nov-13,16-Nov-13,21-Nov-13,ARV,Adult,CIPLA LIMITED,"Lamivudine/Nevirapine/Zidovudine 150/200/300mg, tablets, 60 Tabs",Lamivudine/Nevirapine/Zidovudine,Generic,150/300/200mg,Tablet - FDC,60,"39,449",319536.90,8.1,0.13,"Cipla, Goa, India",TRUE,5714,"$20,416.03 ",395.27
"64,588",104-CI-T30,FPQ-4381,SCMS-57600,ASN-6504,Côte d'Ivoire,PMO - US,Direct Drop,FCA,Air,11-05-09,11/23/2009,07-Apr-10,07-Apr-10,07-Apr-10,ARV,Adult,ABBVIE LOGISTICS (FORMERLY ABBOTT LOGISTICS BV),"Ritonavir 100mg [Norvir], capsules, cool, 4 x 84 Caps",Ritonavir,Norvir,100mg,Capsule,336,680,26084.80,38.36,0.11,ABBVIE (Abbott) Logis. UK,TRUE,1299,"$9,689.81 ",51.13
"64,594",106-HT-T30,FPQ-14895,SCMS-261140,ASN-31141,Haiti,PMO - US,Direct Drop,FCA,Air,9/24/2014,11/14/2014,24-Apr-15,24-Apr-15,24-Apr-15,ARV,Pediatric,ABBVIE LOGISTICS (FORMERLY ABBOTT LOGISTICS BV),"Lopinavir/Ritonavir 80/20mg/ml [Kaletra], oral solution, cool, Bottle 5 x 60 ml",Lopinavir/Ritonavir,Kaletra,80/20mg/ml,Oral solution,300,610,18800.20,30.82,0.1,ABBVIE (Abbott) Logis. UK,TRUE,708,"$3,428.37 ",19.33
"64,603",101-CD-T30,FPQ-14100,SCMS-239710,ASN-26736,"Congo, DRC",PMO - US,Direct Drop,EXW,Air,4/23/2014,5/20/2014,11-Aug-14,11-Aug-14,27-Aug-14,HRDT,HIV test,"Orgenics, Ltd","HIV 1/2, Determine Complete HIV Kit, 100 Tests","HIV 1/2, Determine Complete HIV Kit",Determine,,Test kit,100,"3,125",250000.00,80,0.8,"Alere Medical Co., Ltd.",TRUE,1581,"$40,965.77 ",257
"64,615",114-UG-T30,FPQ-13600,SCMS-225720,ASN-27379,Uganda,PMO - US,Direct Drop,FCA,Air,1/28/2014,02-04-14,26-Aug-14,26-Aug-14,26-Aug-14,ARV,Adult,ABBVIE LOGISTICS (FORMERLY ABBOTT LOGISTICS BV),"Ritonavir 100mg [Norvir], film coated tablets, 60 Tabs",Ritonavir,Norvir,100mg,Tablet,60,579,3966.15,6.85,0.11,ABBVIE Ludwigshafen Germany,TRUE,103,"$1,393.29 ",4.08
"68,785",108-VN-T30,FPQ-4265,SCMS-57140,ASN-6264,Vietnam,PMO - US,Direct Drop,EXW,Air,10/20/2009,11/13/2009,17-Mar-10,17-Mar-10,17-Mar-10,ARV,Adult,Aurobindo Pharma Limited,"Lamivudine 150mg, tablets, 60 Tabs",Lamivudine,Generic,150mg,Tablet,60,"20,520",49248.00,2.4,0.04,"Aurobindo Unit III, India",FALSE,See ASN-6264 (ID#:52856),null,96.53
"64,635",106-HT-T30,FPQ-11443,SCMS-180970,ASN-20026,Haiti,PMO - US,Direct Drop,EXW,Ocean,02-07-13,3/26/2013,02-Sep-13,02-Sep-13,02-Sep-13,ARV,Adult,HETERO LABS LIMITED,"Lamivudine/Tenofovir Disoproxil Fumarate 300/300mg, tablets, 30 Tabs",Lamivudine/Tenofovir Disoproxil Fumarate,Generic,300/300mg,Tablet - FDC,30,"19,152",88482.24,4.62,0.15,Hetero Unit III Hyderabad IN,TRUE,8351,"$6,806.86 ",109.45
"73,239",108-VN-T30,FPQ-4265,SCMS-57140,ASN-6264,Vietnam,PMO - US,Direct Drop,EXW,Air,10/20/2009,11/13/2009,17-Mar-10,17-Mar-10,17-Mar-10,ARV,Adult,Aurobindo Pharma Limited,"Lamivudine/Zidovudine 150/300mg, tablets, 60 Tabs",Lamivudine/Zidovudine,Generic,150/300mg,Tablet - FDC,60,"19,740",169961.40,8.61,0.14,"Aurobindo Unit III, India",FALSE,See ASN-6264 (ID#:52856),null,333.12
"64,664",116-ZA-T30,FPQ-7176,SCMS-104400,ASN-11806,South Africa,PMO - US,Direct Drop,DDP,Ocean,03-10-11,04-01-11,05-Oct-11,05-Oct-11,05-Oct-11,ARV,Adult,Aurobindo Pharma Limited,"Abacavir 300mg, tablets, 60 Tabs",Abacavir,Generic,300mg,Tablet,60,120,1791.60,14.93,0.25,"Aurobindo Unit III, India",TRUE,12,$160.52 ,2.96
"42,221",108-VN-T30,FPQ-4265,SCMS-57130,ASN-6266,Vietnam,PMO - US,Direct Drop,EXW,Air,10/20/2009,11/13/2009,19-Mar-10,19-Mar-10,19-Mar-10,ARV,Adult,Aurobindo Pharma Limited,"Abacavir 300mg, tablets, 60 Tabs",Abacavir,Generic,300mg,Tablet,60,200,3780.00,18.9,0.32,"Aurobindo Unit III, India",FALSE,See ASN-6266 (ID#:15368),null,7.41
"64,685",105-GY-T30,FPQ-12235,SCMS-190750,ASN-20442,Guyana,PMO - US,Direct Drop,EXW,Air,05-06-13,5/21/2013,17-Jul-13,17-Jul-13,17-Jul-13,HRDT,HIV test,"CHEMBIO DIAGNOSTIC SYSTEMS, INC.","HIV 1/2, Stat-Pak HIV, Kit, 20 Tests","HIV 1/2, Stat-Pak HIV, Kit",Stat-Pak,,Test kit,20,25,725.00,29,1.45,Chembio Diagnostics Sys. Inc.,TRUE,7,$130 ,0.9
"64,709",106-HT-T30,FPQ-7649,SCMS-108910,ASN-13616,Haiti,PMO - US,Direct Drop,CIP,Air,4/27/2011,5/30/2011,13-Feb-12,13-Feb-12,13-Feb-12,ARV,Adult,MERCK SHARP & DOHME IDEA GMBH (FORMALLY MERCK SHARP & DOHME B.V.),"Indinavir 400mg [Crixivan], capsules, 180 Caps",Indinavir,Crixivan,400mg,Capsule,180,28,1400.00,50,0.28,"MSD, Haarlem, NL",TRUE,7,$290 ,2.31
"64,724",114-UG-T30,FPQ-14254,SCMS-239760,ASN-27175,Uganda,PMO - US,Direct Drop,EXW,Air,05-12-14,5/20/2014,30-Jul-14,30-Jul-14,07-Aug-14,HRDT,HIV test,"CHEMBIO DIAGNOSTIC SYSTEMS, INC.","HIV 1/2, Stat-Pak HIV, Kit, 20 Tests","HIV 1/2, Stat-Pak HIV, Kit",Stat-Pak,,Test kit,20,"2,388",74028.00,31,1.55,Chembio Diagnostics Sys. Inc.,TRUE,740,"$5,718.39 ",76.1
"64,757",106-HT-T30,FPQ-12590,SCMS-210510,ASN-24412,Haiti,PMO - US,Direct Drop,EXW,Ocean,8/21/2013,10/25/2013,09-May-14,09-May-14,12-May-14,ARV,Adult,HETERO LABS LIMITED,"Efavirenz/Lamivudine/Tenofovir Disoproxil Fumarate 600/300/300mg, tablets, 30 Tabs",Efavirenz/Lamivudine/Tenofovir Disoproxil Fumarate,Generic,600/300/300mg,Tablet - FDC,30,"39,600",415800.00,10.5,0.35,Hetero Unit III Hyderabad IN,TRUE,5986,"$2,549.52 ",514.34
"64,824",151-NG-T30,FPQ-14780,SCMS-254180,ASN-32118,Nigeria,PMO - US,Direct Drop,EXW,Air,8/13/2014,8/29/2014,02-Jun-15,02-Jun-15,04-Jun-15,ARV,Adult,EMCURE PHARMACEUTICALS LTD,"Atazanavir/Ritonavir 300/100mg, tablets, 30 Tabs",Atazanavir/Ritonavir,Generic,300/100mg,Tablet,30,"10,717",192906.00,18,0.6,"Emcure Plot No.P-2, I.T-B.T. Park, Phase II, MIDC, Hinjwadi, Pune, India",TRUE,1400,"$11,732.90 ",198.31
"50,255",108-VN-T30,FPQ-4265,SCMS-57130,ASN-6266,Vietnam,PMO - US,Direct Drop,EXW,Air,10/20/2009,11/13/2009,19-Mar-10,19-Mar-10,19-Mar-10,ARV,Adult,Aurobindo Pharma Limited,"Stavudine 30mg, capsules, 60 Caps",Stavudine,Generic,30mg,Capsule,60,"10,416",15103.20,1.45,0.02,"Aurobindo Unit III, India",FALSE,See ASN-6266 (ID#:15368),null,29.6
"64,850",161-ZA-T30,FPQ-5303,SCMS-68760,ASN-7110,South Africa,PMO - US,Direct Drop,DDP,Air,3/18/2010,3/19/2010,27-Jul-10,27-Jul-10,27-Jul-10,ARV,Adult,STRIDES ARCOLAB LIMITED,"Nevirapine 200mg, tablets, 60 Tabs",Nevirapine,Generic,200mg,Tablet,60,"85,111",246821.90,2.9,0.05,"Strides, Bangalore, India.",TRUE,5437,"$9,205.05 ",532.15
"64,864",117-ET-T30,FPQ-15928,SCMS-280480,ASN-31720,Ethiopia,PMO - US,Direct Drop,EXW,Air,03-10-15,3/17/2015,27-Apr-15,27-Apr-15,27-Apr-15,HRDT,HIV test,"CHEMBIO DIAGNOSTIC SYSTEMS, INC.","HIV 1/2, Stat-Pak HIV, Kit, 20 Tests","HIV 1/2, Stat-Pak HIV, Kit",Stat-Pak,,Test kit,20,360,11700.00,32.5,1.62,Chembio Diagnostics Sys. Inc.,TRUE,112,"$1,414.69 ",13.77
"57,218",108-VN-T30,FPQ-4265,SCMS-57130,ASN-6266,Vietnam,PMO - US,Direct Drop,EXW,Air,10/20/2009,11/13/2009,19-Mar-10,19-Mar-10,19-Mar-10,ARV,Adult,Aurobindo Pharma Limited,"Lamivudine/Zidovudine 150/300mg, tablets, 60 Tabs",Lamivudine/Zidovudine,Generic,150/300mg,Tablet - FDC,60,"15,204",130906.44,8.61,0.14,"Aurobindo Unit III, India",FALSE,See ASN-6266 (ID#:15368),null,256.58
"64,904",133-NG-T30,FPQ-10765,SCMS-162440,ASN-17528,Nigeria,PMO - US,Direct Drop,EXW,Air,10-05-12,10/16/2012,09-Jan-13,09-Jan-13,09-Jan-13,HRDT,HIV test,"Orgenics, Ltd","HIV 1/2, Determine Complete HIV Kit, 100 Tests","HIV 1/2, Determine Complete HIV Kit",Determine,,Test kit,100,"2,744",244216.00,89,0.89,"Alere Medical Co., Ltd.",TRUE,1186,"$24,927.19 ",342.39
"32,094",108-VN-T30,FPQ-4720,SCMS-62470,ASN-6341,Vietnam,PMO - US,Direct Drop,EXW,Air,01-04-09,01-12-10,01-Apr-10,01-Apr-10,01-Apr-10,ARV,Adult,MYLAN LABORATORIES LTD (FORMERLY MATRIX LABORATORIES),"Efavirenz 600mg, tablets, 30 Tabs",Efavirenz,Generic,600mg,Tablet,30,"23,520",105604.80,4.49,0.15,Mylan (formerly Matrix) Nashik,FALSE,See ASN-6341 (ID#:29298),null,227.68
"64,936",108-VN-T30,FPQ-12051,SCMS-188571,ASN-21549,Vietnam,PMO - US,Direct Drop,FCA,Air,05-03-13,8/19/2013,03-Oct-13,03-Oct-13,04-Oct-13,ARV,Adult,ABBVIE LOGISTICS (FORMERLY ABBOTT LOGISTICS BV),"Lopinavir/Ritonavir 200/50mg [Aluvia], tablets, 120 Tabs",Lopinavir/Ritonavir,Aluvia,200/50mg,Tablet,120,"3,434",208855.88,60.82,0.51,ABBVIE Ludwigshafen Germany,TRUE,826,"$3,315.82 ",258.35
"64,946",105-GH-T30,FPQ-14667,SCMS-254770,ASN-30498,Ghana,PMO - US,Direct Drop,EXW,Air,08-11-14,9/25/2014,10-Apr-15,10-Apr-15,13-Apr-15,ARV,Pediatric,MYLAN LABORATORIES LTD (FORMERLY MATRIX LABORATORIES),"Abacavir/Lamivudine 60/30mg, tablets, 60 Tabs",Abacavir/Lamivudine,Generic,60/30mg,Tablet - FDC,60,"9,073",35838.35,3.95,0.07,Mylan (formerly Matrix) Nashik,TRUE,437,"$4,659.75 ",36.84
"64,989",105-SS-T30,FPQ-11538,SCMS-176921,ASN-19273,South Sudan,PMO - US,Direct Drop,EXW,Air,1/24/2013,2/22/2013,29-Jun-13,29-Jun-13,29-Jun-13,HRDT,HIV test,"Trinity Biotech, Plc","HIV 1/2, Uni-Gold HIV Kit, 20 Tests","HIV 1/2, Uni-Gold HIV Kit",Uni-Gold,,Test kit,20,125,4000.00,32,1.6,"Trinity Biotech, Plc",TRUE,40,"$1,412.90 ",4.95
"64,995",133-NG-T30,FPQ-12812,SCMS-210350,ASN-22879,Nigeria,PMO - US,Direct Drop,EXW,Air,8/13/2013,11-01-13,23-Dec-13,10-Dec-13,16-Dec-13,HRDT,HIV test,"Orgenics, Ltd","HIV 1/2, Determine Complete HIV Kit, 100 Tests","HIV 1/2, Determine Complete HIV Kit",Determine,,Test kit,100,"9,330",830370.00,89,0.89,"Alere Medical Co., Ltd.",TRUE,3787,"$61,637.10 ","1,027.17"
"39,156",108-VN-T30,FPQ-4720,SCMS-62470,ASN-6341,Vietnam,PMO - US,Direct Drop,EXW,Air,01-04-09,01-12-10,01-Apr-10,01-Apr-10,01-Apr-10,ARV,Adult,MYLAN LABORATORIES LTD (FORMERLY MATRIX LABORATORIES),"Zidovudine 300mg, tablets, 60 Tabs",Zidovudine,Generic,300mg,Tablet,60,168,1260.00,7.5,0.12,Mylan (formerly Matrix) Nashik,FALSE,See ASN-6341 (ID#:29298),null,2.72
"65,005",107-RW-T30,FPQ-8365,SCMS-126460,ASN-13559,Rwanda,PMO - US,Direct Drop,FCA,Air,10/26/2011,11-11-11,02-Feb-12,02-Feb-12,02-Feb-12,ARV,Pediatric,ABBVIE LOGISTICS (FORMERLY ABBOTT LOGISTICS BV),"Lopinavir/Ritonavir 100/25mg [Aluvia], tablets, 60 Tabs",Lopinavir/Ritonavir,Generic,100/25mg,Tablet,60,"1,305",10061.55,7.71,0.13,ABBVIE Ludwigshafen Germany,TRUE,150,"$2,682.48 ",16.6
"65,588",108-VN-T30,FPQ-4720,SCMS-62470,ASN-6341,Vietnam,PMO - US,Direct Drop,EXW,Air,01-04-09,01-12-10,01-Apr-10,01-Apr-10,01-Apr-10,ARV,Adult,MYLAN LABORATORIES LTD (FORMERLY MATRIX LABORATORIES),"Tenofovir Disoproxil Fumarate 300mg, tablets, 30 Tabs",Tenofovir Disoproxil Fumarate,Generic,300mg,Tablet,30,"2,856",21420.00,7.5,0.25,Mylan (formerly Matrix) Nashik,FALSE,See ASN-6341 (ID#:29298),null,46.18
"78,729",108-VN-T30,FPQ-4720,SCMS-62470,ASN-6341,Vietnam,PMO - US,Direct Drop,EXW,Air,01-04-09,01-12-10,01-Apr-10,01-Apr-10,01-Apr-10,ARV,Adult,MYLAN LABORATORIES LTD (FORMERLY MATRIX LABORATORIES),"Lamivudine 150mg, tablets, 60 Tabs",Lamivudine,Generic,150mg,Tablet,60,"16,800",43680.00,2.6,0.04,Mylan (formerly Matrix) Nashik,FALSE,See ASN-6341 (ID#:29298),null,94.17
"65,049",106-HT-T30,FPQ-4406,SCMS-57200,ASN-6418,Haiti,PMO - US,Direct Drop,EXW,Air,10/23/2009,11/19/2009,08-Apr-10,08-Apr-10,08-Apr-10,ARV,Adult,Aurobindo Pharma Limited,"Lopinavir/Ritonavir 200/50mg, tablets, 120 Tabs",Lopinavir/Ritonavir,Generic,200/50mg,Tablet,120,740,27750.00,37.5,0.31,"Aurobindo Unit III, India",TRUE,183,"$2,418.62 ",59.83
"65,050",133-NG-T30,FPQ-12456,SCMS-196561,ASN-22349,Nigeria,PMO - US,Direct Drop,EXW,Air,06-10-13,07-10-13,07-Nov-13,11-Nov-13,17-Nov-13,HRDT,HIV test,"Orgenics, Ltd","HIV 1/2, Determine Complete HIV Kit, 100 Tests","HIV 1/2, Determine Complete HIV Kit",Determine,,Test kit,100,"3,076",273764.00,89,0.89,"Alere Medical Co., Ltd.",TRUE,1249,"$20,705.23 ",338.65
"66,094",151-NG-T30,FPQ-13102,SCMS-212690,ASN-24552,Nigeria,PMO - US,Direct Drop,EXW,Air,10/17/2013,11-04-13,14-Apr-14,14-Apr-14,15-Apr-14,ARV,Adult,Aurobindo Pharma Limited,"Zidovudine 300mg, tablets, 60 Tabs",Zidovudine,Generic,300mg,Tablet,60,"25,932",140810.76,5.43,0.09,"Aurobindo Unit III, India",TRUE,1548,"$11,663.16 ",144.75
"65,081",108-VN-T30,FPQ-13976,SCMS-236120,ASN-27811,Vietnam,PMO - US,Direct Drop,EXW,Air,04-08-14,4/30/2014,16-Sep-14,23-Sep-14,04-Nov-14,ARV,Adult,HETERO LABS LIMITED,"Efavirenz/Lamivudine/Tenofovir Disoproxil Fumarate 600/300/300mg, tablets, 30 Tabs",Efavirenz/Lamivudine/Tenofovir Disoproxil Fumarate,Generic,600/300/300mg,Tablet - FDC,30,"14,016",147168.00,10.5,0.35,Hetero Unit III Hyderabad IN,TRUE,1955,"$6,194.69 ",151.29
"16,921",108-VN-T30,FPQ-4720,SCMS-62460,ASN-6355,Vietnam,PMO - US,Direct Drop,EXW,Air,01-04-09,01-12-10,29-Mar-10,29-Mar-10,29-Mar-10,ARV,Adult,MYLAN LABORATORIES LTD (FORMERLY MATRIX LABORATORIES),"Efavirenz 600mg, tablets, 30 Tabs",Efavirenz,Generic,600mg,Tablet,30,"11,592",52048.08,4.49,0.15,Mylan (formerly Matrix) Nashik,FALSE,See ASN-6355 (ID#:16828),null,112.22
"65,095",127-KE-T30,FPQ-7684,SCMS-109240,ASN-11321,Kenya,PMO - US,Direct Drop,EXW,Air,05-05-11,5/18/2011,18-Aug-11,18-Aug-11,18-Aug-11,HRDT,HIV test,"Trinity Biotech, Plc","HIV 1/2, Uni-Gold HIV Kit, 20 Tests","HIV 1/2, Uni-Gold HIV Kit",Uni-Gold,,Test kit,20,385,12320.00,32,1.6,"Trinity Biotech, Plc",TRUE,129,"$2,039.73 ",20.33
"65,111",105-GY-T30,FPQ-13072,SCMS-211570,ASN-22978,Guyana,PMO - US,Direct Drop,FCA,Air,10-11-13,10/30/2013,03-Mar-14,03-Mar-14,07-Mar-14,ARV,Pediatric,ABBVIE LOGISTICS (FORMERLY ABBOTT LOGISTICS BV),"Lopinavir/Ritonavir 80/20mg/ml [Kaletra], oral solution, cool, Bottle 5 x 60 ml",Lopinavir/Ritonavir,Kaletra,80/20mg/ml,Oral solution,300,23,1398.86,60.82,0.2,ABBVIE (Abbott) Logis. UK,TRUE,53,$926.13 ,1.44
"65,120",105-GY-T30,FPQ-12235,SCMS-190770,ASN-20330,Guyana,PMO - US,Direct Drop,EXW,Air,05-06-13,06-04-13,29-Jul-13,29-Jul-13,29-Jul-13,HRDT,HIV test,"Orgenics, Ltd","HIV 1/2, Determine Complete HIV Kit, 100 Tests","HIV 1/2, Determine Complete HIV Kit",Determine,,Test kit,100,655,65500.00,100,1,"Alere Medical Co., Ltd.",TRUE,2,"$5,110.28 ",81.02
"65,132",144-BW-T30,FPQ-4207,SCMS-41840,ASN-6012,Botswana,PMO - US,Direct Drop,EXW,Air,03-10-09,3/25/2009,01-Mar-10,01-Mar-10,01-Mar-10,HRDT,HIV test,Orasure Technologies Inc.,"HIV 1/2, OraQuick Advance HIV Rapid Antibody Kit, 100 Tests","HIV 1/2, OraQuick Advance HIV Rapid Antibody Kit",OraQuick,,Test kit,100,20,7000.00,350,3.5,"Pacific Biotech, Thailand",TRUE,48,"$1,681.44 ",13.72
"35,252",108-VN-T30,FPQ-4720,SCMS-62460,ASN-6355,Vietnam,PMO - US,Direct Drop,EXW,Air,01-04-09,01-12-10,29-Mar-10,29-Mar-10,29-Mar-10,ARV,Adult,MYLAN LABORATORIES LTD (FORMERLY MATRIX LABORATORIES),"Lamivudine 150mg, tablets, 60 Tabs",Lamivudine,Generic,150mg,Tablet,60,"19,152",49795.20,2.6,0.04,Mylan (formerly Matrix) Nashik,FALSE,See ASN-6355 (ID#:16828),null,107.36
"67,022",108-VN-T30,FPQ-4720,SCMS-62460,ASN-6355,Vietnam,PMO - US,Direct Drop,EXW,Air,01-04-09,01-12-10,29-Mar-10,29-Mar-10,29-Mar-10,ARV,Adult,MYLAN LABORATORIES LTD (FORMERLY MATRIX LABORATORIES),"Zidovudine 300mg, tablets, 60 Tabs",Zidovudine,Generic,300mg,Tablet,60,336,2520.00,7.5,0.12,Mylan (formerly Matrix) Nashik,FALSE,See ASN-6355 (ID#:16828),null,5.43
"71,767",108-VN-T30,FPQ-4720,SCMS-62460,ASN-6355,Vietnam,PMO - US,Direct Drop,EXW,Air,01-04-09,01-12-10,29-Mar-10,29-Mar-10,29-Mar-10,ARV,Adult,MYLAN LABORATORIES LTD (FORMERLY MATRIX LABORATORIES),"Tenofovir Disoproxil Fumarate 300mg, tablets, 30 Tabs",Tenofovir Disoproxil Fumarate,Generic,300mg,Tablet,30,"3,192",23940.00,7.5,0.25,Mylan (formerly Matrix) Nashik,FALSE,See ASN-6355 (ID#:16828),null,51.61
"42,858",107-RW-T30,FPQ-3859,SCMS-48872,ASN-6489,Rwanda,PMO - US,Direct Drop,CIP,Air,6/30/2009,07-07-09,15-Apr-10,15-Apr-10,15-Apr-10,ARV,Adult,Aurobindo Pharma Limited,"Abacavir 300mg, tablets, 60 Tabs",Abacavir,Generic,300mg,Tablet,60,"12,730",246070.90,19.33,0.32,"Aurobindo Unit III, India",FALSE,See ASN-6489 (ID#:23365),null,482.3
"65,191",109-TZ-T30,FPQ-4157,SCMS-52773,ASN-4977,Tanzania,PMO - US,Direct Drop,EXW,Air,8/27/2009,09-03-09,17-Nov-09,17-Nov-09,17-Nov-09,HRDT,HIV test,"Trinity Biotech, Plc","HIV 1/2, Uni-Gold HIV Kit, 20 Tests","HIV 1/2, Uni-Gold HIV Kit",Uni-Gold,,Test kit,20,670,21440.00,32,1.6,"Trinity Biotech, Plc",TRUE,234,"$3,163.87 ",42.02
"65,219",113-ZW-T30,FPQ-8447,SCMS-122760,ASN-12885,Zimbabwe,PMO - US,Direct Drop,EXW,Air,9/16/2011,9/21/2011,22-Dec-11,22-Dec-11,22-Dec-11,HRDT,HIV test,"Orgenics, Ltd","HIV 1/2, Determine Complete HIV Kit, 100 Tests","HIV 1/2, Determine Complete HIV Kit",Determine,,Test kit,100,"1,800",144000.00,80,0.8,"Alere Medical Co., Ltd.",TRUE,885,"$17,806.34 ",237.6
"65,235",107-RW-T30,FPQ-7908,SCMS-115790,ASN-11823,Rwanda,PMO - US,Direct Drop,EXW,Air,6/28/2011,7/20/2011,04-Sep-11,04-Sep-11,04-Sep-11,HRDT,HIV test,"Orgenics, Ltd","HIV 1/2, Determine HIV Kit, without Lancets, 100 Tests","HIV 1/2, Determine HIV Kit, without Lancets",Determine,,Test kit,100,"7,500",582750.00,77.7,0.78,Inverness Japan,TRUE,1703,"$25,501.10 ",961.54
"65,238",117-ET-T30,FPQ-14357,SCMS-244860,ASN-27173,Ethiopia,PMO - US,Direct Drop,EXW,Air,06-03-14,6/23/2014,29-Jul-14,29-Jul-14,06-Aug-14,HRDT,HIV test,"SHANGHAI KEHUA BIOENGINEERING CO.,LTD.  (KHB)","HIV 1/2, SKB Colloidal Gold, Diagnostic Kit, Antibody, 50 Tests","HIV 1/2, Colloidal Gold, Diagnostic Kit, Antibody",Colloidal Gold,,Test kit,1,"7,527",184411.50,24.5,24.5,"KHB Test Kit Facility, Shanghai China",TRUE,5020,"$78,813.53 ",189.58
"65,241",102-MW-T30,FPQ-12745,SCMS-203130,ASN-22041,Malawi,PMO - US,Direct Drop,EXW,Air,08-01-13,09-04-13,15-Oct-13,15-Oct-13,21-Oct-13,HRDT,HIV test,"Trinity Biotech, Plc","HIV 1/2, Uni-Gold HIV Kit, 20 Tests","HIV 1/2, Uni-Gold HIV Kit",Uni-Gold,,Test kit,20,15,480.00,32,1.6,"Trinity Biotech, Plc",TRUE,5,$572.55 ,0.59
"65,243",106-HT-T30,FPQ-6519,SCMS-91000,ASN-10144,Haiti,PMO - US,Direct Drop,CIP,Air,10/25/2010,11-02-10,30-Mar-11,30-Mar-11,30-Mar-11,ARV,Adult,BRISTOL-MYERS SQUIBB,"Didanosine EC 400mg [Videx EC], delayed-release capsules, Blister 3 x 10 Caps",Didanosine EC,Videx EC,400mg,Delayed-release capsules - blister,30,240,4401.60,18.34,0.61,Bristol-Myers Squibb Anagni IT,TRUE,12,$450 ,7.26
"65,261",133-NG-T30,FPQ-7634,SCMS-108740,ASN-11758,Nigeria,PMO - US,Direct Drop,EXW,Air,4/28/2011,5/23/2011,31-Aug-11,31-Aug-11,31-Aug-11,HRDT,HIV test,"Orgenics, Ltd","HIV 1/2, Determine Complete HIV Kit, 100 Tests","HIV 1/2, Determine Complete HIV Kit",Determine,,Test kit,100,"2,520",224280.00,89,0.89,Inverness Japan,TRUE,1201,"$28,669.23 ",370.06
"66,175",108-VN-T30,FPQ-5317,SCMS-69720,ASN-7237,Vietnam,PMO - US,Direct Drop,EXW,Air,3/22/2010,3/29/2010,02-Jul-10,02-Jul-10,02-Jul-10,ARV,Adult,MYLAN LABORATORIES LTD (FORMERLY MATRIX LABORATORIES),"Tenofovir Disoproxil Fumarate 300mg, tablets, 30 Tabs",Tenofovir Disoproxil Fumarate,Generic,300mg,Tablet,30,"12,084",84588.00,7,0.23,Mylan (formerly Matrix) Nashik,FALSE,See ASN-7237 (ID#:50231),null,182.37
"65,274",901-CM-T30,FPQ-12837,SCMS-204300,ASN-21710,Cameroon,PMO - US,Direct Drop,EXW,Air,8/19/2013,8/23/2013,18-Oct-13,18-Oct-13,18-Oct-13,ARV,Adult,Aurobindo Pharma Limited,"Lamivudine/Nevirapine/Zidovudine 150/200/300mg, tablets, 60 Tabs",Lamivudine/Nevirapine/Zidovudine,Generic,150/300/200mg,Tablet - FDC,60,"32,190",261704.70,8.13,0.14,"Aurobindo Unit III, India",TRUE,4093,"$34,441.93 ",323.73
"77,519",108-VN-T30,FPQ-4266,SCMS-56530,ASN-7262,Vietnam,PMO - US,Direct Drop,EXW,Air,10/20/2009,11-09-09,06-Jul-10,06-Jul-10,06-Jul-10,ARV,Adult,Aurobindo Pharma Limited,"Lamivudine/Zidovudine 150/300mg, tablets, 60 Tabs",Lamivudine/Zidovudine,Generic,150/300mg,Tablet - FDC,60,"14,952",128736.72,8.61,0.14,"Aurobindo Unit III, India",FALSE,See ASN-7262 (ID#:25201),null,252.32
"65,291",117-ET-T30,FPQ-9098,SCMS-133530,ASN-15834,Ethiopia,PMO - US,Direct Drop,EXW,Air,01-10-12,1/23/2012,28-Aug-12,28-Aug-12,28-Aug-12,HRDT,HIV test,"Trinity Biotech, Plc","HIV 1/2, Uni-Gold HIV Kit, 20 Tests","HIV 1/2, Uni-Gold HIV Kit",Uni-Gold,,Test kit,20,167,5344.00,32,1.6,"Trinity Biotech, Plc",TRUE,60,$911.32 ,7.49
"65,308",133-NG-T30,FPQ-4891,SCMS-64780,ASN-6620,Nigeria,PMO - US,Direct Drop,EXW,Air,1/15/2010,02-05-10,05-May-10,15-May-10,15-May-10,HRDT,HIV test,"Orgenics, Ltd","HIV 1/2, Determine Complete HIV Kit, 100 Tests","HIV 1/2, Determine Complete HIV Kit",Determine,,Test kit,100,"1,750",140000.00,80,0.8,Inverness Japan,TRUE,842,"$14,829.77 ",301.84
"4,020",108-VN-T01,Pre-PQ Process,SCMS-749,ASN-737,Vietnam,PMO - US,Direct Drop,EXW,Air,Pre-PQ Process,07-03-07,02-Oct-07,02-Oct-07,02-Oct-07,ARV,Adult,Aurobindo Pharma Limited,"Abacavir 300mg, tablets, 60 Tabs",Abacavir,Generic,10mg+ml+/,Tablet,60,"1,500",41475.00,27.65,0.46,"Aurobindo Unit III, India",FALSE,See ASN-737 (ID#:2765),null,66.36
"65,323",109-TZ-T30,FPQ-12540,SCMS-198771,ASN-22833,Tanzania,PMO - US,Direct Drop,EXW,Air,07-03-13,8/27/2013,27-Dec-13,27-Dec-13,27-Dec-13,ARV,Adult,CIPLA LIMITED,"Lamivudine/Nevirapine/Zidovudine 150/200/300mg, tablets, 60 Tabs",Lamivudine/Nevirapine/Zidovudine,Generic,150/300/200mg,Tablet - FDC,60,"53,239",431235.90,8.1,0.13,"Cipla, Goa, India",TRUE,7696,"$33,442.63 ",533.44
"65,331",106-HT-T30,FPQ-11285,SCMS-176220,ASN-18344,Haiti,PMO - US,Direct Drop,EXW,Air,1/16/2013,02-05-13,11-Mar-13,11-Mar-13,11-Mar-13,ARV,Adult,Aurobindo Pharma Limited,"Didanosine 400mg, delayed-release capsules, 30 Caps",Didanosine,Generic,400mg,Delayed-release capsules,30,240,4800.00,20,0.67,"Aurobindo Unit III, India",TRUE,19,$971.70 ,5.94
"65,349",161-ZA-T30,FPQ-7175,SCMS-103680,ASN-12948,South Africa,PMO - US,Direct Drop,DDP,Ocean,03-10-11,3/23/2011,01-Dec-11,01-Dec-11,01-Dec-11,ARV,Adult,EMCURE PHARMACEUTICALS LTD,"Efavirenz 600mg, tablets, 30 Tabs",Efavirenz,Generic,600mg,Tablet,30,"96,224",413763.20,4.3,0.14,"Emcure Plot No.P-2, I.T-B.T. Park, Phase II, MIDC, Hinjwadi, Pune, India",TRUE,7556,"$9,582.53 ",682.71
"9,331",108-VN-T01,Pre-PQ Process,SCMS-749,ASN-737,Vietnam,PMO - US,Direct Drop,EXW,Air,Pre-PQ Process,07-03-07,02-Oct-07,02-Oct-07,02-Oct-07,ARV,Adult,Aurobindo Pharma Limited,"Lamivudine/Nevirapine/Zidovudine 150/200/300mg, tablets, 60 Tabs",Lamivudine/Nevirapine/Zidovudine,Generic,10mg+ml+/,Tablet - FDC,60,"7,000",94500.00,13.5,0.22,"Aurobindo Unit III, India",FALSE,See ASN-737 (ID#:2765),null,151.2
"1,357",108-VN-T01,Pre-PQ Process,SCMS-749,ASN-744,Vietnam,PMO - US,Direct Drop,EXW,Air,Pre-PQ Process,07-03-07,02-Oct-07,02-Oct-07,02-Oct-07,ARV,Pediatric,Aurobindo Pharma Limited,"Zidovudine 10mg/ml, oral solution, Bottle, 240 ml",Zidovudine,Generic,10mg+ml+/,Oral solution,240,"1,000",2100.00,2.1,0.01,"Aurobindo Unit III, India",FALSE,See ASN-744 (ID#:1356),null,3.36
"2,766",108-VN-T01,Pre-PQ Process,SCMS-749,ASN-744,Vietnam,PMO - US,Direct Drop,EXW,Air,Pre-PQ Process,07-03-07,02-Oct-07,02-Oct-07,02-Oct-07,ARV,Pediatric,Aurobindo Pharma Limited,"Lamivudine 10mg/ml, oral solution, Bottle, 240 ml",Lamivudine,Generic,80+20mg+ml,Oral solution,240,500,950.00,1.9,0.01,"Aurobindo Unit III, India",FALSE,See ASN-744 (ID#:1356),null,1.52
"65,381",103-ZW-T30,FPQ-9905,SCMS-149110,ASN-18803,Zimbabwe,PMO - US,Direct Drop,FCA,Air,5/29/2012,7/18/2012,25-Apr-13,25-Apr-13,25-Apr-13,ARV,Pediatric,ABBVIE LOGISTICS (FORMERLY ABBOTT LOGISTICS BV),"Lopinavir/Ritonavir 80/20mg/ml [Kaletra], oral solution, cool, Bottle 5 x 60 ml",Lopinavir/Ritonavir,Kaletra,80/20mg/ml,Oral solution,300,"1,500",46230.00,30.82,0.1,ABBVIE (Abbott) Logis. UK,TRUE,1374,"$9,299.26 ",64.81
"65,408",110-ZM-T30,FPQ-12252,SCMS-189250,ASN-20055,Zambia,PMO - US,Direct Drop,EXW,Air,05-02-13,5/22/2013,24-Jul-13,24-Jul-13,24-Jul-13,HRDT,HIV test,"Trinity Biotech, Plc","HIV 1/2, Uni-Gold HIV Kit, 20 Tests","HIV 1/2, Uni-Gold HIV Kit",Uni-Gold,,Test kit,20,"6,900",220800.00,32,1.6,"Trinity Biotech, Plc",TRUE,2262,"$27,038.58 ",273.13
"34,280",108-VN-T30,FPQ-5317,SCMS-69520,ASN-7485,Vietnam,PMO - US,Direct Drop,EXW,Air,3/22/2010,3/29/2010,03-Aug-10,03-Aug-10,03-Aug-10,ARV,Adult,STRIDES ARCOLAB LIMITED,"Lamivudine 150mg, tablets, 60 Tabs",Lamivudine,Generic,150mg,Tablet,60,"5,600",13160.00,2.35,0.04,"Strides, Bangalore, India.",FALSE,See ASN-7485 (ID#:30256),null,28.37
"65,450",133-NG-T30,FPQ-12456,SCMS-196560,ASN-21221,Nigeria,PMO - US,Direct Drop,EXW,Air,06-10-13,07-10-13,18-Sep-13,18-Sep-13,18-Sep-13,HRDT,HIV test,"Orgenics, Ltd","HIV 1/2, Determine Complete HIV Kit, 100 Tests","HIV 1/2, Determine Complete HIV Kit",Determine,,Test kit,100,"3,067",272963.00,89,0.89,"Alere Medical Co., Ltd.",TRUE,1228,"$13,325.65 ",337.66
"65,452",102-BI-T30,FPQ-13443,SCMS-223460,ASN-24711,Burundi,PMO - US,Direct Drop,EXW,Air,01-06-14,02-03-14,24-Mar-14,24-Mar-14,24-Mar-14,HRDT,HIV test,"CHEMBIO DIAGNOSTIC SYSTEMS, INC.","HIV 1/2, Stat-Pak Dipstick Assay Kit, 30 Tests","HIV 1/2, Stat-Pak Dipstick Assay Kit",Stat-Pak,,Test kit,30,345,9522.00,27.6,0.92,Chembio Diagnostics Sys. Inc.,TRUE,37,$946.77 ,9.79
"61,696",108-VN-T30,FPQ-5317,SCMS-69530,ASN-7487,Vietnam,PMO - US,Direct Drop,EXW,Air,3/22/2010,3/29/2010,03-Aug-10,03-Aug-10,03-Aug-10,ARV,Adult,STRIDES ARCOLAB LIMITED,"Nevirapine 200mg, tablets, 60 Tabs",Nevirapine,Generic,200mg,Tablet,60,"10,935",28431.00,2.6,0.04,"Strides, Bangalore, India.",FALSE,See ASN-7487 (ID#:48120),null,61.3
"65,478",104-CI-T30,FPQ-13125,SCMS-215030,ASN-24094,Côte d'Ivoire,PMO - US,Direct Drop,EXW,Air,10/25/2013,11/21/2013,11-Feb-14,11-Feb-14,11-Feb-14,HRDT,HIV test,"Standard Diagnostics, Inc.","HIV 1/2, Bioline 3.0 Kit, Lancets, Capillary pipets, Alcohol swabs included, 25 Tests","HIV 1/2, Bioline 3.0 Kit, Lancets, Capillary pipets, Alcohol swabs included",Bioline,,Test kit,25,"3,700",75850.00,20.5,0.82,"Standard Diagnostics, Korea",TRUE,1281,"$13,222.33 ",77.97
"65,484",108-VN-T30,FPQ-9577,SCMS-145330,ASN-16020,Vietnam,PMO - US,Direct Drop,FCA,Air,04-11-12,6/15/2012,27-Oct-12,27-Oct-12,27-Oct-12,ARV,Adult,ABBVIE LOGISTICS (FORMERLY ABBOTT LOGISTICS BV),"Ritonavir 100mg [Norvir], film coated tablets, 30 Tabs",Ritonavir,Norvir,100mg,Tablet,30,326,7582.76,23.26,0.78,ABBVIE Ludwigshafen Germany,TRUE,34,$404.78 ,10.63
"65,487",161-ZA-T30,FPQ-7400,SCMS-104190,ASN-12821,South Africa,PMO - US,Direct Drop,DDP,Ocean,03-11-11,3/30/2011,09-Jan-12,09-Jan-12,09-Jan-12,ARV,Pediatric,GLAXOSMITHKLINE EXPORT LIMITED,"Abacavir 20mg/ml [Ziagen], oral solution, Bottle, 240 ml",Abacavir,Ziagen,20mg/ml,Oral solution,240,"10,000",92800.00,9.28,0.04,GSK Mississauga (Canada),TRUE,3853,"$4,228.61 ",153.12
"63,274",108-VN-T30,FPQ-5317,SCMS-69710,ASN-7510,Vietnam,PMO - US,Direct Drop,EXW,Air,3/22/2010,3/29/2010,09-Aug-10,09-Aug-10,09-Aug-10,ARV,Adult,MYLAN LABORATORIES LTD (FORMERLY MATRIX LABORATORIES),"Abacavir 300mg, tablets, 60 Tabs",Abacavir,Generic,300mg,Tablet,60,249,3956.61,15.89,0.26,Mylan (formerly Matrix) Nashik,FALSE,See ASN-7510 (ID#:35983),null,8.53
"65,548",161-ZA-T30,FPQ-7175,SCMS-103510,ASN-12171,South Africa,PMO - US,Direct Drop,DDP,Ocean,03-10-11,3/24/2011,10-Oct-11,25-Oct-11,25-Oct-11,ARV,Adult,Aurobindo Pharma Limited,"Efavirenz 600mg, tablets, 30 Tabs",Efavirenz,Generic,600mg,Tablet,30,70,315.70,4.51,0.15,"Aurobindo Unit III, India",TRUE,6,"$9,951.38 ",0.52
"65,555",109-TZ-T30,FPQ-12197,SCMS-189360,ASN-21233,Tanzania,PMO - US,Direct Drop,EXW,Air,4/30/2013,5/29/2013,17-Sep-13,16-Sep-13,16-Sep-13,HRDT,HIV test,"Standard Diagnostics, Inc.","HIV 1/2, Determine Complete HIV Kit, 100 Tests","HIV 1/2, Determine Complete HIV Kit",Determine,,Test kit,100,"3,015",0.00,0,0,"Alere Medical Co., Ltd.",TRUE,1249,"$20,906.77 ",0
"67,389",108-VN-T30,FPQ-5317,SCMS-69240,ASN-7581,Vietnam,PMO - US,Direct Drop,EXW,Air,3/22/2010,3/25/2010,13-Aug-10,13-Aug-10,13-Aug-10,ARV,Adult,Aurobindo Pharma Limited,"Stavudine 30mg, capsules, 60 Caps",Stavudine,Generic,30mg,Capsule,60,"28,496",39894.40,1.4,0.02,"Aurobindo Unit III, India",FALSE,See ASN-7581 (ID#:42811),null,86.01
"65,579",109-TZ-T30,FPQ-5174,SCMS-66920,ASN-7251,Tanzania,PMO - US,Direct Drop,FCA,Air,03-01-10,03-12-10,28-Jul-10,28-Jul-10,28-Jul-10,ARV,Adult,ABBVIE LOGISTICS (FORMERLY ABBOTT LOGISTICS BV),"Lopinavir/Ritonavir 200/50mg [Aluvia], tablets, 120 Tabs",Lopinavir/Ritonavir,Aluvia,200/50mg,Tablet,120,"9,007",325693.12,36.16,0.3,ABBVIE Ludwigshafen Germany,TRUE,2020,"$9,169.63 ",702.19
"67,717",108-VN-T30,FPQ-5317,SCMS-69250,ASN-7661,Vietnam,PMO - US,Direct Drop,EXW,Air,3/22/2010,3/25/2010,13-Aug-10,13-Aug-10,13-Aug-10,ARV,Adult,Aurobindo Pharma Limited,"Stavudine 30mg, capsules, 60 Caps",Stavudine,Generic,30mg,Capsule,60,"21,504",30105.60,1.4,0.02,"Aurobindo Unit III, India",FALSE,See ASN-7661 (ID#:21752),null,64.91
"65,601",144-BW-T30,FPQ-4167,SCMS-54130,ASN-6032,Botswana,PMO - US,Direct Drop,EXW,Air,09-09-09,9/30/2009,01-Mar-10,01-Mar-10,01-Mar-10,HRDT,HIV test - Ancillary,Orasure Technologies Inc.,"#109435**HIV, OraQuick Controls Kit, 3 Vials","HIV, OraQuick Controls Kit, 3 Vials",OraQuick,,Test kit - Ancillary,3,10,250.00,25,8.33,"Orasure Technologies, Inc USA",TRUE,6,$402.42 ,0.49
"1,358",108-VN-T01,Pre-PQ Process,SCMS-753,ASN-781,Vietnam,PMO - US,Direct Drop,EXW,Air,Pre-PQ Process,07-04-07,15-Oct-07,15-Oct-07,15-Oct-07,ARV,Pediatric,Aurobindo Pharma Limited,"Zidovudine 10mg/ml, oral solution, Bottle, 240 ml",Zidovudine,Generic,10mg+ml+/,Oral solution,240,"1,000",2100.00,2.1,0.01,"Aurobindo Unit III, India",FALSE,See ASN-781 (ID#:115),null,3.36
"65,617",109-TZ-T30,FPQ-5900,SCMS-76980,ASN-7442,Tanzania,PMO - US,Direct Drop,EXW,Air,6/21/2010,6/24/2010,07-Aug-10,07-Aug-10,07-Aug-10,ARV,Adult,Aurobindo Pharma Limited,"Nevirapine 200mg, tablets, 60 Tabs",Nevirapine,Generic,200mg,Tablet,60,"28,800",74880.00,2.6,0.04,"Aurobindo Unit III, India",TRUE,3396,"$16,416.58 ",161.44
"8,038",108-VN-T01,Pre-PQ Process,SCMS-753,ASN-781,Vietnam,PMO - US,Direct Drop,EXW,Air,Pre-PQ Process,07-04-07,15-Oct-07,15-Oct-07,15-Oct-07,ARV,Pediatric,Aurobindo Pharma Limited,"Lamivudine 10mg/ml, oral solution, Bottle, 240 ml",Lamivudine,Generic,20mg+ml+/,Oral solution,240,500,950.00,1.9,0.01,"Aurobindo Unit III, India",FALSE,See ASN-781 (ID#:115),null,1.52
"65,621",117-ET-T30,FPQ-9096,SCMS-133360,ASN-14200,Ethiopia,PMO - US,Direct Drop,EXW,Air,01-05-12,1/23/2012,27-Mar-12,27-Mar-12,27-Mar-12,HRDT,HIV test,"CHEMBIO DIAGNOSTIC SYSTEMS, INC.","HIV 1/2, Stat-Pak HIV, Kit, 20 Tests","HIV 1/2, Stat-Pak HIV, Kit",Stat-Pak,,Test kit,20,44,1276.00,29,1.45,Chembio Diagnostics Sys. Inc.,TRUE,15,$529.40 ,1.79
"21,590",104-CI-T30,FPQ-6024,SCMS-80900,ASN-8019,Côte d'Ivoire,PMO - US,Direct Drop,CIP,Air,7/19/2010,08-02-10,08-Sep-10,08-Sep-10,08-Sep-10,ARV,Pediatric,BRISTOL-MYERS SQUIBB,"Didanosine 25mg [Videx], chewable tablets, 60 Tabs",Didanosine,Videx,25mg,Chewable/dispersible tablet,60,415,2905.00,7,0.12,"BMS Meymac, France",FALSE,See ASN-8019 (ID#:14694),null,6.26
"65,640",119-NA-T30,FPQ-3983,SCMS-50140,ASN-4769,Namibia,PMO - US,Direct Drop,EXW,Air,7/17/2009,7/25/2009,31-Aug-09,31-Aug-09,31-Aug-09,HRDT,HIV test,"Trinity Biotech, Plc","HIV 1/2, Uni-Gold HIV Kit, 20 Tests","HIV 1/2, Uni-Gold HIV Kit",Uni-Gold,,Test kit,20,750,24000.00,32,1.6,"Trinity Biotech, Plc",TRUE,265,"$2,906.31 ",47.04
"65,675",109-TZ-T30,FPQ-13804,SCMS-231090,ASN-25332,Tanzania,PMO - US,Direct Drop,EXW,Air,2/28/2014,03-07-14,24-Jun-14,24-Jun-14,24-Jun-14,ARV,Adult,MYLAN LABORATORIES LTD (FORMERLY MATRIX LABORATORIES),"Abacavir 300mg, tablets, 60 Tabs",Abacavir,Generic,300mg,Tablet,60,"20,000",221800.00,11.09,0.18,Mylan (formerly Matrix) Nashik,TRUE,2069,"$9,716.76 ",228.01
"65,688",105-GY-T30,FPQ-10249,SCMS-153860,ASN-16350,Guyana,PMO - US,Direct Drop,EXW,Air,07-05-12,7/26/2012,18-Sep-12,18-Sep-12,18-Sep-12,HRDT,HIV test,"CHEMBIO DIAGNOSTIC SYSTEMS, INC.","HIV 1/2, Stat-Pak HIV, Kit, 20 Tests","HIV 1/2, Stat-Pak HIV, Kit",Stat-Pak,,Test kit,20,19,551.00,29,1.45,Chembio Diagnostics Sys. Inc.,TRUE,5,$296.52 ,0.77
"30,030",108-VN-T30,FPQ-5899,SCMS-77250,ASN-8909,Vietnam,PMO - US,Direct Drop,EXW,Air,6/23/2010,07-01-10,08-Dec-10,08-Dec-10,08-Dec-10,ARV,Adult,Aurobindo Pharma Limited,"Zidovudine 300mg, tablets, 60 Tabs",Zidovudine,Generic,300mg,Tablet,60,168,1218.00,7.25,0.12,"Aurobindo Unit III, India",FALSE,See ASN-8909 (ID#:19905),null,2.63
"65,699",104-CI-T30,FPQ-8302,SCMS-124780,ASN-13202,Côte d'Ivoire,PMO - US,Direct Drop,FCA,Air,8/29/2011,11/18/2011,22-Dec-11,22-Dec-11,22-Dec-11,ARV,Adult,ABBVIE LOGISTICS (FORMERLY ABBOTT LOGISTICS BV),"Lopinavir/Ritonavir 200/50mg [Aluvia], tablets, 120 Tabs",Lopinavir/Ritonavir,Aluvia,200/50mg,Tablet,120,"28,000",862960.00,30.82,0.26,ABBVIE Ludwigshafen Germany,TRUE,7025,"$46,002.44 ","1,423.88"
"70,210",108-VN-T30,FPQ-6384,SCMS-87750,ASN-9090,Vietnam,PMO - US,Direct Drop,EXW,Air,9/30/2010,10/14/2010,21-Dec-10,21-Dec-10,21-Dec-10,ARV,Adult,MYLAN LABORATORIES LTD (FORMERLY MATRIX LABORATORIES),"Tenofovir Disoproxil Fumarate 300mg, tablets, 30 Tabs",Tenofovir Disoproxil Fumarate,Generic,300mg,Tablet,30,"5,208",35154.00,6.75,0.22,Mylan (formerly Matrix) Nashik,FALSE,See ASN-9090 (ID#:29979),null,75.79
"65,716",106-HT-T30,FPQ-8537,SCMS-126310,ASN-13152,Haiti,PMO - US,Direct Drop,EXW,Air,10/19/2011,11-01-11,22-Dec-11,22-Dec-11,22-Dec-11,ARV,Adult,MYLAN LABORATORIES LTD (FORMERLY MATRIX LABORATORIES),"Efavirenz/Lamivudine/Tenofovir Disoproxil Fumarate 600/300/300mg, tablets, 30 Tabs",Efavirenz/Lamivudine/Tenofovir Disoproxil Fumarate,Generic,600/300/300mg,Tablet - FDC,30,"5,500",77550.00,14.1,0.47,Mylan (formerly Matrix) Nashik,TRUE,647,"$4,877.34 ",108.73
"65,717",161-ZA-T30,FPQ-7175,SCMS-103830,ASN-13290,South Africa,PMO - US,Direct Drop,DDP,Ocean,03-10-11,3/28/2011,27-Jan-12,27-Jan-12,27-Jan-12,ARV,Pediatric,CIPLA LIMITED,"Lamivudine 10mg/ml, oral solution, Bottle, 240 ml",Lamivudine,Generic,10mg/ml,Oral solution,240,"50,000",103000.00,2.06,0.01,"Cipla, Goa, India",TRUE,18417,"$11,534.48 ",169.95
"65,732",109-TZ-T30,FPQ-3782,SCMS-47740,ASN-4636,Tanzania,PMO - US,Direct Drop,FCA,Air,06-11-09,6/23/2009,09-Sep-09,09-Sep-09,09-Sep-09,ARV,Adult,ABBVIE LOGISTICS (FORMERLY ABBOTT LOGISTICS BV),"Ritonavir 100mg [Norvir], capsules, cool, 4 x 84 Caps",Ritonavir,Norvir,100mg,Capsule,336,160,6137.60,38.36,0.11,ABBVIE (Abbott) Logis. UK,TRUE,325,"$2,278.11 ",12.03
"51,148",108-VN-T30,FPQ-6384,SCMS-87730,ASN-9118,Vietnam,PMO - US,Direct Drop,EXW,Air,9/30/2010,10/15/2010,22-Dec-10,22-Dec-10,22-Dec-10,ARV,Adult,STRIDES ARCOLAB LIMITED,"Lamivudine/Nevirapine/Zidovudine 150/200/300mg, tablets, 60 Tabs",Lamivudine/Nevirapine/Zidovudine,Generic,150/300/200mg,Tablet - FDC,60,"25,000",275000.00,11,0.18,"Strides, Bangalore, India.",FALSE,See ASN-9118 (ID#:42125),null,592.9
"65,780",107-RW-T30,FPQ-10092,SCMS-149430,ASN-15379,Rwanda,PMO - US,Direct Drop,EXW,Air,06-04-12,06-12-12,20-Jul-12,20-Jul-12,20-Jul-12,ARV,Adult,HETERO LABS LIMITED,"Nevirapine 200mg, tablets, 60 Tabs",Nevirapine,Generic,200mg,Tablet,60,"55,710",130361.40,2.34,0.04,Hetero Unit III Hyderabad IN,TRUE,3204,"$19,625.64 ",182.77
"73,843",161-ZA-T30,FPQ-6262,SCMS-83790,ASN-9179,South Africa,PMO - US,Direct Drop,DDP,Ocean,8/31/2010,9/24/2010,31-Jan-11,31-Jan-11,31-Jan-11,ARV,Adult,Aurobindo Pharma Limited,"Lamivudine 150mg, tablets, 60 Tabs",Lamivudine,Generic,150mg,Tablet,60,"19,177",45449.49,2.37,0.04,"Aurobindo Unit III, India",FALSE,See ASN-9179 (ID#:28515),null,97.99
"41,798",161-ZA-T30,FPQ-6262,SCMS-83790,ASN-9195,South Africa,PMO - US,Direct Drop,DDP,Ocean,8/31/2010,9/24/2010,31-Jan-11,01-Feb-11,01-Feb-11,ARV,Adult,Aurobindo Pharma Limited,"Lamivudine 150mg, tablets, 60 Tabs",Lamivudine,Generic,150mg,Tablet,60,"17,013",40320.81,2.37,0.04,"Aurobindo Unit III, India",FALSE,See ASN-9195 (ID#:39724),null,86.93
"65,836",133-NG-T30,FPQ-7088,SCMS-100510,ASN-10320,Nigeria,PMO - US,Direct Drop,EXW,Air,02-04-11,03-02-11,25-May-11,25-May-11,25-May-11,HRDT,HIV test,"CHEMBIO DIAGNOSTIC SYSTEMS, INC.","HIV 1/2, Stat-Pak HIV, Kit, 20 Tests","HIV 1/2, Stat-Pak HIV, Kit",Stat-Pak,,Test kit,20,"1,448",41992.00,29,1.45,Chembio Diagnostics Sys. Inc.,TRUE,482,"$3,060.82 ",69.29
46,112-NG-T01,Pre-PQ Process,SCMS-156,ASN-93,Nigeria,PMO - US,Direct Drop,EXW,Air,Pre-PQ Process,Date Not Captured,07-Dec-06,07-Dec-06,07-Dec-06,ARV-warsrg,Adult,Aurobindo Pharma Limited,"Stavudine 30mg, capsules, 60 Caps",Stavudine,Generic,10mg+ml+/,Capsule,60,273,532.35,1.95,0.03,"Aurobindo Unit III, India",FALSE,See ASN-93 (ID#:1281),null,
"2,683",112-NG-T01,Pre-PQ Process,SCMS-156,ASN-93,Nigeria,PMO - US,Direct Drop,EXW,Air,Pre-PQ Process,Date Not Captured,07-Dec-06,07-Dec-06,07-Dec-06,ARV,Adult,Aurobindo Pharma Limited,"Nevirapine 200mg, tablets, 60 Tabs",Nevirapine,Generic,10mg+ml+/,Tablet,60,"4,632",16906.80,3.65,0.06,"Aurobindo Unit III, India",FALSE,See ASN-93 (ID#:1281),null,
"65,978",108-VN-T30,FPQ-6818,SCMS-97820,ASN-10345,Vietnam,PMO - US,Direct Drop,EXW,Air,1/17/2011,02-09-11,13-Apr-11,13-Apr-11,13-Apr-11,ARV,Adult,STRIDES ARCOLAB LIMITED,"Lamivudine/Nevirapine/Stavudine 150/200/30mg, tablets, 60 Tabs",Lamivudine/Nevirapine/Stavudine,Generic,150/200/30mg,Tablet - FDC,60,"9,377",50542.03,5.39,0.09,"Strides, Bangalore, India.",TRUE,692,"$8,494.45 ",83.39
"65,987",108-VN-T30,FPQ-9001,SCMS-134870,ASN-14921,Vietnam,PMO - US,Direct Drop,FCA,Air,12/15/2011,1/25/2012,27-Jun-12,27-Jun-12,27-Jun-12,ARV,Pediatric,ABBVIE LOGISTICS (FORMERLY ABBOTT LOGISTICS BV),"Lopinavir/Ritonavir 80/20mg/ml [Kaletra], oral solution, cool, Bottle 5 x 60 ml",Lopinavir/Ritonavir,Kaletra,80/20mg/ml,Oral solution,300,100,6082.00,60.82,0.2,ABBVIE (Abbott) Logis. UK,TRUE,164,$742.10 ,8.53
"66,000",107-RW-T30,FPQ-14113,SCMS-238800,ASN-26864,Rwanda,PMO - US,Direct Drop,FCA,Air,4/18/2014,06-02-14,16-Jul-14,16-Jul-14,22-Jul-14,ARV,Pediatric,ABBVIE LOGISTICS (FORMERLY ABBOTT LOGISTICS BV),"Lopinavir/Ritonavir 80/20mg/ml [Kaletra], oral solution, cool, Bottle 5 x 60 ml",Lopinavir/Ritonavir,Kaletra,80/20mg/ml,Oral solution,300,316,9739.12,30.82,0.1,ABBVIE (Abbott) Logis. UK,TRUE,415,"$4,399.65 ",10.01
"66,030",161-ZA-T30,FPQ-5648,SCMS-75480,ASN-8649,South Africa,PMO - US,Direct Drop,DDP,Air,06-02-10,6/17/2010,13-Dec-10,08-Dec-10,08-Dec-10,ARV,Pediatric,Aurobindo Pharma Limited,"Nevirapine 10mg/ml, oral suspension w/syringe, Bottle, 240 ml",Nevirapine,Generic,10mg/ml,Oral suspension,240,"19,060",60039.00,3.15,0.01,"Aurobindo Unit III, India",TRUE,7353,"$4,876.34 ",129.44
"2,684",112-NG-T01,Pre-PQ Process,SCMS-156,ASN-93,Nigeria,PMO - US,Direct Drop,EXW,Air,Pre-PQ Process,Date Not Captured,07-Dec-06,07-Dec-06,07-Dec-06,ARV,Adult,Aurobindo Pharma Limited,"Stavudine 40mg, capsules, 60 Caps",Stavudine,Generic,1mg+ml+/,Capsule,60,166,356.90,2.15,0.04,"Aurobindo Unit III, India",FALSE,See ASN-93 (ID#:1281),null,
"66,073",161-ZA-T30,FPQ-7400,SCMS-104220,ASN-12743,South Africa,PMO - US,Direct Drop,DDP,Ocean,03-11-11,3/30/2011,09-Jan-12,09-Jan-12,09-Jan-12,ARV,Pediatric,GLAXOSMITHKLINE EXPORT LIMITED,"Abacavir 20mg/ml [Ziagen], oral solution, Bottle, 240 ml",Abacavir,Ziagen,20mg/ml,Oral solution,240,"2,244",20824.32,9.28,0.04,GSK Mississauga (Canada),TRUE,870,"$3,755.91 ",34.36
"66,100",105-GH-T30,FPQ-14050,SCMS-236710,ASN-27675,Ghana,PMO - US,Direct Drop,EXW,Air,04-12-14,5/23/2014,09-Oct-14,09-Oct-14,13-Oct-14,ARV,Adult,HETERO LABS LIMITED,"Lamivudine/Tenofovir Disoproxil Fumarate 300/300mg, tablets, 30 Tabs",Lamivudine/Tenofovir Disoproxil Fumarate,Generic,300/300mg,Tablet - FDC,30,"45,632",210819.84,4.62,0.15,Hetero Unit III Hyderabad IN,TRUE,4486,"$20,394.49 ",216.72
"61,281",107-RW-T30,FPQ-6341,SCMS-84980,ASN-9370,Rwanda,PMO - US,Direct Drop,EXW,Ocean,09-03-10,9/28/2010,01-Mar-11,01-Mar-11,01-Mar-11,ARV,Adult,HETERO LABS LIMITED,"Lamivudine/Tenofovir Disoproxil Fumarate 300/300mg, tablets, 30 Tabs",Lamivudine/Tenofovir Disoproxil Fumarate,Generic,300/300mg,Tablet - FDC,30,"172,800",1617408.00,9.36,0.31,Hetero Unit III Hyderabad IN,FALSE,See ASN-9370 (ID#:48500),null,"3,487.13"
"25,522",108-VN-T30,FPQ-6384,SCMS-87770,ASN-9407,Vietnam,PMO - US,Direct Drop,EXW,Air,9/30/2010,10/18/2010,09-Feb-11,09-Feb-11,09-Feb-11,ARV,Adult,HETERO LABS LIMITED,"Nevirapine 200mg, tablets, 60 Tabs",Nevirapine,Generic,200mg,Tablet,60,"5,977",14524.11,2.43,0.04,Hetero Unit III Hyderabad IN,FALSE,See ASN-9407 (ID#:17697),null,31.31
"36,507",108-VN-T30,FPQ-6384,SCMS-87770,ASN-9407,Vietnam,PMO - US,Direct Drop,EXW,Air,9/30/2010,10/18/2010,09-Feb-11,09-Feb-11,09-Feb-11,ARV,Adult,HETERO LABS LIMITED,"Zidovudine 300mg, tablets, 60 Tabs",Zidovudine,Generic,300mg,Tablet,60,504,3502.80,6.95,0.12,Hetero Unit III Hyderabad IN,FALSE,See ASN-9407 (ID#:17697),null,7.55
"66,205",106-HT-T30,FPQ-15038,SCMS-263050,ASN-31197,Haiti,PMO - US,Direct Drop,EXW,Air,10/22/2014,12/24/2014,26-Mar-15,26-Mar-15,26-Mar-15,ARV,Adult,EMCURE PHARMACEUTICALS LTD,"Atazanavir/Ritonavir 300/100mg, tablets, 30 Tabs",Atazanavir/Ritonavir,Generic,300/100mg,Tablet,30,"1,000",18000.00,18,0.6,"Emcure Plot No.P-2, I.T-B.T. Park, Phase II, MIDC, Hinjwadi, Pune, India",TRUE,133,"$1,604.56 ",18.5
"66,207",114-UG-T30,FPQ-4373,SCMS-58240,ASN-6621,Uganda,PMO - US,Direct Drop,EXW,Air,11/25/2009,12-02-09,21-Apr-10,21-Apr-10,21-Apr-10,ARV,Adult,ASPEN PHARMACARE,"Darunavir 300mg [Prezista], tablets, 120 Tabs",Darunavir,Prezista,300mg,Tablet,120,102,9180.00,90,0.75,"Aspen-OSD, Port Elizabeth, SA",TRUE,15,$845.10 ,17.99
"66,609",108-VN-T30,FPQ-6384,SCMS-87770,ASN-9407,Vietnam,PMO - US,Direct Drop,EXW,Air,9/30/2010,10/18/2010,09-Feb-11,09-Feb-11,09-Feb-11,ARV,Adult,HETERO LABS LIMITED,"Stavudine 30mg, capsules, 60 Caps",Stavudine,Generic,30mg,Capsule,60,"14,428",20920.60,1.45,0.02,Hetero Unit III Hyderabad IN,FALSE,See ASN-9407 (ID#:17697),null,45.1
"66,233",104-CI-T30,FPQ-7325,SCMS-106590,ASN-11216,Côte d'Ivoire,PMO - US,Direct Drop,EXW,Air,03-09-11,05-05-11,12-Jul-11,12-Jul-11,12-Jul-11,HRDT,HIV test,"Orgenics, Ltd","HIV 1/2, Determine Complete HIV Kit, 100 Tests","HIV 1/2, Determine Complete HIV Kit",Determine,,Test kit,100,"3,236",258880.00,80,0.8,Inverness Japan,TRUE,1543,"$37,173.01 ",427.15
"66,236",114-UG-T30,FPQ-14254,SCMS-239750,ASN-26608,Uganda,PMO - US,Direct Drop,EXW,Air,05-12-14,5/20/2014,26-Jun-14,26-Jun-14,28-Jun-14,HRDT,HIV test,"Trinity Biotech, Plc","HIV 1/2, Uni-Gold HIV Kit, 20 Tests","HIV 1/2, Uni-Gold HIV Kit",Uni-Gold,,Test kit,20,750,24000.00,32,1.6,"Trinity Biotech, Plc",TRUE,242,"$1,899.22 ",24.67
"48,155",108-VN-T30,FPQ-6384,SCMS-87780,ASN-9408,Vietnam,PMO - US,Direct Drop,EXW,Air,9/30/2010,10/18/2010,16-Feb-11,16-Feb-11,16-Feb-11,ARV,Adult,HETERO LABS LIMITED,"Zidovudine 300mg, tablets, 60 Tabs",Zidovudine,Generic,300mg,Tablet,60,"1,008",7005.60,6.95,0.12,Hetero Unit III Hyderabad IN,FALSE,See ASN-9408 (ID#:39263),null,15.1
"66,680",108-VN-T30,FPQ-6384,SCMS-87780,ASN-9408,Vietnam,PMO - US,Direct Drop,EXW,Air,9/30/2010,10/18/2010,16-Feb-11,16-Feb-11,16-Feb-11,ARV,Adult,HETERO LABS LIMITED,"Lamivudine/Nevirapine/Stavudine 150/200/30mg, tablets, 60 Tabs",Lamivudine/Nevirapine/Stavudine,Generic,150/200/30mg,Tablet - FDC,60,"5,200",24960.00,4.8,0.08,Hetero Unit III Hyderabad IN,FALSE,See ASN-9408 (ID#:39263),null,53.81
"66,277",114-UG-T30,FPQ-9365,SCMS-142300,ASN-14824,Uganda,PMO - US,Direct Drop,DDP,Air,3/15/2012,4/17/2012,10-May-12,10-May-12,10-May-12,ARV,Adult,ASPEN PHARMACARE,"Darunavir 300mg [Prezista], tablets, 120 Tabs",Darunavir,Prezista,300mg,Tablet,120,100,6660.00,66.6,0.55,"Aspen-OSD, Port Elizabeth, SA",TRUE,14,$527 ,9.34
"73,087",108-VN-T30,FPQ-6384,SCMS-87780,ASN-9408,Vietnam,PMO - US,Direct Drop,EXW,Air,9/30/2010,10/18/2010,16-Feb-11,16-Feb-11,16-Feb-11,ARV,Adult,HETERO LABS LIMITED,"Lamivudine/Zidovudine 150/300mg, tablets, 60 Tabs",Lamivudine/Zidovudine,Generic,150/300mg,Tablet - FDC,60,"35,000",292250.00,8.35,0.14,Hetero Unit III Hyderabad IN,FALSE,See ASN-9408 (ID#:39263),null,630.09
"66,307",108-VN-T30,FPQ-11560,SCMS-177620,ASN-20367,Vietnam,PMO - US,Direct Drop,EXW,Air,02-07-13,2/13/2013,01-Aug-13,01-Aug-13,01-Aug-13,ARV,Adult,MYLAN LABORATORIES LTD (FORMERLY MATRIX LABORATORIES),"Efavirenz/Lamivudine/Tenofovir Disoproxil Fumarate 600/300/300mg, tablets, 30 Tabs",Efavirenz/Lamivudine/Tenofovir Disoproxil Fumarate,Generic,600/300/300mg,Tablet - FDC,30,"32,673",375412.77,11.49,0.38,Mylan (formerly Matrix) Nashik,TRUE,3425,"$11,077.85 ",464.39
"66,323",111-MZ-T30,FPQ-5613,SCMS-81030,ASN-8093,Mozambique,PMO - US,Direct Drop,EXW,Air,6/20/2010,08-10-10,29-Sep-10,29-Sep-10,29-Sep-10,HRDT,HIV test,"Trinity Biotech, Plc","HIV 1/2, Uni-Gold HIV Kit, 20 Tests","HIV 1/2, Uni-Gold HIV Kit",Uni-Gold,,Test kit,20,424,13568.00,32,1.6,"Trinity Biotech, Plc",TRUE,145,"$2,572.68 ",29.25
"82,172",108-VN-T30,FPQ-6384,SCMS-87780,ASN-9408,Vietnam,PMO - US,Direct Drop,EXW,Air,9/30/2010,10/18/2010,16-Feb-11,16-Feb-11,16-Feb-11,ARV,Adult,HETERO LABS LIMITED,"Stavudine 30mg, capsules, 60 Caps",Stavudine,Generic,30mg,Capsule,60,"15,572",22579.40,1.45,0.02,Hetero Unit III Hyderabad IN,FALSE,See ASN-9408 (ID#:39263),null,48.68
"31,670",161-ZA-T30,FPQ-6262,SCMS-83790,ASN-9477,South Africa,PMO - US,Direct Drop,DDP,Ocean,8/31/2010,9/24/2010,01-Feb-11,10-Mar-11,10-Mar-11,ARV,Pediatric,Aurobindo Pharma Limited,"Efavirenz 200mg, capsule, 90 Caps",Efavirenz,Generic,200mg,Capsule,90,"19,214",191755.72,9.98,0.11,"Aurobindo Unit III, India",FALSE,See ASN-9477 (ID#:26879),null,413.43
"66,349",900-SS-T30,FPQ-8611,SCMS-127500,ASN-13396,South Sudan,PMO - US,Direct Drop,EXW,Air,11-04-11,11/16/2011,09-Feb-12,09-Feb-12,09-Feb-12,HRDT,HIV test,"Trinity Biotech, Plc","HIV 1/2, Uni-Gold HIV Kit, 20 Tests","HIV 1/2, Uni-Gold HIV Kit",Uni-Gold,,Test kit,20,240,7680.00,32,1.6,"Trinity Biotech, Plc",TRUE,82,"$1,504.59 ",10.77
"31,740",161-ZA-T30,FPQ-6262,SCMS-83830,ASN-9486,South Africa,PMO - US,Direct Drop,DDP,Ocean,8/31/2010,9/24/2010,04-Mar-11,04-Mar-11,04-Mar-11,ARV,Pediatric,Aurobindo Pharma Limited,"Lamivudine 10mg/ml, oral solution w/syringe, Bottle, 240 ml",Lamivudine,Generic,10mg/ml,Oral solution,240,"6,736",13606.72,2.02,0.01,"Aurobindo Unit III, India",FALSE,See ASN-9486 (ID#:24187),null,29.34
"66,355",900-TZ-T30,FPQ-10396,SCMS-157661,ASN-17086,Tanzania,PMO - US,Direct Drop,EXW,Air,7/31/2012,10-04-12,07-Dec-12,30-Nov-12,30-Nov-12,HRDT,HIV test,"Orgenics, Ltd","HIV 1/2, Determine Complete HIV Kit, 100 Tests","HIV 1/2, Determine Complete HIV Kit",Determine,,Test kit,100,840,67200.00,80,0.8,"Alere Medical Co., Ltd.",TRUE,405,"$7,765.61 ",94.21
"66,371",109-TZ-T30,FPQ-12540,SCMS-198780,ASN-20858,Tanzania,PMO - US,Direct Drop,EXW,Air,07-03-13,7/16/2013,24-Sep-13,24-Sep-13,24-Sep-13,ARV,Adult,Aurobindo Pharma Limited,"Lamivudine/Nevirapine/Zidovudine 150/200/300mg, tablets, 60 Tabs",Lamivudine/Nevirapine/Zidovudine,Generic,150/300/200mg,Tablet - FDC,60,"37,012",300907.56,8.13,0.14,"Aurobindo Unit III, India",TRUE,4699,"$17,907.70 ",372.22
"66,373",102-GY-T30,FPQ-4870,SCMS-63870,ASN-6095,Guyana,PMO - US,Direct Drop,EXW,Air,01-11-10,02-04-10,04-Mar-10,04-Mar-10,04-Mar-10,HRDT,HIV test,"Trinity Biotech, Plc","HIV 1/2, Uni-Gold HIV Kit, 20 Tests","HIV 1/2, Uni-Gold HIV Kit",Uni-Gold,,Test kit,20,"2,334",74688.00,32,1.6,"Trinity Biotech, Plc",TRUE,807,"$6,558.08 ",161.03
"66,374",161-ZA-T30,FPQ-5648,SCMS-75540,ASN-7991,South Africa,PMO - US,Direct Drop,DDP,Ocean,06-02-10,6/17/2010,22-Oct-10,22-Oct-10,22-Oct-10,ARV,Adult,STRIDES ARCOLAB LIMITED,"Nevirapine 200mg, tablets, 60 Tabs",Nevirapine,Generic,200mg,Tablet,60,"116,000",327120.00,2.82,0.05,"Strides, Bangalore, India.",TRUE,7193,"$8,559.24 ",705.27
"66,383",114-UG-T30,FPQ-11141,SCMS-173450,ASN-18894,Uganda,PMO - US,Direct Drop,EXW,Air,12/13/2012,02-05-13,22-Apr-13,22-Apr-13,22-Apr-13,ARV,Pediatric,Aurobindo Pharma Limited,"Nevirapine 50mg, dispersible tablets (tablets for oral suspension), 30 Tabs",Nevirapine,Generic,50mg,Chewable/dispersible tablet,30,961,1201.25,1.25,0.04,"Aurobindo Unit III, India",TRUE,53,"$1,203.40 ",1.49
"66,420",110-ZM-T30,FPQ-4691,SCMS-60711,ASN-6615,Zambia,PMO - US,Direct Drop,EXW,Air,12/16/2009,12/22/2009,03-May-10,26-Apr-10,26-Apr-10,HRDT,HIV test,"Orgenics, Ltd","HIV 1/2, Determine Complete HIV Kit, 100 Tests","HIV 1/2, Determine Complete HIV Kit",Determine,,Test kit,100,"1,993",143496.00,72,0.72,Inverness Japan,TRUE,967,"$14,582.14 ",309.38
"66,431",114-UG-T30,FPQ-4482,SCMS-52570,ASN-5536,Uganda,PMO - US,Direct Drop,FCA,Air,10/21/2009,9/14/2009,03-Dec-09,03-Dec-09,03-Dec-09,ARV,Adult,Hoffmann-La Roche ltd Basel,"Saquinavir 500mg [Invirase], tablets, 120 Tabs",Saquinavir,Invirase,500mg,Tablet,120,161,16125.10,100.16,0.83,Roche Basel,TRUE,30,"$1,072.35 ",34.77
"66,438",106-HT-T30,FPQ-11286,SCMS-176320,ASN-18407,Haiti,PMO - US,Direct Drop,EXW,Air,1/16/2013,02-05-13,11-Mar-13,11-Mar-13,11-Mar-13,ARV,Adult,Aurobindo Pharma Limited,"Didanosine 400mg, delayed-release capsules, 30 Caps",Didanosine,Generic,400mg,Delayed-release capsules,30,384,7680.00,20,0.67,"Aurobindo Unit III, India",TRUE,30,"$1,119.09 ",9.5
"66,448",104-CI-T30,FPQ-13155,SCMS-217340,ASN-27114,Côte d'Ivoire,PMO - US,Direct Drop,EXW,Air,10/22/2013,12-04-13,31-Jul-14,31-Jul-14,31-Jul-14,ARV,Adult,MYLAN LABORATORIES LTD (FORMERLY MATRIX LABORATORIES),"Atazanavir/Ritonavir 300/100mg, tablets, 30 Tabs",Atazanavir/Ritonavir,Generic,300/100mg,Tablet,30,"3,200",64000.00,20,0.67,Mylan (formerly Matrix) Nashik,TRUE,430,"$3,587.34 ",65.79
"66,449",108-VN-T30,FPQ-5094,SCMS-68780,ASN-7020,Vietnam,PMO - US,Direct Drop,FCA,Air,3/15/2010,3/31/2010,22-Jun-10,22-Jun-10,22-Jun-10,ARV,Adult,ABBVIE LOGISTICS (FORMERLY ABBOTT LOGISTICS BV),"Lopinavir/Ritonavir 200/50mg [Aluvia], tablets, 120 Tabs",Lopinavir/Ritonavir,Aluvia,200/50mg,Tablet,120,"8,225",676095.00,82.2,0.68,ABBVIE Ludwigshafen Germany,TRUE,2018,"$10,263.55 ","1,457.66"
"65,363",117-ET-T30,FPQ-5582,SCMS-72390,ASN-9567,Ethiopia,PMO - US,Direct Drop,EXW,Air,4/28/2010,4/29/2010,14-Feb-11,14-Feb-11,14-Feb-11,ARV,Adult,Aurobindo Pharma Limited,"Didanosine 400mg, delayed-release capsules, 30 Caps",Didanosine,Generic,400mg,Delayed-release capsules,30,750,15000.00,20,0.67,"Aurobindo Unit III, India",FALSE,See ASN-9567 (ID#:15946),null,32.34
"51,098",108-VN-T30,FPQ-6384,SCMS-87760,ASN-9568,Vietnam,PMO - US,Direct Drop,EXW,Air,9/30/2010,10/14/2010,28-Feb-11,28-Feb-11,28-Feb-11,ARV,Adult,MYLAN LABORATORIES LTD (FORMERLY MATRIX LABORATORIES),"Abacavir 300mg, tablets, 60 Tabs",Abacavir,Generic,300mg,Tablet,60,540,8100.00,15,0.25,Mylan (formerly Matrix) Nashik,FALSE,See ASN-9568 (ID#:29427),null,17.46
"6,837",107-RW-T01,Pre-PQ Process,SCMS-13900,ASN-990,Rwanda,PMO - US,Direct Drop,EXW,Air,Pre-PQ Process,11-12-07,28-Jan-08,28-Jan-08,28-Jan-08,ARV,Adult,ASPEN PHARMACARE,"Tenofovir Disoproxil Fumarate 300mg [Viread], tablets, 30 Tabs",Tenofovir Disoproxil Fumarate,Viread,10mg+ml+/,Tablet,30,84,0.84,0.01,0,"Aspen-OSD, Port Elizabeth, SA",FALSE,See ASN-990 (ID#:1502),null,0
"37,519",161-ZA-T30,FPQ-6262,SCMS-83770,ASN-9945,South Africa,PMO - US,Direct Drop,DDP,Ocean,8/31/2010,9/24/2010,26-Apr-11,26-Apr-11,26-Apr-11,ARV,Adult,Aurobindo Pharma Limited,"Lamivudine 150mg, tablets, 60 Tabs",Lamivudine,Generic,150mg,Tablet,60,"136,403",323275.11,2.37,0.04,"Aurobindo Unit III, India",FALSE,See ASN-9945 (ID#:28542),null,696.98
"66,585",133-NG-T30,FPQ-12456,SCMS-196560,ASN-21220,Nigeria,PMO - US,Direct Drop,EXW,Air,06-10-13,07-10-13,18-Sep-13,24-Sep-13,24-Sep-13,HRDT,HIV test,"Orgenics, Ltd","HIV 1/2, Determine Complete HIV Kit, 100 Tests","HIV 1/2, Determine Complete HIV Kit",Determine,,Test kit,100,"3,056",271984.00,89,0.89,"Alere Medical Co., Ltd.",TRUE,1248,"$13,325.50 ",336.44
"11,384",107-RW-T01,Pre-PQ Process,SO-481,DN-100,Rwanda,PMO - US,From RDC,N/A - From RDC,Air,Pre-PQ Process,N/A - From RDC,14-May-07,14-May-07,14-May-07,ARV,Adult,SCMS from RDC,"Stavudine 30mg, capsules, 60 Caps",Stavudine,Generic,30mg,Capsule,60,117,188.37,1.61,0.03,"Strides, Bangalore, India.",FALSE,See DN-100 (ID#:10823),null,
"66,626",114-UG-T30,FPQ-14070,SCMS-237180,ASN-31555,Uganda,PMO - US,Direct Drop,EXW,Air,04-10-14,4/30/2014,17-Apr-15,17-Apr-15,20-Apr-15,HRDT,HIV test,BIO-RAD LABORATORIES (FRANCE),"HIV 1/2, Genie III Kit, 50 Tests","HIV 1/2, Genie III Kit",Genie,,Test kit,50,30,2982.00,99.4,1.99,Bio-Rad Laboratories,TRUE,17,$660.77 ,3.07
"66,641",161-ZA-T30,FPQ-5648,SCMS-75480,ASN-8326,South Africa,PMO - US,Direct Drop,DDP,Air,06-02-10,6/17/2010,13-Dec-10,13-Dec-10,13-Dec-10,ARV,Pediatric,Aurobindo Pharma Limited,"Nevirapine 10mg/ml, oral suspension w/syringe, Bottle, 240 ml",Nevirapine,Generic,10mg/ml,Oral suspension,240,"19,050",60007.50,3.15,0.01,"Aurobindo Unit III, India",TRUE,7349,"$4,876.34 ",129.38
"66,663",133-NG-T30,FPQ-12456,SCMS-196561,ASN-22350,Nigeria,PMO - US,Direct Drop,EXW,Air,06-10-13,07-10-13,07-Nov-13,07-Nov-13,17-Nov-13,HRDT,HIV test,"Orgenics, Ltd","HIV 1/2, Determine Complete HIV Kit, 100 Tests","HIV 1/2, Determine Complete HIV Kit",Determine,,Test kit,100,"3,035",270115.00,89,0.89,"Alere Medical Co., Ltd.",TRUE,1233,"$21,084.84 ",334.13
"66,669",108-VN-T30,FPQ-5317,SCMS-69711,ASN-7665,Vietnam,PMO - US,Direct Drop,EXW,Air,3/22/2010,3/29/2010,13-Aug-10,13-Aug-10,13-Aug-10,ARV,Adult,MYLAN LABORATORIES LTD (FORMERLY MATRIX LABORATORIES),"Efavirenz 600mg, tablets, 30 Tabs",Efavirenz,Generic,600mg,Tablet,30,"62,369",268186.70,4.3,0.14,Mylan (formerly Matrix) Nashik,TRUE,5009,"$17,031.91 ",578.21
"11,385",107-RW-T01,Pre-PQ Process,SO-481,DN-100,Rwanda,PMO - US,From RDC,N/A - From RDC,Air,Pre-PQ Process,N/A - From RDC,14-May-07,14-May-07,14-May-07,ARV,Adult,SCMS from RDC,"Stavudine 40mg, capsules, 60 Caps",Stavudine,Generic,40mg,Capsule,60,306,651.78,2.13,0.04,"Strides, Bangalore, India.",FALSE,See DN-100 (ID#:10823),null,
"66,690",161-ZA-T30,FPQ-5303,SCMS-69030,ASN-7772,South Africa,PMO - US,Direct Drop,DDP,Air,3/18/2010,3/19/2010,20-Sep-10,20-Sep-10,20-Sep-10,ARV,Adult,Aurobindo Pharma Limited,"Zidovudine 300mg, tablets, 60 Tabs",Zidovudine,Generic,300mg,Tablet,60,"44,168",328168.24,7.43,0.12,"Aurobindo Unit III, India",TRUE,2373,"$1,697.90 ",707.53
"66,713",108-VN-T30,FPQ-13524,SCMS-226230,ASN-26347,Vietnam,PMO - US,Direct Drop,FCA,Air,02-06-14,03-10-14,02-Jul-14,02-Jul-14,02-Jul-14,ARV,Adult,ABBVIE LOGISTICS (FORMERLY ABBOTT LOGISTICS BV),"Ritonavir 100mg [Norvir], film coated tablets, 30 Tabs",Ritonavir,Norvir,100mg,Tablet,30,450,10467.00,23.26,0.78,ABBVIE Ludwigshafen Germany,TRUE,56,$520.19 ,10.76
"66,762",104-CI-T30,FPQ-9394,SCMS-141420,ASN-14873,Côte d'Ivoire,PMO - US,Direct Drop,EXW,Air,2/28/2012,3/22/2012,31-May-12,31-May-12,31-May-12,HRDT,HIV test,"Orgenics, Ltd","HIV 1/2, Determine Complete HIV Kit, 100 Tests","HIV 1/2, Determine Complete HIV Kit",Determine,,Test kit,100,"3,000",240000.00,80,0.8,"Alere Medical Co., Ltd.",TRUE,1428,"$28,142.92 ",336.48
"66,768",114-UG-T30,FPQ-10788,SCMS-162750,ASN-18152,Uganda,PMO - US,Direct Drop,DAP,Air,10-10-12,10/25/2012,13-Feb-13,13-Feb-13,13-Feb-13,ARV,Adult,ASPEN PHARMACARE,"Etravirine 100mg [Intelence], tablets, 120 Tabs",Etravirine,Intelence,100mg,Tablet,120,178,6408.00,36,0.3,"Janssen-Cilag, Latina, IT",TRUE,90,$989 ,7.93
"66,782",100-GN-T30,FPQ-4855,SCMS-63890,ASN-6143,Guinea,PMO - US,Direct Drop,EXW,Air,1/20/2010,1/22/2010,23-Mar-10,23-Mar-10,23-Mar-10,HRDT,HIV test,"Orgenics, Ltd","HIV 1/2, Determine Complete HIV Kit, 100 Tests","HIV 1/2, Determine Complete HIV Kit",Determine,,Test kit,100,50,3600.00,72,0.72,Inverness Japan,TRUE,32,"$1,804.20 ",7.76
"66,792",108-VN-T30,FPQ-5094,SCMS-68370,ASN-7486,Vietnam,PMO - US,Direct Drop,EXW,Air,3/15/2010,3/24/2010,03-Aug-10,03-Aug-10,03-Aug-10,ARV,Adult,STRIDES ARCOLAB LIMITED,"Lamivudine 150mg, tablets, 60 Tabs",Lamivudine,Generic,150mg,Tablet,60,"43,262",101665.70,2.35,0.04,"Strides, Bangalore, India.",TRUE,2035,"$8,711.40 ",219.19
"12,041",107-RW-T01,Pre-PQ Process,SO-481,DN-100,Rwanda,PMO - US,From RDC,N/A - From RDC,Air,Pre-PQ Process,N/A - From RDC,14-May-07,14-May-07,14-May-07,ARV,Adult,SCMS from RDC,"Lamivudine 150mg, tablets, 60 Tabs",Lamivudine,Generic,150mg,Tablet,60,"1,267",4193.77,3.31,0.06,"Ranbaxy, Paonta Shahib, India",FALSE,See DN-100 (ID#:10823),null,
"66,811",102-GY-T30,FPQ-4869,SCMS-63860,ASN-6373,Guyana,PMO - US,Direct Drop,EXW,Air,01-11-10,02-04-10,05-Apr-10,05-Apr-10,05-Apr-10,HRDT,HIV test,"Orgenics, Ltd","HIV 1/2, Determine Complete HIV Kit, 100 Tests","HIV 1/2, Determine Complete HIV Kit",Determine,,Test kit,100,237,21330.00,90,0.9,Inverness Japan,TRUE,108,"$2,058.84 ",45.99
"66,840",109-TZ-T30,FPQ-4157,SCMS-52772,ASN-6356,Tanzania,PMO - US,Direct Drop,EXW,Air,8/27/2009,09-03-09,24-May-10,24-May-10,24-May-10,HRDT,HIV test,"Trinity Biotech, Plc","HIV 1/2, Uni-Gold HIV Kit, 20 Tests","HIV 1/2, Uni-Gold HIV Kit",Uni-Gold,,Test kit,20,794,25408.00,32,1.6,"Trinity Biotech, Plc",TRUE,277,"$3,174.13 ",49.8
"66,891",901-CM-T30,FPQ-12837,SCMS-204301,ASN-22787,Cameroon,PMO - US,Direct Drop,EXW,Air,8/19/2013,09-11-13,04-Dec-13,04-Dec-13,04-Dec-13,ARV,Adult,Aurobindo Pharma Limited,"Zidovudine 300mg, tablets, 60 Tabs",Zidovudine,Generic,300mg,Tablet,60,"18,180",98717.40,5.43,0.09,"Aurobindo Unit III, India",TRUE,1007,"$11,067.86 ",122.11
"11,916",100-PK-T01,Pre-PQ Process,SO-14930,DN-1004,Pakistan,PMO - US,From RDC,N/A - From RDC,Air,Pre-PQ Process,N/A - From RDC,17-Nov-08,17-Nov-08,17-Nov-08,HRDT,HIV test,SCMS from RDC,"HIV 1/2, Determine HIV Kit, without Lancets, 100 Tests","HIV 1/2, Determine HIV Kit, without Lancets",Determine,,Test kit,100,12,1199.88,99.99,1,Inverness Japan,FALSE,See DN-1004 (ID#:11280),null,2.35
"66,946",101-CD-T30,FPQ-13555,SCMS-234230,ASN-26408,"Congo, DRC",PMO - US,Direct Drop,EXW,Air,3/19/2014,05-05-14,26-Aug-14,26-Aug-14,16-Sep-14,ARV,Adult,Aurobindo Pharma Limited,"Didanosine 250mg, delayed-release capsules, 30 Caps",Didanosine,Generic,250mg,Delayed-release capsules,30,100,758.00,7.58,0.25,"Aurobindo Unit III, India",TRUE,9,$734.66 ,0.78
"66,967",161-ZA-T30,FPQ-6262,SCMS-83830,ASN-8905,South Africa,PMO - US,Direct Drop,DDP,Ocean,8/31/2010,9/24/2010,06-Jan-11,06-Jan-11,06-Jan-11,ARV,Adult,Aurobindo Pharma Limited,"Tenofovir Disoproxil Fumarate 300mg, tablets, 30 Tabs",Tenofovir Disoproxil Fumarate,Generic,300mg,Tablet,30,"116,857",777099.05,6.65,0.22,"Aurobindo Unit III, India",TRUE,10907,"$7,905.94 ","1,675.43"
"66,992",102-GY-T30,FPQ-4871,SCMS-63880,ASN-6085,Guyana,PMO - US,Direct Drop,EXW,Air,01-11-10,02-04-10,04-Mar-10,04-Mar-10,04-Mar-10,HRDT,HIV test,"CHEMBIO DIAGNOSTIC SYSTEMS, INC.","HIV 1/2, Stat-Pak HIV, Kit, 20 Tests","HIV 1/2, Stat-Pak HIV, Kit",Stat-Pak,,Test kit,20,20,540.00,27,1.35,Chembio Diagnostics Sys. Inc.,TRUE,11,$386.16 ,1.16
"67,011",113-ZW-T30,FPQ-13939,SCMS-240570,ASN-27581,Zimbabwe,PMO - US,Direct Drop,EXW,Air Charter,04-01-14,5/27/2014,17-Sep-14,17-Sep-14,19-Sep-14,ARV,Adult,HETERO LABS LIMITED,"Lamivudine/Tenofovir Disoproxil Fumarate 300/300mg, tablets, 30 Tabs",Lamivudine/Tenofovir Disoproxil Fumarate,Generic,300/300mg,Tablet - FDC,30,"47,136",217768.32,4.62,0.15,Hetero Unit III Hyderabad IN,TRUE,5151,"$29,257.65 ",223.87
"12,530",100-PK-T01,Pre-PQ Process,SO-14930,DN-1004,Pakistan,PMO - US,From RDC,N/A - From RDC,Air,Pre-PQ Process,N/A - From RDC,17-Nov-08,17-Nov-08,17-Nov-08,HRDT,HIV test,SCMS from RDC,"HIV 1/2, Bioline 3.0 Kit, Lancets, Capillary pipets, Alcohol swabs included, 25 Tests","HIV 1/2, Bioline 3.0 Kit, Lancets, Capillary pipets, Alcohol swabs included",Bioline,,Test kit,25,16,320.00,20,0.8,"Standard Diagnostics, Korea",FALSE,See DN-1004 (ID#:11280),null,0.63
"67,023",105-GY-T30,FPQ-14659,SCMS-256490,ASN-29130,Guyana,PMO - US,Direct Drop,EXW,Air,7/29/2014,09-12-14,10-Dec-14,10-Dec-14,16-Dec-14,ARV,Adult,HETERO LABS LIMITED,"Emtricitabine/Tenofovir Disoproxil Fumarate 200/300mg, tablets, 30 Tabs",Emtricitabine/Tenofovir Disoproxil Fumarate,Generic,200/300mg,Tablet - FDC,30,"2,175",12158.25,5.59,0.19,Hetero Unit III Hyderabad IN,TRUE,252,"$2,531.62 ",12.5
"67,043",133-NG-T30,FPQ-12812,SCMS-210351,ASN-23949,Nigeria,PMO - US,Direct Drop,EXW,Air,8/13/2013,11-01-13,18-Feb-14,18-Feb-14,19-Mar-14,HRDT,HIV test,"Orgenics, Ltd","HIV 1/2, Determine Complete HIV Kit, 100 Tests","HIV 1/2, Determine Complete HIV Kit",Determine,,Test kit,100,"9,312",828768.00,89,0.89,"Alere Medical Co., Ltd.",TRUE,3787,"$57,017.68 ","1,025.19"
"67,057",107-RW-T30,FPQ-14090,SCMS-239700,ASN-28331,Rwanda,PMO - US,Direct Drop,EXW,Air,4/17/2014,06-09-14,17-Oct-14,17-Oct-14,17-Oct-14,HRDT,HIV test,"Orgenics, Ltd","HIV 1/2, Determine Complete HIV Kit, 100 Tests","HIV 1/2, Determine Complete HIV Kit",Determine,,Test kit,100,"1,891",151280.00,80,0.8,"Alere Medical Co., Ltd.",TRUE,766,"$14,125.63 ",155.52
"12,826",100-PK-T01,Pre-PQ Process,SO-14930,DN-1004,Pakistan,PMO - US,From RDC,N/A - From RDC,Air,Pre-PQ Process,N/A - From RDC,17-Nov-08,17-Nov-08,17-Nov-08,HRDT,HIV test - Ancillary,SCMS from RDC,"HIV, Lancet, Safety, for HIV Test kits, 100 Pcs","HIV, Lancet, Safety, for HIV Test kits, 100 Pcs",Generic,,Test kit - Ancillary,100,12,0.12,0.01,0,Inverness Japan,FALSE,See DN-1004 (ID#:11280),null,0
"67,077",108-VN-T30,FPQ-4843,SCMS-64410,ASN-6469,Vietnam,PMO - US,Direct Drop,CIP,Air,1/28/2010,02-02-10,08-Apr-10,08-Apr-10,08-Apr-10,ARV,Pediatric,BRISTOL-MYERS SQUIBB,"Didanosine 25mg [Videx], chewable tablets, 60 Tabs",Didanosine,Videx,25mg,Chewable/dispersible tablet,60,520,3640.00,7,0.12,"BMS Meymac, France",TRUE,104,"$2,658.09 ",7.85
"67,090",106-HT-T30,FPQ-12590,SCMS-210490,ASN-23840,Haiti,PMO - US,Direct Drop,EXW,Air,8/21/2013,10/24/2013,17-Feb-14,17-Feb-14,18-Feb-14,ARV,Adult,STRIDES ARCOLAB LIMITED,"Efavirenz 600mg, tablets, 30 Tabs",Efavirenz,Generic,600mg,Tablet,30,"28,080",89575.20,3.19,0.11,"Strides, Bangalore, India.",TRUE,1772,"$11,656.59 ",110.8
"11,571",112-NG-T01,Pre-PQ Process,SO-2729,DN-1008,Nigeria,PMO - US,From RDC,N/A - From RDC,Air,Pre-PQ Process,N/A - From RDC,17-Nov-08,17-Nov-08,17-Nov-08,ARV,Adult,SCMS from RDC,"Lamivudine 150mg, tablets, 60 Tabs",Lamivudine,Generic,150mg,Tablet,60,"1,077",3123.30,2.9,0.05,"Aurobindo Unit III, India",FALSE,See DN-1008 (ID#:11570),null,6.12
"11,572",112-NG-T01,Pre-PQ Process,SO-2729,DN-1008,Nigeria,PMO - US,From RDC,N/A - From RDC,Air,Pre-PQ Process,N/A - From RDC,17-Nov-08,17-Nov-08,17-Nov-08,ARV,Adult,SCMS from RDC,"Emtricitabine/Tenofovir Disoproxil Fumarate 200/300mg [Truvada], tablets, 30 Tabs",Emtricitabine/Tenofovir Disoproxil Fumarate,Truvada,300/200mg,Tablet - FDC,30,6,157.50,26.25,0.88,"Aspen-OSD, Port Elizabeth, SA",FALSE,See DN-1008 (ID#:11570),null,0.31
"67,142",104-CI-T30,FPQ-6663,SCMS-91840,ASN-9056,Côte d'Ivoire,PMO - US,Direct Drop,FCA,Air,11-04-10,11-11-10,14-Jan-11,14-Jan-11,14-Jan-11,ARV,Adult,ABBVIE LOGISTICS (FORMERLY ABBOTT LOGISTICS BV),"Lopinavir/Ritonavir 200/50mg [Aluvia], tablets, 120 Tabs",Lopinavir/Ritonavir,Aluvia,200/50mg,Tablet,120,"10,280",371724.80,36.16,0.3,ABBVIE Ludwigshafen Germany,TRUE,2573,"$13,562.35 ",613.35
"67,150",119-NA-T30,FPQ-4857,SCMS-62731,ASN-7211,Namibia,PMO - US,Direct Drop,EXW,Air,01-07-10,01-08-10,30-Jun-10,30-Jun-10,30-Jun-10,HRDT,HIV test,"Trinity Biotech, Plc","HIV 1/2, Uni-Gold HIV Kit, 20 Tests","HIV 1/2, Uni-Gold HIV Kit",Uni-Gold,,Test kit,20,500,16000.00,32,1.6,"Trinity Biotech, Plc",TRUE,170,"$1,691.15 ",34.5
"12,822",112-NG-T01,Pre-PQ Process,SO-2729,DN-1008,Nigeria,PMO - US,From RDC,N/A - From RDC,Air,Pre-PQ Process,N/A - From RDC,17-Nov-08,17-Nov-08,17-Nov-08,ARV,Adult,SCMS from RDC,"Ritonavir 100mg [Norvir], capsules, cool, 4 x 84 Caps",Ritonavir,Norvir,100mg,Capsule,336,2,76.72,38.36,0.11,ABBVIE (Abbott) France,FALSE,See DN-1008 (ID#:11570),null,0.15
"67,159",102-MW-T30,FPQ-9454,SCMS-141450,ASN-14884,Malawi,PMO - US,Direct Drop,EXW,Air,03-12-12,3/28/2012,23-May-12,23-May-12,23-May-12,HRDT,HIV test,"Orgenics, Ltd","HIV 1/2, Determine Complete HIV Kit, 100 Tests","HIV 1/2, Determine Complete HIV Kit",Determine,,Test kit,100,66,5280.00,80,0.8,"Alere Medical Co., Ltd.",TRUE,30,"$1,470.09 ",7.4
"67,191",114-UG-T30,FPQ-4320,SCMS-58130,ASN-6153,Uganda,PMO - US,Direct Drop,FCA,Air,11/16/2009,11/26/2009,10-Mar-10,10-Mar-10,10-Mar-10,ARV,Adult,ABBVIE LOGISTICS (FORMERLY ABBOTT LOGISTICS BV),"Ritonavir 100mg [Norvir], capsules, cool, 4 x 84 Caps",Ritonavir,Norvir,100mg,Capsule,336,44,1687.84,38.36,0.11,ABBVIE (Abbott) Logis. UK,TRUE,116,$985.78 ,3.31
"67,194",113-ZW-T30,FPQ-13939,SCMS-240570,ASN-27583,Zimbabwe,PMO - US,Direct Drop,EXW,Air Charter,04-01-14,5/27/2014,17-Sep-14,17-Sep-14,19-Sep-14,ARV,Adult,HETERO LABS LIMITED,"Lamivudine/Tenofovir Disoproxil Fumarate 300/300mg, tablets, 30 Tabs",Lamivudine/Tenofovir Disoproxil Fumarate,Generic,300/300mg,Tablet - FDC,30,"42,240",195148.80,4.62,0.15,Hetero Unit III Hyderabad IN,TRUE,4589,"$27,376.22 ",200.61
"67,195",105-GY-T30,FPQ-14048,SCMS-235750,ASN-26388,Guyana,PMO - US,Direct Drop,FCA,Air,04-09-14,4/28/2014,11-Aug-14,11-Aug-14,12-Aug-14,ARV,Pediatric,ABBVIE LOGISTICS (FORMERLY ABBOTT LOGISTICS BV),"Lopinavir/Ritonavir 80/20mg/ml [Kaletra], oral solution, cool, Bottle 5 x 60 ml",Lopinavir/Ritonavir,Kaletra,80/20mg/ml,Oral solution,300,17,1033.94,60.82,0.2,ABBVIE (Abbott) Logis. UK,TRUE,50,$828.23 ,1.06
"67,199",161-ZA-T30,FPQ-6262,SCMS-83830,ASN-8903,South Africa,PMO - US,Direct Drop,DDP,Ocean,8/31/2010,9/24/2010,06-Jan-11,06-Jan-11,06-Jan-11,ARV,Pediatric,Aurobindo Pharma Limited,"Nevirapine 10mg/ml, oral suspension w/syringe, Bottle, 240 ml",Nevirapine,Generic,10mg/ml,Oral suspension,240,"35,000",74200.00,2.12,0.01,"Aurobindo Unit III, India",TRUE,12974,"$11,138.89 ",159.98
"11,905",113-ZW-T01,Pre-PQ Process,SO-13991,DN-1015,Zimbabwe,PMO - US,From RDC,N/A - From RDC,Truck,Pre-PQ Process,N/A - From RDC,19-Nov-08,19-Nov-08,19-Nov-08,ARV,Adult,SCMS from RDC,"Lamivudine/Nevirapine/Stavudine 150/200/30mg, tablets, 60 Tabs",Lamivudine/Nevirapine/Stavudine,Generic,150/200/30mg,Tablet - FDC,60,"76,000",562400.00,7.4,0.12,"Cipla, Goa, India",FALSE,See DN-1015 (ID#:11561),null,"1,102.30"
"12,212",113-ZW-T01,Pre-PQ Process,SO-13991,DN-1015,Zimbabwe,PMO - US,From RDC,N/A - From RDC,Truck,Pre-PQ Process,N/A - From RDC,19-Nov-08,19-Nov-08,19-Nov-08,ARV,Adult,SCMS from RDC,"Efavirenz 600mg, tablets, 30 Tabs",Efavirenz,Generic,600mg,Tablet,30,"4,000",48040.00,12.01,0.4,"Aurobindo Unit III, India",FALSE,See DN-1015 (ID#:11561),null,94.16
"70,259",901-CM-T30,FPQ-12528,SCMS-196530,ASN-20912,Cameroon,PMO - US,Direct Drop,EXW,Air,6/21/2013,07-01-13,28-Aug-13,28-Aug-13,28-Aug-13,ARV,Adult,HETERO LABS LIMITED,"Efavirenz 600mg, tablets, 30 Tabs",Efavirenz,Generic,600mg,Tablet,30,"19,195",62191.80,3.24,0.11,"Hetero, Jadcherla, unit 5, IN",TRUE,1632,"$15,773.20 ",76.93
"67,244",107-RW-T30,FPQ-12518,SCMS-198222,ASN-24717,Rwanda,PMO - US,Direct Drop,EXW,Air,6/21/2013,08-12-13,27-Mar-14,27-Mar-14,27-Mar-14,HRDT,HIV test,"SHANGHAI KEHUA BIOENGINEERING CO.,LTD.  (KHB)","HIV 1/2, SKB Colloidal Gold, Diagnostic Kit, Antibody, 50 Tests","HIV 1/2, Colloidal Gold, Diagnostic Kit, Antibody",Colloidal Gold,,Test kit,1,"2,988",73206.00,24.5,24.5,"KHB Test Kit Facility, Shanghai China",TRUE,1992,"$26,266.34 ",90.56
"12,524",105-GY-T01,Pre-PQ Process,SO-18470,DN-1017,Guyana,PMO - US,From RDC,N/A - From RDC,Air,Pre-PQ Process,N/A - From RDC,21-Nov-08,21-Nov-08,21-Nov-08,ARV,Adult,SCMS from RDC,"Lamivudine 150mg, tablets, 60 Tabs",Lamivudine,Generic,150mg,Tablet,60,420,1218.00,2.9,0.05,"Aurobindo Unit III, India",FALSE,See DN-1017 (ID#:11564),null,2.39
"67,263",109-TZ-T30,FPQ-7909,SCMS-114990,ASN-12162,Tanzania,PMO - US,Direct Drop,EXW,Air,6/24/2011,7/18/2011,29-Sep-11,05-Oct-11,05-Oct-11,HRDT,HIV test,"Standard Diagnostics, Inc.","HIV 1/2, Bioline 3.0 Kit, Lancets, Capillary pipets, Alcohol swabs included, 25 Tests","HIV 1/2, Bioline 3.0 Kit, Lancets, Capillary pipets, Alcohol swabs included",Bioline,,Test kit,25,"10,000",200000.00,20,0.8,"Standard Diagnostics, Korea",TRUE,3334,"$22,523.12 ",330
"12,521",111-MZ-T01,Pre-PQ Process,SO-15084,DN-1024,Mozambique,PMO - US,From RDC,N/A - From RDC,Air,Pre-PQ Process,N/A - From RDC,09-Feb-09,09-Feb-09,09-Feb-09,ARV,Pediatric,SCMS from RDC,"Efavirenz 200mg, capsule, 90 Caps",Efavirenz,Generic,200mg,Capsule,90,560,8545.60,15.26,0.17,"Aurobindo Unit III, India",FALSE,See DN-1024 (ID#:10984),null,16.75
"67,308",107-RW-T30,FPQ-15695,SCMS-276400,ASN-31756,Rwanda,PMO - US,Direct Drop,FCA,Air,1/15/2015,2/23/2015,11-May-15,11-May-15,11-May-15,ARV,Pediatric,ABBVIE LOGISTICS (FORMERLY ABBOTT LOGISTICS BV),"Lopinavir/Ritonavir 100/25mg [Aluvia], tablets, 60 Tabs",Lopinavir/Ritonavir,Generic,100/25mg,Tablet,60,642,3813.48,5.94,0.1,ABBVIE Ludwigshafen Germany,TRUE,83,$929.85 ,4.49
"67,321",104-CI-T30,FPQ-5518,SCMS-61091,ASN-6764,Côte d'Ivoire,PMO - US,Direct Drop,EXW,Air,4/15/2010,4/15/2010,26-May-10,26-May-10,26-May-10,ARV,Pediatric,Aurobindo Pharma Limited,"Didanosine 200mg, chewable/dispersible tablets, 60 Tabs",Didanosine,Generic,200mg,Chewable/dispersible tablet,60,712,10680.00,15,0.25,"Aurobindo Unit III, India",TRUE,147,"$1,836.81 ",23.03
"67,372",144-BW-T30,FPQ-4167,SCMS-54120,ASN-8574,Botswana,PMO - US,Direct Drop,EXW,Air,09-09-09,9/30/2009,22-Nov-10,22-Nov-10,22-Nov-10,HRDT,HIV test,"Trinity Biotech, Plc","HIV 1/2, Uni-Gold HIV Kit, 20 Tests","HIV 1/2, Uni-Gold HIV Kit",Uni-Gold,,Test kit,20,5,160.00,32,1.6,"Trinity Biotech, Plc",TRUE,2,$634.36 ,0.31
"11,597",111-MZ-T01,Pre-PQ Process,SO-15080,DN-1034,Mozambique,PMO - US,From RDC,N/A - From RDC,Air,Pre-PQ Process,N/A - From RDC,21-Feb-09,21-Feb-09,21-Feb-09,ARV,Adult,SCMS from RDC,"Nevirapine 200mg, tablets, 60 Tabs",Nevirapine,Generic,200mg,Tablet,60,"7,306",23379.20,3.2,0.05,Hetero Unit III Hyderabad IN,FALSE,See DN-1034 (ID#:10732),null,45.82
"11,926",111-MZ-T01,Pre-PQ Process,SO-15080,DN-1034,Mozambique,PMO - US,From RDC,N/A - From RDC,Air,Pre-PQ Process,N/A - From RDC,21-Feb-09,21-Feb-09,21-Feb-09,ARV,Adult,SCMS from RDC,"Efavirenz 600mg, tablets, 30 Tabs",Efavirenz,Generic,600mg,Tablet,30,"24,350",267850.00,11,0.37,"Aurobindo Unit III, India",FALSE,See DN-1034 (ID#:10732),null,524.99
"12,230",111-MZ-T01,Pre-PQ Process,SO-15080,DN-1034,Mozambique,PMO - US,From RDC,N/A - From RDC,Air,Pre-PQ Process,N/A - From RDC,21-Feb-09,21-Feb-09,21-Feb-09,ARV,Adult,SCMS from RDC,"Lamivudine/Stavudine 150/30mg, tablets, 60 Tabs",Lamivudine/Stavudine,Generic,150/30mg,Tablet - FDC,60,"27,150",105885.00,3.9,0.06,Mylan (formerly Matrix) Nashik,FALSE,See DN-1034 (ID#:10732),null,207.53
"67,476",161-ZA-T30,FPQ-5303,SCMS-69010,ASN-7317,South Africa,PMO - US,Direct Drop,DDP,Air,3/18/2010,3/19/2010,24-Jun-10,24-Jun-10,24-Jun-10,ARV,Adult,Aurobindo Pharma Limited,"Zidovudine 300mg, tablets, 60 Tabs",Zidovudine,Generic,300mg,Tablet,60,"23,800",176834.00,7.43,0.12,"Aurobindo Unit III, India",TRUE,1273,"$3,296.58 ",381.25
"67,501",117-ET-T30,FPQ-7065,SCMS-98701,ASN-11156,Ethiopia,PMO - US,Direct Drop,EXW,Air,1/26/2011,2/15/2011,28-Jun-11,28-Jun-11,28-Jun-11,ARV,Adult,Aurobindo Pharma Limited,"Lopinavir/Ritonavir 200/50mg, tablets, 120 Tabs",Lopinavir/Ritonavir,Generic,200/50mg,Tablet,120,"14,498",487132.80,33.6,0.28,"Aurobindo Unit III, India",TRUE,3685,"$16,359.20 ",803.77
"67,509",109-TZ-T30,FPQ-12286,SCMS-193850,ASN-20160,Tanzania,PMO - US,Direct Drop,EXW,Air,5/16/2013,06-11-13,24-Aug-13,24-Aug-13,24-Aug-13,ARV,Adult,Aurobindo Pharma Limited,"Lamivudine/Nevirapine/Zidovudine 150/200/300mg, tablets, 60 Tabs",Lamivudine/Nevirapine/Zidovudine,Generic,150/300/200mg,Tablet - FDC,60,"32,002",260816.30,8.15,0.14,"Aurobindo Unit III, India",TRUE,4059,"$17,997.84 ",322.63
"12,231",111-MZ-T01,Pre-PQ Process,SO-15080,DN-1034,Mozambique,PMO - US,From RDC,N/A - From RDC,Air,Pre-PQ Process,N/A - From RDC,21-Feb-09,21-Feb-09,21-Feb-09,ARV,Adult,SCMS from RDC,"Nevirapine 200mg, tablets, 60 Tabs",Nevirapine,Generic,200mg,Tablet,60,6,19.20,3.2,0.05,Hetero Unit III Hyderabad IN,FALSE,See DN-1034 (ID#:10732),null,0.04
"12,836",111-MZ-T01,Pre-PQ Process,SO-15080,DN-1034,Mozambique,PMO - US,From RDC,N/A - From RDC,Air,Pre-PQ Process,N/A - From RDC,21-Feb-09,21-Feb-09,21-Feb-09,ARV,Adult,SCMS from RDC,"Indinavir 400mg [Crixivan], capsules, 180 Caps",Indinavir,Crixivan,400mg,Capsule,180,252,12600.00,50,0.28,"MSD, Haarlem, NL",FALSE,See DN-1034 (ID#:10732),null,24.7
"12,232",113-ZW-T01,Pre-PQ Process,SO-14000,DN-1044,Zimbabwe,PMO - US,From RDC,N/A - From RDC,Truck,Pre-PQ Process,N/A - From RDC,16-Feb-09,16-Feb-09,16-Feb-09,ARV,Adult,SCMS from RDC,"Lamivudine/Stavudine 150/30mg, tablets, 30 Tabs",Lamivudine/Stavudine,Generic,150/30mg,Tablet - FDC,30,"8,000",16000.00,2,0.07,"Cipla, Goa, India",FALSE,See DN-1044 (ID#:10996),null,31.36
"67,562",109-TZ-T30,FPQ-10394,SCMS-156520,ASN-16036,Tanzania,PMO - US,Direct Drop,EXW,Air,7/26/2012,08-09-12,27-Sep-12,27-Sep-12,27-Sep-12,ARV,Adult,Aurobindo Pharma Limited,"Lamivudine/Zidovudine 150/300mg, tablets, 60 Tabs",Lamivudine/Zidovudine,Generic,150/300mg,Tablet - FDC,60,"37,589",268761.35,7.15,0.12,"Aurobindo Unit III, India",TRUE,3267,"$13,180.76 ",376.8
"12,837",113-ZW-T01,Pre-PQ Process,SO-14000,DN-1044,Zimbabwe,PMO - US,From RDC,N/A - From RDC,Truck,Pre-PQ Process,N/A - From RDC,16-Feb-09,16-Feb-09,16-Feb-09,ARV,Adult,SCMS from RDC,"Efavirenz 600mg, tablets, 30 Tabs",Efavirenz,Generic,600mg,Tablet,30,"4,000",48040.00,12.01,0.4,"Aurobindo Unit III, India",FALSE,See DN-1044 (ID#:10996),null,94.16
"67,600",110-ZM-T30,FPQ-5987,SCMS-77910,ASN-8037,Zambia,PMO - US,Direct Drop,CIP,Air,6/29/2010,11/17/2009,15-Sep-10,15-Sep-10,15-Sep-10,ARV,Adult,ABBVIE LOGISTICS (FORMERLY ABBOTT LOGISTICS BV),"Lopinavir/Ritonavir 200/50mg [Aluvia], tablets, 120 Tabs",Lopinavir/Ritonavir,Aluvia,200/50mg,Tablet,120,"22,000",816200.00,37.1,0.31,ABBVIE Ludwigshafen Germany,TRUE,4959,"$2,173.40 ","1,759.73"
"12,817",104-CI-T01,Pre-PQ Process,SO-16210,DN-1047,Côte d'Ivoire,PMO - US,From RDC,N/A - From RDC,Air,Pre-PQ Process,N/A - From RDC,19-Jan-09,19-Jan-09,19-Jan-09,ARV,Adult,SCMS from RDC,"Nevirapine 200mg, tablets, 60 Tabs",Nevirapine,Generic,200mg,Tablet,60,"4,100",13120.00,3.2,0.05,"Aurobindo Unit III, India",FALSE,See DN-1047 (ID#:12215),null,25.72
"11,292",117-ET-T01,Pre-PQ Process,SO-22020,DN-1052,Ethiopia,PMO - US,From RDC,N/A - From RDC,Air,Pre-PQ Process,N/A - From RDC,03-Mar-09,03-Mar-09,03-Mar-09,ARV,Adult,SCMS from RDC,"Lamivudine/Stavudine 150/30mg, tablets, 60 Tabs",Lamivudine/Stavudine,Generic,150/30mg,Tablet - FDC,60,"1,044",3967.20,3.8,0.06,Mylan (formerly Matrix) Nashik,FALSE,See DN-1052 (ID#:10737),null,7.78
"11,603",117-ET-T01,Pre-PQ Process,SO-22020,DN-1052,Ethiopia,PMO - US,From RDC,N/A - From RDC,Air,Pre-PQ Process,N/A - From RDC,03-Mar-09,03-Mar-09,03-Mar-09,ARV,Adult,SCMS from RDC,"Efavirenz 600mg, tablets, 30 Tabs",Efavirenz,Generic,600mg,Tablet,30,"11,549",122650.38,10.62,0.35,"Aurobindo Unit III, India",FALSE,See DN-1052 (ID#:10737),null,240.39
"67,661",105-GY-T30,FPQ-12626,SCMS-201380,ASN-22952,Guyana,PMO - US,Direct Drop,EXW,Air,7/16/2013,08-02-13,04-Dec-13,04-Dec-13,20-Dec-13,ARV,Pediatric,Aurobindo Pharma Limited,"Zidovudine 100mg, capsules, 100 Caps",Zidovudine,Generic,100mg,Capsule,100,114,513.00,4.5,0.04,"Aurobindo Unit III, India",TRUE,5,$672.49 ,0.63
"11,608",117-ET-T01,Pre-PQ Process,SO-22020,DN-1052,Ethiopia,PMO - US,From RDC,N/A - From RDC,Air,Pre-PQ Process,N/A - From RDC,03-Mar-09,03-Mar-09,03-Mar-09,ARV,Adult,SCMS from RDC,"Tenofovir Disoproxil Fumarate 300mg, tablets, 30 Tabs",Tenofovir Disoproxil Fumarate,Generic,300mg,Tablet,30,"7,000",92960.00,13.28,0.44,Mylan (formerly Matrix) Nashik,FALSE,See DN-1052 (ID#:10737),null,182.2
"67,703",104-CI-T30,FPQ-13155,SCMS-216970,ASN-25670,Côte d'Ivoire,PMO - US,Direct Drop,FCA,Air,10/22/2013,12-04-13,25-Apr-14,25-Apr-14,25-Apr-14,ARV,Adult,ABBVIE LOGISTICS (FORMERLY ABBOTT LOGISTICS BV),"Ritonavir 100mg [Norvir], film coated tablets, 60 Tabs",Ritonavir,Norvir,100mg,Tablet,60,"3,000",20550.00,6.85,0.11,ABBVIE Ludwigshafen Germany,TRUE,385,"$3,765.28 ",21.13
"11,609",117-ET-T01,Pre-PQ Process,SO-22020,DN-1052,Ethiopia,PMO - US,From RDC,N/A - From RDC,Air,Pre-PQ Process,N/A - From RDC,03-Mar-09,03-Mar-09,03-Mar-09,ARV,Adult,SCMS from RDC,"Lamivudine/Stavudine 150/30mg, tablets, 30 Tabs",Lamivudine/Stavudine,Generic,150/30mg,Tablet - FDC,30,"14,814",29628.00,2,0.07,"Cipla, Goa, India",FALSE,See DN-1052 (ID#:10737),null,58.07
"11,300",123-NG-T01,Pre-PQ Process,SO-19060,DN-1058,Nigeria,PMO - US,From RDC,N/A - From RDC,Air,Pre-PQ Process,N/A - From RDC,19-Jan-09,19-Jan-09,19-Jan-09,ARV,Adult,SCMS from RDC,"Lamivudine/Zidovudine 150/300mg, tablets, 60 Tabs",Lamivudine/Zidovudine,Generic,150/300mg,Tablet - FDC,60,"45,000",420750.00,9.35,0.16,"Aurobindo Unit III, India",FALSE,See DN-1058 (ID#:11015),null,824.67
"67,739",104-CI-T30,FPQ-14068,SCMS-237930,ASN-26334,Côte d'Ivoire,PMO - US,Direct Drop,EXW,Air,4/22/2014,05-07-14,11-Jun-14,11-Jun-14,12-Jun-14,ARV,Adult,Aurobindo Pharma Limited,"Didanosine 250mg, delayed-release capsules, 30 Caps",Didanosine,Generic,250mg,Delayed-release capsules,30,"1,984",15038.72,7.58,0.25,"Aurobindo Unit III, India",TRUE,46,"$1,899.89 ",15.46
"67,753",109-TZ-T30,FPQ-7680,SCMS-111660,ASN-11623,Tanzania,PMO - US,Direct Drop,EXW,Air,06-06-11,6/22/2011,29-Sep-11,29-Sep-11,29-Sep-11,ARV,Pediatric,EMCURE PHARMACEUTICALS LTD,"Atazanavir 150mg, capsules, 60 Caps",Atazanavir,Generic,150mg,Capsule,60,"1,028",22616.00,22,0.37,"Emcure Plot No.P-2, I.T-B.T. Park, Phase II, MIDC, Hinjwadi, Pune, India",TRUE,107,"$1,794.89 ",37.32
"11,615",112-NG-T01,Pre-PQ Process,SO-20950,DN-1059,Nigeria,PMO - US,From RDC,N/A - From RDC,Air,Pre-PQ Process,N/A - From RDC,19-Jan-09,19-Jan-09,19-Jan-09,ARV,Adult,SCMS from RDC,"Nevirapine 200mg, tablets, 60 Tabs",Nevirapine,Generic,200mg,Tablet,60,"1,923",79035.30,41.1,0.68,"Aurobindo Unit III, India",FALSE,See DN-1059 (ID#:11016),null,154.91
"11,944",117-ET-T01,Pre-PQ Process,SO-22000,DN-1060,Ethiopia,PMO - US,From RDC,N/A - From RDC,Air,Pre-PQ Process,N/A - From RDC,18-Feb-09,18-Feb-09,18-Feb-09,ARV,Adult,SCMS from RDC,"Lamivudine/Nevirapine/Stavudine 150/200/30mg, tablets, 60 Tabs",Lamivudine/Nevirapine/Stavudine,Generic,150/200/30mg,Tablet - FDC,60,"2,855",20327.60,7.12,0.12,"Cipla, Goa, India",FALSE,See DN-1060 (ID#:11618),null,39.84
"67,776",108-VN-T30,FPQ-4662,SCMS-58610,ASN-5841,Vietnam,PMO - US,Direct Drop,EXW,Air,12-02-09,12-08-09,25-Jan-10,25-Jan-10,25-Jan-10,ARV,Adult,STRIDES ARCOLAB LIMITED,"Stavudine 30mg, capsules, 60 Caps",Stavudine,Generic,30mg,Capsule,60,672,940.80,1.4,0.02,"Strides, Bangalore, India.",TRUE,32,"$1,701.10 ",2.03
"67,806",107-RW-T30,FPQ-8742,SCMS-137410,ASN-15442,Rwanda,PMO - US,Direct Drop,EXW,Air,12-07-11,5/18/2012,20-Jul-12,20-Jul-12,20-Jul-12,ARV,Adult,HETERO LABS LIMITED,"Efavirenz 600mg, tablets, 30 Tabs",Efavirenz,Generic,600mg,Tablet,30,"3,007",10734.99,3.57,0.12,Hetero Unit III Hyderabad IN,TRUE,262,"$3,840.85 ",15.05
"67,854",108-VN-T30,FPQ-15692,SCMS-274360,ASN-32779,Vietnam,PMO - US,Direct Drop,EXW,Air,1/28/2015,2/17/2015,30-Jul-15,30-Jul-15,30-Jul-15,ARV,Adult,MYLAN LABORATORIES LTD (FORMERLY MATRIX LABORATORIES),"Lamivudine/Zidovudine 150/300mg, tablets, 60 Tabs",Lamivudine/Zidovudine,Generic,150/300mg,Tablet - FDC,60,"20,000",129800.00,6.49,0.11,Mylan (formerly Matrix) Nashik,TRUE,1748,"$3,868.49 ",152.77
"67,864",900-TZ-T30,FPQ-10396,SCMS-157661,ASN-17084,Tanzania,PMO - US,Direct Drop,EXW,Air,7/31/2012,10-04-12,07-Dec-12,07-Dec-12,07-Dec-12,HRDT,HIV test,"Orgenics, Ltd","HIV 1/2, Determine Complete HIV Kit, 100 Tests","HIV 1/2, Determine Complete HIV Kit",Determine,,Test kit,100,"2,744",219520.00,80,0.8,"Alere Medical Co., Ltd.",TRUE,1303,"$22,617.38 ",307.77
"67,868",104-CI-T30,FPQ-4381,SCMS-57601,ASN-10179,Côte d'Ivoire,PMO - US,Direct Drop,FCA,Air,11-05-09,11/23/2009,29-Apr-11,29-Apr-11,29-Apr-11,ARV,Adult,ABBVIE LOGISTICS (FORMERLY ABBOTT LOGISTICS BV),"Ritonavir 100mg [Norvir], film coated tablets, 60 Tabs",Ritonavir,Norvir,100mg,Tablet,60,"3,450",23632.50,6.85,0.11,ABBVIE Ludwigshafen Germany,TRUE,440,"$4,588.02 ",46.32
"12,255",117-ET-T01,Pre-PQ Process,SO-22000,DN-1060,Ethiopia,PMO - US,From RDC,N/A - From RDC,Air,Pre-PQ Process,N/A - From RDC,18-Feb-09,18-Feb-09,18-Feb-09,ARV,Adult,SCMS from RDC,"Lamivudine/Stavudine 150/30mg, tablets, 60 Tabs",Lamivudine/Stavudine,Generic,150/30mg,Tablet - FDC,60,"27,000",102600.00,3.8,0.06,Mylan (formerly Matrix) Nashik,FALSE,See DN-1060 (ID#:11618),null,201.1
"12,553",117-ET-T01,Pre-PQ Process,SO-22000,DN-1060,Ethiopia,PMO - US,From RDC,N/A - From RDC,Air,Pre-PQ Process,N/A - From RDC,18-Feb-09,18-Feb-09,18-Feb-09,ARV,Adult,SCMS from RDC,"Tenofovir Disoproxil Fumarate 300mg, tablets, 30 Tabs",Tenofovir Disoproxil Fumarate,Generic,300mg,Tablet,30,"3,100",41168.00,13.28,0.44,Mylan (formerly Matrix) Nashik,FALSE,See DN-1060 (ID#:11618),null,80.69
"67,980",133-NG-T30,FPQ-10765,SCMS-162440,ASN-17525,Nigeria,PMO - US,Direct Drop,EXW,Air,10-05-12,10/16/2012,09-Jan-13,08-Jan-13,08-Jan-13,HRDT,HIV test,"Orgenics, Ltd","HIV 1/2, Determine Complete HIV Kit, 100 Tests","HIV 1/2, Determine Complete HIV Kit",Determine,,Test kit,100,"2,744",244216.00,89,0.89,"Alere Medical Co., Ltd.",TRUE,1186,"$24,927.19 ",342.39
"68,007",100-ZW-T30,FPQ-5018,SCMS-65350,ASN-6752,Zimbabwe,PMO - US,Direct Drop,EXW,Air,02-02-10,2/17/2010,20-May-10,20-May-10,20-May-10,HRDT,HIV test,"Orgenics, Ltd","HIV 1/2, Determine Complete HIV Kit, 100 Tests","HIV 1/2, Determine Complete HIV Kit",Determine,,Test kit,100,"2,100",151200.00,72,0.72,Inverness Japan,TRUE,1016,"$18,862.39 ",325.99
"12,858",117-ET-T01,Pre-PQ Process,SO-22000,DN-1060,Ethiopia,PMO - US,From RDC,N/A - From RDC,Air,Pre-PQ Process,N/A - From RDC,18-Feb-09,18-Feb-09,18-Feb-09,ARV,Adult,SCMS from RDC,"Efavirenz 600mg, tablets, 30 Tabs",Efavirenz,Generic,600mg,Tablet,30,"27,590",293005.80,10.62,0.35,Mylan (formerly Matrix) Nashik,FALSE,See DN-1060 (ID#:11618),null,574.29
"68,096",108-VN-T30,FPQ-4266,SCMS-56290,ASN-6251,Vietnam,PMO - US,Direct Drop,EXW,Air,10/20/2009,11-02-09,22-Mar-10,22-Mar-10,22-Mar-10,ARV,Adult,MYLAN LABORATORIES LTD (FORMERLY MATRIX LABORATORIES),"Zidovudine 300mg, tablets, 60 Tabs",Zidovudine,Generic,300mg,Tablet,60,840,6300.00,7.5,0.12,Mylan (formerly Matrix) Nashik,TRUE,57,"$8,747.56 ",12.35
"12,554",117-ET-T01,Pre-PQ Process,SO-22010,DN-1061,Ethiopia,PMO - US,From RDC,N/A - From RDC,Air,Pre-PQ Process,N/A - From RDC,29-Jan-09,29-Jan-09,29-Jan-09,ARV,Adult,SCMS from RDC,"Lamivudine/Nevirapine/Stavudine 150/200/30mg, tablets, 60 Tabs",Lamivudine/Nevirapine/Stavudine,Generic,150/200/30mg,Tablet - FDC,60,"17,103",121773.36,7.12,0.12,"Cipla, Goa, India",FALSE,See DN-1061 (ID#:11019),null,238.68
"12,859",117-ET-T01,Pre-PQ Process,SO-22010,DN-1061,Ethiopia,PMO - US,From RDC,N/A - From RDC,Air,Pre-PQ Process,N/A - From RDC,29-Jan-09,29-Jan-09,29-Jan-09,ARV,Adult,SCMS from RDC,"Efavirenz 600mg, tablets, 30 Tabs",Efavirenz,Generic,600mg,Tablet,30,"11,549",122650.38,10.62,0.35,"Aurobindo Unit III, India",FALSE,See DN-1061 (ID#:11019),null,240.39
"12,860",117-ET-T01,Pre-PQ Process,SO-22030,DN-1062,Ethiopia,PMO - US,From RDC,N/A - From RDC,Air,Pre-PQ Process,N/A - From RDC,04-Mar-09,04-Mar-09,04-Mar-09,ARV,Adult,SCMS from RDC,"Efavirenz 600mg, tablets, 30 Tabs",Efavirenz,Generic,600mg,Tablet,30,"35,299",374875.38,10.62,0.35,"Aurobindo Unit III, India",FALSE,See DN-1062 (ID#:12256),null,734.76
"68,126",109-TZ-T30,FPQ-9211,SCMS-135870,ASN-13851,Tanzania,PMO - US,Direct Drop,EXW,Air,1/25/2012,1/27/2012,07-Mar-12,08-Mar-12,08-Mar-12,HRDT,HIV test,"Orgenics, Ltd","HIV 1/2, Determine Complete HIV Kit, 100 Tests","HIV 1/2, Determine Complete HIV Kit",Determine,,Test kit,100,"1,044",83520.00,80,0.8,"Alere Medical Co., Ltd.",TRUE,499,"$9,894.85 ",117.1
"12,220",114-UG-T01,Pre-PQ Process,SO-17750,DN-1083,Uganda,PMO - US,From RDC,N/A - From RDC,Air,Pre-PQ Process,N/A - From RDC,03-Mar-09,03-Mar-09,03-Mar-09,ARV,Adult,SCMS from RDC,"Lamivudine/Nevirapine/Zidovudine 150/200/300mg, tablets, 60 Tabs",Lamivudine/Nevirapine/Zidovudine,Generic,150/300/200mg,Tablet - FDC,60,312,3681.60,11.8,0.2,"Aurobindo Unit III, India",FALSE,See DN-1083 (ID#:12219),null,7.22
"68,138",109-TZ-T30,FPQ-6936,SCMS-100630,ASN-10756,Tanzania,PMO - US,Direct Drop,EXW,Air,12/27/2010,03-09-11,09-Jun-11,09-Jun-11,09-Jun-11,HRDT,HIV test,"Standard Diagnostics, Inc.","HIV 1/2, Bioline 3.0 Kit, Lancets, Capillary pipets, Alcohol swabs included, 25 Tests","HIV 1/2, Bioline 3.0 Kit, Lancets, Capillary pipets, Alcohol swabs included",Bioline,,Test kit,25,"10,000",200000.00,20,0.8,"Standard Diagnostics, Korea",TRUE,3335,"$24,382.98 ",330
"68,186",109-TZ-T30,FPQ-12588,SCMS-200850,ASN-22193,Tanzania,PMO - US,Direct Drop,EXW,Air,7/15/2013,08-02-13,13-Nov-13,13-Nov-13,14-Nov-13,ARV,Pediatric,Aurobindo Pharma Limited,"Efavirenz 50mg, capsule, 30 Caps",Efavirenz,Generic,50mg,Capsule,30,"3,550",5538.00,1.56,0.05,"Aurobindo Unit III, India",TRUE,255,"$2,454.46 ",6.85
"11,607",114-UG-T01,Pre-PQ Process,SO-17753,DN-1084,Uganda,PMO - US,From RDC,N/A - From RDC,Air,Pre-PQ Process,N/A - From RDC,05-Mar-09,05-Mar-09,05-Mar-09,ARV,Adult,SCMS from RDC,"Nevirapine 200mg, tablets, 60 Tabs",Nevirapine,Generic,200mg,Tablet,60,"1,524",4876.80,3.2,0.05,"Aurobindo Unit III, India",FALSE,See DN-1084 (ID#:11295),null,9.56
"68,219",104-CI-T30,FPQ-14372,SCMS-246570,ASN-31173,Côte d'Ivoire,PMO - US,Direct Drop,FCA,Air,06-03-14,7/31/2014,09-Apr-15,09-Apr-15,10-Apr-15,ARV,Pediatric,ABBVIE LOGISTICS (FORMERLY ABBOTT LOGISTICS BV),"Lopinavir/Ritonavir 80/20mg/ml [Kaletra], oral solution, cool, Bottle 5 x 60 ml",Lopinavir/Ritonavir,Kaletra,80/20mg/ml,Oral solution,300,745,22960.90,30.82,0.1,ABBVIE (Abbott) Logis. UK,TRUE,844,"$9,768.22 ",23.6
"68,230",108-VN-T30,FPQ-4720,SCMS-62380,ASN-6188,Vietnam,PMO - US,Direct Drop,FCA,Air,01-04-09,01-11-10,15-Mar-10,15-Mar-10,15-Mar-10,ARV,Adult,ABBVIE LOGISTICS (FORMERLY ABBOTT LOGISTICS BV),"Lopinavir/Ritonavir 200/50mg [Aluvia], tablets, 120 Tabs",Lopinavir/Ritonavir,Aluvia,200/50mg,Tablet,120,"1,820",149604.00,82.2,0.68,ABBVIE Ludwigshafen Germany,TRUE,445,"$4,755.76 ",322.55
"12,843",104-CI-T01,Pre-PQ Process,SO-21841,DN-1098,Côte d'Ivoire,PMO - US,From RDC,N/A - From RDC,Air,Pre-PQ Process,N/A - From RDC,27-Feb-09,27-Feb-09,27-Feb-09,ARV,Pediatric,SCMS from RDC,"Zidovudine 10mg/ml, oral solution, Bottle, 240 ml",Zidovudine,Generic,10mg/ml,Oral solution,240,"2,800",5880.00,2.1,0.01,"Aurobindo Unit III, India",FALSE,See DN-1098 (ID#:12242),null,11.52
"68,241",107-RW-T30,FPQ-8932,SCMS-129870,ASN-13372,Rwanda,PMO - US,Direct Drop,EXW,Air,12-06-11,12/13/2011,24-Jan-12,25-Jan-12,25-Jan-12,ARV,Adult,Aurobindo Pharma Limited,"Lamivudine/Tenofovir Disoproxil Fumarate 300/300mg, tablets, 30 Tabs",Lamivudine/Tenofovir Disoproxil Fumarate,Generic,300/300mg,Tablet - FDC,30,"48,640",260224.00,5.35,0.18,"Aurobindo Unit VII, IN",TRUE,4746,"$98,521.56 ",364.83
"68,268",117-ET-T30,FPQ-9247,SCMS-135780,ASN-13723,Ethiopia,PMO - US,Direct Drop,FCA,Air,1/26/2012,1/30/2012,20-Feb-12,20-Feb-12,20-Feb-12,ARV,Pediatric,ABBVIE LOGISTICS (FORMERLY ABBOTT LOGISTICS BV),"Lopinavir/Ritonavir 80/20mg/ml [Kaletra], oral solution, cool, Bottle 5 x 60 ml",Lopinavir/Ritonavir,Kaletra,80/20mg/ml,Oral solution,300,699,21543.18,30.82,0.1,ABBVIE (Abbott) Logis. UK,TRUE,728,"$6,941.12 ",30.2
"11,006",106-HT-T01,Pre-PQ Process,SO-23750,DN-1100,Haiti,PMO - US,From RDC,N/A - From RDC,Air,Pre-PQ Process,N/A - From RDC,03-Mar-09,03-Mar-09,03-Mar-09,ARV,Adult,SCMS from RDC,"Indinavir 400mg [Crixivan], capsules, 180 Caps",Indinavir,Crixivan,400mg,Capsule,180,56,2800.00,50,0.28,"MSD, Haarlem, NL",FALSE,See DN-1100 (ID#:11005),null,5.49
"68,341",161-ZA-T30,FPQ-6262,SCMS-84200,ASN-9514,South Africa,PMO - US,Direct Drop,DDP,Ocean,8/31/2010,9/21/2010,23-Feb-11,23-Feb-11,23-Feb-11,ARV,Adult,CIPLA LIMITED,"Tenofovir Disoproxil Fumarate 300mg, tablets, 30 Tabs",Tenofovir Disoproxil Fumarate,Generic,300mg,Tablet,30,"105,278",740104.34,7.03,0.23,"Cipla, Goa, India",TRUE,7225,"$6,038.21 ","1,595.66"
"68,361",108-VN-T30,FPQ-10286,SCMS-156270,ASN-17262,Vietnam,PMO - US,Direct Drop,EXW,Air,7/25/2012,8/14/2012,19-Dec-12,19-Dec-12,19-Dec-12,ARV,Pediatric,MYLAN LABORATORIES LTD (FORMERLY MATRIX LABORATORIES),"Lamivudine/Nevirapine/Zidovudine 30/50/60mg, dispersible tablets, 60 Tabs",Lamivudine/Nevirapine/Zidovudine,Generic,30/50/60mg,Chewable/dispersible tablet - FDC,60,"10,508",43608.20,4.15,0.07,Mylan (formerly Matrix) Nashik,TRUE,678,"$2,148.10 ",61.14
"68,367",107-RW-T30,FPQ-9168,SCMS-137550,ASN-15880,Rwanda,PMO - US,Direct Drop,EXW,Ocean,1/13/2012,5/31/2012,08-Oct-12,08-Oct-12,08-Oct-12,ARV,Adult,MYLAN LABORATORIES LTD (FORMERLY MATRIX LABORATORIES),"Lamivudine/Tenofovir Disoproxil Fumarate 300/300mg, tablets, 30 Tabs",Lamivudine/Tenofovir Disoproxil Fumarate,Generic,300/300mg,Tablet - FDC,30,"131,704",683543.76,5.19,0.17,Mylan (formerly Matrix) Nashik,TRUE,10116,"$24,250.15 ",958.33
"11,007",106-HT-T01,Pre-PQ Process,SO-23750,DN-1100,Haiti,PMO - US,From RDC,N/A - From RDC,Air,Pre-PQ Process,N/A - From RDC,03-Mar-09,03-Mar-09,03-Mar-09,ARV,Pediatric,SCMS from RDC,"Nevirapine 10mg/ml, oral suspension, Bottle, 240 ml",Nevirapine,Generic,10mg/ml,Oral suspension,240,"5,216",10014.72,1.92,0.01,"Aurobindo Unit III, India",FALSE,See DN-1100 (ID#:11005),null,19.63
"68,397",114-UG-T30,FPQ-12841,SCMS-205040,ASN-23308,Uganda,PMO - US,Direct Drop,EXW,Air,8/19/2013,09-02-13,17-Jan-14,17-Jan-14,21-Jan-14,ARV,Pediatric,Aurobindo Pharma Limited,"Nevirapine 50mg, dispersible tablets (tablets for oral suspension), 30 Tabs",Nevirapine,Generic,50mg,Chewable/dispersible tablet,30,"9,051",11313.75,1.25,0.04,"Aurobindo Unit III, India",TRUE,575,"$3,231.11 ",14
"68,401",114-UG-T30,FPQ-4320,SCMS-58120,ASN-5947,Uganda,PMO - US,Direct Drop,CIP,Air,11/16/2009,11/25/2009,18-Feb-10,18-Feb-10,18-Feb-10,ARV,Adult,MERCK SHARP & DOHME IDEA GMBH (FORMALLY MERCK SHARP & DOHME B.V.),"Indinavir 400mg [Crixivan], capsules, 180 Caps",Indinavir,Crixivan,400mg,Capsule,180,153,7650.00,50,0.28,"MSD, Haarlem, NL",TRUE,34,$395 ,14.99
"68,437",111-MZ-T30,FPQ-6562,SCMS-93750,ASN-9835,Mozambique,PMO - US,Direct Drop,EXW,Air,11/16/2010,01-12-11,07-Apr-11,07-Apr-11,07-Apr-11,HRDT,HIV test,"Trinity Biotech, Plc","HIV 1/2, Uni-Gold HIV Kit, 20 Tests","HIV 1/2, Uni-Gold HIV Kit",Uni-Gold,,Test kit,20,108,3456.00,32,1.6,"Trinity Biotech, Plc",TRUE,41,$897.87 ,5.7
"11,294",106-HT-T01,Pre-PQ Process,SO-23750,DN-1100,Haiti,PMO - US,From RDC,N/A - From RDC,Air,Pre-PQ Process,N/A - From RDC,03-Mar-09,03-Mar-09,03-Mar-09,ARV,Pediatric,SCMS from RDC,"Efavirenz 200mg, capsule, 90 Caps",Efavirenz,Generic,200mg,Capsule,90,210,3204.60,15.26,0.17,"Aurobindo Unit III, India",FALSE,See DN-1100 (ID#:11005),null,6.28
"68,462",107-RW-T30,FPQ-4850,SCMS-63640,ASN-6130,Rwanda,PMO - US,Direct Drop,FCA,Air,01-06-10,1/20/2010,03-Mar-10,03-Mar-10,03-Mar-10,ARV,Adult,ABBVIE LOGISTICS (FORMERLY ABBOTT LOGISTICS BV),"Ritonavir 100mg [Norvir], capsules, cool, 4 x 84 Caps",Ritonavir,Norvir,100mg,Capsule,336,120,4603.20,38.36,0.11,ABBVIE (Abbott) Logis. UK,TRUE,298,"$2,204.08 ",9.92
"68,481",104-CI-T30,FPQ-11294,SCMS-173131,ASN-19634,Côte d'Ivoire,PMO - US,Direct Drop,EXW,Air,12/14/2012,1/15/2013,04-Jun-13,04-Jun-13,04-Jun-13,HRDT,HIV test,"Orgenics, Ltd","HIV 1/2, Determine Complete HIV Kit, 100 Tests","HIV 1/2, Determine Complete HIV Kit",Determine,,Test kit,100,601,48080.00,80,0.8,"Alere Medical Co., Ltd.",TRUE,264,"$36,428.24 ",59.47
"11,913",117-ET-T01,Pre-PQ Process,SO-22050,DN-1105,Ethiopia,PMO - US,From RDC,N/A - From RDC,Air,Pre-PQ Process,N/A - From RDC,20-Mar-09,20-Mar-09,20-Mar-09,ARV,Adult,SCMS from RDC,"Lamivudine/Nevirapine/Zidovudine 150/200/300mg, tablets, 60 Tabs",Lamivudine/Nevirapine/Zidovudine,Generic,150/300/200mg,Tablet - FDC,60,"10,812",127581.60,11.8,0.2,"Aurobindo Unit III, India",FALSE,See DN-1105 (ID#:11303),null,250.06
"68,494",108-VN-T30,FPQ-4265,SCMS-56330,ASN-6062,Vietnam,PMO - US,Direct Drop,EXW,Air,10/20/2009,11-03-09,13-Mar-10,13-Mar-10,13-Mar-10,ARV,Adult,MYLAN LABORATORIES LTD (FORMERLY MATRIX LABORATORIES),"Efavirenz 600mg, tablets, 30 Tabs",Efavirenz,Generic,600mg,Tablet,30,"19,152",124488.00,6.5,0.22,Mylan (formerly Matrix) Nashik,TRUE,1503,"$11,884.14 ",244
"12,844",113-ZW-T01,Pre-PQ Process,SO-18100,DN-1115,Zimbabwe,PMO - US,From RDC,N/A - From RDC,Truck,Pre-PQ Process,N/A - From RDC,06-Apr-09,06-Apr-09,06-Apr-09,ARV,Adult,SCMS from RDC,"Efavirenz 600mg, tablets, 30 Tabs",Efavirenz,Generic,600mg,Tablet,30,"4,000",48040.00,12.01,0.4,"Aurobindo Unit III, India",FALSE,See DN-1115 (ID#:11008),null,94.16
"68,508",109-TZ-T30,FPQ-4157,SCMS-52771,ASN-5076,Tanzania,PMO - US,Direct Drop,EXW,Air,8/27/2009,09-03-09,15-Dec-09,15-Dec-09,15-Dec-09,HRDT,HIV test,"Standard Diagnostics, Inc.","HIV 1/2, Bioline 3.0 Kit, (no accessories), 30 Tests","HIV 1/2, Bioline 3.0 Kit (no accessories)",Bioline,,Test kit,30,"20,000",480000.00,24,0.8,"Standard Diagnostics, Korea",TRUE,6223,"$82,236.74 ",940.8
"68,515",104-CI-T30,FPQ-7325,SCMS-106570,ASN-11058,Côte d'Ivoire,PMO - US,Direct Drop,EXW,Air,03-09-11,05-05-11,17-Jun-11,17-Jun-11,17-Jun-11,HRDT,HIV test,"Standard Diagnostics, Inc.","HIV 1/2, Bioline 3.0 Kit, Lancets, Capillary pipets, Alcohol swabs included, 25 Tests","HIV 1/2, Bioline 3.0 Kit, Lancets, Capillary pipets, Alcohol swabs included",Bioline,,Test kit,25,"1,354",27080.00,20,0.8,"Standard Diagnostics, Korea",TRUE,422,"$5,054.68 ",44.68
"68,553",108-VN-T30,FPQ-11417,SCMS-174420,ASN-18913,Vietnam,PMO - US,Direct Drop,EXW,Air,01-10-13,1/22/2013,24-Apr-13,24-Apr-13,24-Apr-13,ARV,Adult,HETERO LABS LIMITED,"Tenofovir Disoproxil Fumarate 300mg, tablets, 30 Tabs",Tenofovir Disoproxil Fumarate,Generic,300mg,Tablet,30,"42,660",151443.00,3.55,0.12,Hetero Unit III Hyderabad IN,TRUE,3442,"$10,533.01 ",187.33
"68,572",109-TZ-T30,FPQ-13569,SCMS-225820,ASN-25604,Tanzania,PMO - US,Direct Drop,EXW,Air,1/21/2014,2/14/2014,27-May-14,27-May-14,28-May-14,ARV,Adult,MYLAN LABORATORIES LTD (FORMERLY MATRIX LABORATORIES),"Atazanavir/Ritonavir 300/100mg, tablets, 30 Tabs",Atazanavir/Ritonavir,Generic,300/100mg,Tablet,30,"10,565",211300.00,20,0.67,Mylan (formerly Matrix) Nashik,TRUE,1412,"$6,758.01 ",217.22
"68,577",101-CD-T30,FPQ-10044,SCMS-149140,ASN-15986,"Congo, DRC",PMO - US,Direct Drop,EXW,Air,06-05-12,6/27/2012,27-Feb-13,27-Feb-13,27-Feb-13,HRDT,HIV test,"Orgenics, Ltd","HIV 1/2, Determine Complete HIV Kit, 100 Tests","HIV 1/2, Determine Complete HIV Kit",Determine,,Test kit,100,"1,505",120400.00,80,0.8,"Alere Medical Co., Ltd.",TRUE,746,"$13,037.01 ",168.8
"12,849",113-ZW-T01,Pre-PQ Process,SO-18100,DN-1115,Zimbabwe,PMO - US,From RDC,N/A - From RDC,Truck,Pre-PQ Process,N/A - From RDC,06-Apr-09,06-Apr-09,06-Apr-09,ARV,Adult,SCMS from RDC,"Lamivudine/Stavudine 150/30mg, tablets, 30 Tabs",Lamivudine/Stavudine,Generic,150/30mg,Tablet - FDC,30,"8,000",16000.00,2,0.07,"Cipla, Goa, India",FALSE,See DN-1115 (ID#:11008),null,31.36
"68,596",108-VN-T30,FPQ-13524,SCMS-226190,ASN-27098,Vietnam,PMO - US,Direct Drop,FCA,Air,02-06-14,03-10-14,18-Aug-14,18-Aug-14,25-Aug-14,ARV,Adult,ABBVIE LOGISTICS (FORMERLY ABBOTT LOGISTICS BV),"Lopinavir/Ritonavir 200/50mg [Aluvia], tablets, 120 Tabs",Lopinavir/Ritonavir,Aluvia,200/50mg,Tablet,120,"4,800",291936.00,60.82,0.51,ABBVIE Ludwigshafen Germany,TRUE,1175,"$1,779.10 ",300.11
"12,557",104-CI-T01,Pre-PQ Process,SO-21840,DN-1120,Côte d'Ivoire,PMO - US,From RDC,N/A - From RDC,Air,Pre-PQ Process,N/A - From RDC,26-May-09,26-May-09,26-May-09,ARV,Pediatric,SCMS from RDC,"Lamivudine 10mg/ml, oral solution, Bottle, 240 ml",Lamivudine,Generic,10mg/ml,Oral solution,240,"3,060",5814.00,1.9,0.01,"Aurobindo Unit III, India",FALSE,See DN-1120 (ID#:12556),null,11.4
"11,949",112-NG-T01,Pre-PQ Process,SO-20960,DN-1124,Nigeria,PMO - US,From RDC,N/A - From RDC,Air Charter,Pre-PQ Process,N/A - From RDC,19-Mar-09,19-Mar-09,19-Mar-09,ARV,Pediatric,SCMS from RDC,"Lamivudine 10mg/ml, oral solution, Bottle, 240 ml",Lamivudine,Generic,10mg/ml,Oral solution,240,833,1582.70,1.9,0.01,"Aurobindo Unit III, India",FALSE,See DN-1124 (ID#:11620),null,3.1
"12,261",112-NG-T01,Pre-PQ Process,SO-20960,DN-1124,Nigeria,PMO - US,From RDC,N/A - From RDC,Air Charter,Pre-PQ Process,N/A - From RDC,19-Mar-09,19-Mar-09,19-Mar-09,ARV,Adult,SCMS from RDC,"Stavudine 30mg, capsules, 60 Caps",Stavudine,Generic,30mg,Capsule,60,"1,033",1601.15,1.55,0.03,"Aurobindo Unit III, India",FALSE,See DN-1124 (ID#:11620),null,3.14
"68,651",111-MZ-T30,FPQ-4080,SCMS-51380,ASN-4927,Mozambique,PMO - US,Direct Drop,EXW,Air,08-04-09,08-11-09,24-Sep-09,24-Sep-09,24-Sep-09,HRDT,HIV test,"Trinity Biotech, Plc","HIV 1/2, Uni-Gold HIV Kit, 20 Tests","HIV 1/2, Uni-Gold HIV Kit",Uni-Gold,,Test kit,20,"3,700",118400.00,32,1.6,"Trinity Biotech, Plc",TRUE,1265,"$18,937.30 ",232.06
"68,662",901-CM-T30,FPQ-12837,SCMS-204300,ASN-21703,Cameroon,PMO - US,Direct Drop,EXW,Air,8/19/2013,8/23/2013,18-Oct-13,11-Oct-13,14-Oct-13,ARV,Adult,Aurobindo Pharma Limited,"Lamivudine/Nevirapine/Zidovudine 150/200/300mg, tablets, 60 Tabs",Lamivudine/Nevirapine/Zidovudine,Generic,150/300/200mg,Tablet - FDC,60,"34,910",283818.30,8.13,0.14,"Aurobindo Unit III, India",TRUE,4426,"$37,479.21 ",351.08
"12,865",112-NG-T01,Pre-PQ Process,SO-20960,DN-1124,Nigeria,PMO - US,From RDC,N/A - From RDC,Air Charter,Pre-PQ Process,N/A - From RDC,19-Mar-09,19-Mar-09,19-Mar-09,ARV,Adult,SCMS from RDC,"Lamivudine/Zidovudine 150/300mg, tablets, 60 Tabs",Lamivudine/Zidovudine,Generic,150/300mg,Tablet - FDC,60,"3,231",28303.56,8.76,0.15,"Aurobindo Unit III, India",FALSE,See DN-1124 (ID#:11620),null,55.47
"68,680",108-VN-T30,FPQ-13976,SCMS-236120,ASN-27810,Vietnam,PMO - US,Direct Drop,EXW,Air,04-08-14,4/30/2014,16-Sep-14,16-Sep-14,04-Nov-14,ARV,Adult,HETERO LABS LIMITED,"Efavirenz/Lamivudine/Tenofovir Disoproxil Fumarate 600/300/300mg, tablets, 30 Tabs",Efavirenz/Lamivudine/Tenofovir Disoproxil Fumarate,Generic,600/300/300mg,Tablet - FDC,30,"17,188",180474.00,10.5,0.35,Hetero Unit III Hyderabad IN,TRUE,2388,"$3,790.32 ",185.53
"68,735",109-TZ-T30,FPQ-7909,SCMS-114980,ASN-11974,Tanzania,PMO - US,Direct Drop,EXW,Air,6/24/2011,7/18/2011,29-Sep-11,29-Sep-11,29-Sep-11,HRDT,HIV test,"Standard Diagnostics, Inc.","HIV 1/2, Bioline 3.0 Kit, Lancets, Capillary pipets, Alcohol swabs included, 25 Tests","HIV 1/2, Bioline 3.0 Kit, Lancets, Capillary pipets, Alcohol swabs included",Bioline,,Test kit,25,"10,000",200000.00,20,0.8,"Standard Diagnostics, Korea",TRUE,3334,"$22,086.15 ",330
"12,547",114-UG-T01,Pre-PQ Process,SO-17754,DN-1125,Uganda,PMO - US,From RDC,N/A - From RDC,Air,Pre-PQ Process,N/A - From RDC,08-Apr-09,08-Apr-09,08-Apr-09,ARV,Adult,SCMS from RDC,"Emtricitabine/Tenofovir Disoproxil Fumarate 200/300mg [Truvada], tablets, 30 Tabs",Emtricitabine/Tenofovir Disoproxil Fumarate,Truvada,300/200mg,Tablet - FDC,30,328,8610.00,26.25,0.88,"Aspen-OSD, Port Elizabeth, SA",FALSE,See DN-1125 (ID#:11298),null,16.88
"68,779",108-VN-T30,FPQ-5094,SCMS-68550,ASN-7301,Vietnam,PMO - US,Direct Drop,EXW,Air,3/15/2010,3/24/2010,16-Jul-10,16-Jul-10,16-Jul-10,ARV,Adult,Aurobindo Pharma Limited,"Lamivudine/Zidovudine 150/300mg, tablets, 60 Tabs",Lamivudine/Zidovudine,Generic,150/300mg,Tablet - FDC,60,"11,004",94084.20,8.55,0.14,"Aurobindo Unit III, India",TRUE,1073,"$9,535.67 ",202.85
"12,216",114-UG-T01,Pre-PQ Process,SO-17760,DN-1143,Uganda,PMO - US,From RDC,N/A - From RDC,Air,Pre-PQ Process,N/A - From RDC,02-Apr-09,02-Apr-09,02-Apr-09,ARV,Adult,SCMS from RDC,"Efavirenz 600mg, tablets, 30 Tabs",Efavirenz,Generic,600mg,Tablet,30,"3,713",40843.00,11,0.37,"Aurobindo Unit III, India",FALSE,See DN-1143 (ID#:10711),null,80.05
"12,845",100-PK-T01,Pre-PQ Process,SO-22440,DN-1147,Pakistan,PMO - US,From RDC,N/A - From RDC,Air,Pre-PQ Process,N/A - From RDC,01-Apr-09,01-Apr-09,01-Apr-09,HRDT,HIV test,SCMS from RDC,"HIV 1/2, Determine Complete HIV Kit, 100 Tests","HIV 1/2, Determine Complete HIV Kit",Determine,,Test kit,100,28,2800.00,100,1,Inverness Japan,FALSE,See DN-1147 (ID#:11610),null,5.49
"68,846",114-UG-T30,FPQ-3965,SCMS-52630,ASN-5160,Uganda,PMO - US,Direct Drop,EXW,Air,7/30/2009,9/14/2009,26-Oct-09,26-Oct-09,26-Oct-09,ARV,Adult,ASPEN PHARMACARE,"Darunavir 300mg [Prezista], tablets, 120 Tabs",Darunavir,Prezista,300mg,Tablet,120,112,10080.00,90,0.75,"Aspen-OSD, Port Elizabeth, SA",TRUE,16,"$1,000.94 ",19.76
"68,872",114-UG-T30,FPQ-9923,SCMS-149960,ASN-16320,Uganda,PMO - US,Direct Drop,EXW,Air,5/28/2012,6/26/2012,21-Sep-12,21-Sep-12,21-Sep-12,ARV,Adult,MYLAN LABORATORIES LTD (FORMERLY MATRIX LABORATORIES),"Atazanavir/Ritonavir 300/100mg, tablets, 30 Tabs",Atazanavir/Ritonavir,Generic,300/100mg,Tablet,30,"1,262",28395.00,22.5,0.75,Mylan (formerly Matrix) Nashik,TRUE,173,$935.89 ,39.81
"12,846",100-PK-T01,Pre-PQ Process,SO-22440,DN-1147,Pakistan,PMO - US,From RDC,N/A - From RDC,Air,Pre-PQ Process,N/A - From RDC,01-Apr-09,01-Apr-09,01-Apr-09,HRDT,HIV test,SCMS from RDC,"HIV 1/2, Bioline 3.0 Kit, Lancets, Capillary pipets, Alcohol swabs included, 25 Tests","HIV 1/2, Bioline 3.0 Kit, Lancets, Capillary pipets, Alcohol swabs included",Bioline,,Test kit,25,12,240.00,20,0.8,"Standard Diagnostics, Korea",FALSE,See DN-1147 (ID#:11610),null,0.47
"68,878",117-ET-T30,FPQ-6608,SCMS-92090,ASN-9248,Ethiopia,PMO - US,Direct Drop,EXW,Air,11-09-10,11/24/2010,05-Jan-11,05-Jan-11,05-Jan-11,HRDT,HIV test,"CHEMBIO DIAGNOSTIC SYSTEMS, INC.","HIV 1/2, Stat-Pak HIV, Kit, 20 Tests","HIV 1/2, Stat-Pak HIV, Kit",Stat-Pak,,Test kit,20,545,16895.00,31,1.55,Chembio Diagnostics Sys. Inc.,TRUE,204,"$1,219.85 ",27.88
"12,850",104-CI-T01,Pre-PQ Process,SO-21880,DN-1152,Côte d'Ivoire,PMO - US,From RDC,N/A - From RDC,Air,Pre-PQ Process,N/A - From RDC,30-Apr-09,30-Apr-09,30-Apr-09,ARV,Adult,SCMS from RDC,"Nevirapine 200mg, tablets, 60 Tabs",Nevirapine,Generic,200mg,Tablet,60,"9,599",28797.00,3,0.05,"Aurobindo Unit III, India",FALSE,See DN-1152 (ID#:11010),null,56.44
"68,937",114-UG-T30,FPQ-10787,SCMS-163440,ASN-17956,Uganda,PMO - US,Direct Drop,FCA,Air,10-10-12,10/25/2012,08-Feb-13,08-Feb-13,08-Feb-13,ARV,Adult,ABBVIE LOGISTICS (FORMERLY ABBOTT LOGISTICS BV),"Ritonavir 100mg [Norvir], film coated tablets, 60 Tabs",Ritonavir,Norvir,100mg,Tablet,60,587,4020.95,6.85,0.11,ABBVIE Ludwigshafen Germany,TRUE,85,"$1,253.45 ",4.97
"68,938",104-CI-T30,FPQ-13602,SCMS-228040,ASN-28479,Côte d'Ivoire,PMO - US,Direct Drop,EXW,Air,1/22/2014,2/27/2014,13-Oct-14,13-Oct-14,15-Oct-14,HRDT,HIV test,"CHEMBIO DIAGNOSTIC SYSTEMS, INC.","HIV 1/2, Stat-Pak HIV, Kit, 20 Tests","HIV 1/2, Stat-Pak HIV, Kit",Stat-Pak,,Test kit,20,530,16430.00,31,1.55,Chembio Diagnostics Sys. Inc.,TRUE,219,"$2,516.62 ",16.89
"68,949",113-ZW-T30,FPQ-13939,SCMS-234760,ASN-25890,Zimbabwe,PMO - US,Direct Drop,EXW,Air Charter,04-01-14,04-11-14,14-Jun-14,14-Jun-14,16-Jun-14,ARV,Adult,STRIDES ARCOLAB LIMITED,"Nevirapine 200mg, tablets, 60 Tabs",Nevirapine,Generic,200mg,Tablet,60,"158,000",347600.00,2.2,0.04,"Strides, Bangalore, India.",TRUE,9832,"$68,350.52 ",357.33
"68,993",161-ZA-T30,FPQ-5303,SCMS-69000,ASN-7022,South Africa,PMO - US,Direct Drop,DDP,Air,3/18/2010,3/19/2010,08-Jun-10,08-Jun-10,08-Jun-10,ARV,Adult,Aurobindo Pharma Limited,"Zidovudine 300mg, tablets, 60 Tabs",Zidovudine,Generic,300mg,Tablet,60,"57,494",427180.42,7.43,0.12,"Aurobindo Unit III, India",TRUE,3085,"$4,885.20 ",921
"12,851",104-CI-T01,Pre-PQ Process,SO-21880,DN-1152,Côte d'Ivoire,PMO - US,From RDC,N/A - From RDC,Air,Pre-PQ Process,N/A - From RDC,30-Apr-09,30-Apr-09,30-Apr-09,ARV,Adult,SCMS from RDC,"Tenofovir Disoproxil Fumarate 300mg, tablets, 30 Tabs",Tenofovir Disoproxil Fumarate,Generic,300mg,Tablet,30,"2,200",29216.00,13.28,0.44,Mylan (formerly Matrix) Nashik,FALSE,See DN-1152 (ID#:11010),null,57.26
"69,006",110-ZM-T30,FPQ-8315,SCMS-120570,ASN-13033,Zambia,PMO - US,Direct Drop,EXW,Air,8/31/2011,9/22/2011,20-Dec-11,16-Dec-11,16-Dec-11,HRDT,HIV test,"Orgenics, Ltd","HIV 1/2, Determine Complete HIV Kit, 100 Tests","HIV 1/2, Determine Complete HIV Kit",Determine,,Test kit,100,"2,618",209440.00,80,0.8,"Alere Medical Co., Ltd.",TRUE,1246,"$22,614.24 ",345.58
"11,960",104-CI-T01,Pre-PQ Process,SO-970,DN-1163,Côte d'Ivoire,PMO - US,From RDC,N/A - From RDC,Air,Pre-PQ Process,N/A - From RDC,23-Mar-09,23-Mar-09,23-Mar-09,ARV,Pediatric,SCMS from RDC,"Lopinavir/Ritonavir 80/20mg/ml [Kaletra], oral solution, cool, Bottle 5 x 60 ml",Lopinavir/Ritonavir,Kaletra,80/20mg/ml,Oral solution,300,"1,500",61650.00,41.1,0.14,ABBVIE (Abbott) Logis. UK,FALSE,See DN-1163 (ID#:11030),null,120.83
"69,051",133-NG-T30,FPQ-14995,SCMS-260700,ASN-29936,Nigeria,PMO - US,Direct Drop,EXW,Air,9/22/2014,10/29/2014,19-Jan-15,20-Jan-15,22-Jan-15,HRDT,HIV test,"Orgenics, Ltd","HIV 1/2, Determine Complete HIV Kit, 100 Tests","HIV 1/2, Determine Complete HIV Kit",Determine,,Test kit,100,"3,180",283020.00,89,0.89,"Alere Medical Co., Ltd.",TRUE,1290,"$15,890.52 ",290.94
"69,086",113-ZW-T30,FPQ-13939,SCMS-240570,ASN-27587,Zimbabwe,PMO - US,Direct Drop,EXW,Air Charter,04-01-14,5/27/2014,17-Sep-14,17-Sep-14,19-Sep-14,ARV,Adult,HETERO LABS LIMITED,"Lamivudine/Tenofovir Disoproxil Fumarate 300/300mg, tablets, 30 Tabs",Lamivudine/Tenofovir Disoproxil Fumarate,Generic,300/300mg,Tablet - FDC,30,"16,013",73980.06,4.62,0.15,Hetero Unit III Hyderabad IN,TRUE,1468,"$12,091.91 ",76.05
"69,148",109-TZ-T30,FPQ-5900,SCMS-76980,ASN-7441,Tanzania,PMO - US,Direct Drop,EXW,Air,6/21/2010,6/24/2010,07-Aug-10,07-Aug-10,07-Aug-10,ARV,Adult,Aurobindo Pharma Limited,"Nevirapine 200mg, tablets, 60 Tabs",Nevirapine,Generic,200mg,Tablet,60,"6,934",18028.40,2.6,0.04,"Aurobindo Unit III, India",TRUE,820,"$18,044.49 ",38.87
"69,162",101-CD-T30,FPQ-14717,SCMS-251440,ASN-28024,"Congo, DRC",PMO - US,Direct Drop,EXW,Air,7/28/2014,8/20/2014,19-Dec-14,19-Dec-14,26-Jan-15,ARV,Pediatric,Aurobindo Pharma Limited,"Didanosine 200mg, delayed-release capsules, 30 Caps",Didanosine,Generic,200mg,Delayed-release capsules,30,550,6050.00,11,0.37,"Aurobindo Unit III, India",TRUE,54,"$1,961.49 ",6.22
"69,179",161-ZA-T30,FPQ-6708,SCMS-93590,ASN-10512,South Africa,PMO - US,Direct Drop,DDP,Ocean,11/26/2010,12/14/2010,30-May-11,30-May-11,30-May-11,ARV,Adult,CIPLA LIMITED,"Tenofovir Disoproxil Fumarate 300mg, tablets, 30 Tabs",Tenofovir Disoproxil Fumarate,Generic,300mg,Tablet,30,"150,000",1029000.00,6.86,0.23,"Cipla, Goa, India",TRUE,10156,"$13,731.60 ","1,697.85"
"69,198",144-BW-T30,FPQ-4167,SCMS-54100,ASN-7209,Botswana,PMO - US,Direct Drop,EXW,Air,09-09-09,9/30/2009,13-Sep-10,13-Sep-10,13-Sep-10,HRDT,HIV test,"Trinity Biotech, Plc","HIV 1/2, Uni-Gold HIV Kit, 20 Tests","HIV 1/2, Uni-Gold HIV Kit",Uni-Gold,,Test kit,20,5,160.00,32,1.6,"Trinity Biotech, Plc",TRUE,2,$592.46 ,0.31
"12,270",104-CI-T01,Pre-PQ Process,SO-970,DN-1163,Côte d'Ivoire,PMO - US,From RDC,N/A - From RDC,Air,Pre-PQ Process,N/A - From RDC,23-Mar-09,23-Mar-09,23-Mar-09,ARV,Pediatric,SCMS from RDC,"Lopinavir/Ritonavir 80/20mg/ml [Kaletra], oral solution, cool, Bottle 5 x 60 ml",Lopinavir/Ritonavir,Kaletra,80/20mg/ml,Oral solution,300,126,5178.60,41.1,0.14,ABBVIE (Abbott) Logis. UK,FALSE,See DN-1163 (ID#:11030),null,10.15
"69,208",106-HT-T30,FPQ-5526,SCMS-74050,ASN-7805,Haiti,PMO - US,Direct Drop,CIP,Air,05-04-10,5/25/2010,30-Aug-10,30-Aug-10,30-Aug-10,ARV,Pediatric,MERCK SHARP & DOHME IDEA GMBH (FORMALLY MERCK SHARP & DOHME B.V.),"Efavirenz 30mg/ml [Stocrin/Sustiva], oral solution, Bottle, 180 ml",Efavirenz,Stocrin/Sustiva,30mg/ml,Oral solution,180,342,5800.32,16.96,0.09,"MSD, Haarlem, NL",TRUE,109,$290 ,12.51
"69,219",107-RW-T30,FPQ-12518,SCMS-198222,ASN-24439,Rwanda,PMO - US,Direct Drop,EXW,Air,6/21/2013,08-12-13,27-Mar-14,27-Mar-14,27-Mar-14,HRDT,HIV test,"SHANGHAI KEHUA BIOENGINEERING CO.,LTD.  (KHB)","HIV 1/2, SKB Colloidal Gold, Diagnostic Kit, Antibody, 50 Tests","HIV 1/2, Colloidal Gold, Diagnostic Kit, Antibody",Colloidal Gold,,Test kit,1,"2,988",73206.00,24.5,24.5,"KHB Test Kit Facility, Shanghai China",TRUE,1992,"$27,313 ",90.56
"12,563",104-CI-T01,Pre-PQ Process,SO-970,DN-1163,Côte d'Ivoire,PMO - US,From RDC,N/A - From RDC,Air,Pre-PQ Process,N/A - From RDC,23-Mar-09,23-Mar-09,23-Mar-09,ARV,Pediatric,SCMS from RDC,"Lopinavir/Ritonavir 80/20mg/ml [Kaletra], oral solution, cool, Bottle 5 x 60 ml",Lopinavir/Ritonavir,Kaletra,80/20mg/ml,Oral solution,300,405,16645.50,41.1,0.14,ABBVIE (Abbott) Logis. UK,FALSE,See DN-1163 (ID#:11030),null,32.63
"69,253",108-VN-T30,FPQ-11417,SCMS-174370,ASN-19620,Vietnam,PMO - US,Direct Drop,EXW,Air,01-10-13,1/22/2013,02-Jul-13,02-Jul-13,02-Jul-13,ARV,Adult,MICRO LABS LIMITED,"Lamivudine 150mg, tablets, 60 Tabs",Lamivudine,Generic,150mg,Tablet,60,"46,100",83441.00,1.81,0.03,"Micro labs, Verna, Goa, India",TRUE,2350,"$10,627.80 ",103.22
"12,873",123-NG-T01,Pre-PQ Process,SO-22830,DN-1166,Nigeria,PMO - US,From RDC,N/A - From RDC,Air Charter,Pre-PQ Process,N/A - From RDC,08-May-09,08-May-09,08-May-09,ARV,Pediatric,SCMS from RDC,"Efavirenz 200mg, capsule, 90 Caps",Efavirenz,Generic,200mg,Capsule,90,"1,132",17274.32,15.26,0.17,"Aurobindo Unit III, India",FALSE,See DN-1166 (ID#:12271),null,33.86
"12,874",113-ZW-T01,Pre-PQ Process,SO-18110,DN-1168,Zimbabwe,PMO - US,From RDC,N/A - From RDC,Truck,Pre-PQ Process,N/A - From RDC,27-Apr-09,27-Apr-09,27-Apr-09,ARV,Adult,SCMS from RDC,"Lamivudine/Nevirapine/Stavudine 150/200/30mg, tablets, 60 Tabs",Lamivudine/Nevirapine/Stavudine,Generic,150/200/30mg,Tablet - FDC,60,"76,000",562400.00,7.4,0.12,"Cipla, Goa, India",FALSE,See DN-1168 (ID#:11031),null,"1,102.30"
"69,354",161-ZA-T30,FPQ-5303,SCMS-68950,ASN-7103,South Africa,PMO - US,Direct Drop,DDP,Air,3/18/2010,3/19/2010,11-Jun-10,11-Jun-10,11-Jun-10,ARV,Adult,Aurobindo Pharma Limited,"Lamivudine 150mg, tablets, 60 Tabs",Lamivudine,Generic,150mg,Tablet,60,"66,660",168649.80,2.53,0.04,"Aurobindo Unit III, India",TRUE,3211,"$4,116.81 ",363.61
"69,366",117-ET-T30,FPQ-5582,SCMS-72350,ASN-6929,Ethiopia,PMO - US,Direct Drop,EXW,Air,4/28/2010,4/29/2010,21-May-10,21-May-10,21-May-10,ARV,Adult,Aurobindo Pharma Limited,"Didanosine 400mg, delayed-release capsules, 30 Caps",Didanosine,Generic,400mg,Delayed-release capsules,30,500,10000.00,20,0.67,"Aurobindo Unit III, India",TRUE,39,$516.35 ,21.56
"69,376",161-ZA-T30,FPQ-6262,SCMS-83820,ASN-9485,South Africa,PMO - US,Direct Drop,DDP,Ocean,8/31/2010,9/24/2010,10-Mar-11,10-Mar-11,10-Mar-11,ARV,Adult,Aurobindo Pharma Limited,"Efavirenz 600mg, tablets, 30 Tabs",Efavirenz,Generic,600mg,Tablet,30,"127,904",579405.12,4.53,0.15,"Aurobindo Unit III, India",TRUE,10980,"$15,331.50 ","1,249.20"
"11,974",111-MZ-T01,Pre-PQ Process,SO-17530,DN-1176,Mozambique,PMO - US,From RDC,N/A - From RDC,Air,Pre-PQ Process,N/A - From RDC,20-May-09,20-May-09,20-May-09,ARV,Pediatric,SCMS from RDC,"Efavirenz 200mg, capsule, 90 Caps",Efavirenz,Generic,200mg,Capsule,90,720,10987.20,15.26,0.17,"Aurobindo Unit III, India",FALSE,See DN-1176 (ID#:11973),null,21.53
"12,273",109-TZ-T01,Pre-PQ Process,SO-18740,DN-1180,Tanzania,PMO - US,From RDC,N/A - From RDC,Truck,Pre-PQ Process,N/A - From RDC,11-May-09,11-May-09,11-May-09,ARV,Adult,SCMS from RDC,"Emtricitabine/Tenofovir Disoproxil Fumarate 200/300mg [Truvada], tablets, 30 Tabs",Emtricitabine/Tenofovir Disoproxil Fumarate,Truvada,300/200mg,Tablet - FDC,30,"20,240",531300.00,26.25,0.88,"Aspen-OSD, Port Elizabeth, SA",FALSE,See DN-1180 (ID#:11033),null,"1,041.35"
"12,876",109-TZ-T01,Pre-PQ Process,SO-18740,DN-1180,Tanzania,PMO - US,From RDC,N/A - From RDC,Truck,Pre-PQ Process,N/A - From RDC,11-May-09,11-May-09,11-May-09,ARV,Pediatric,SCMS from RDC,"Abacavir 20mg/ml, oral solution, Bottle, 240 ml",Abacavir,Generic,20mg/ml,Oral solution,240,"1,977",31928.55,16.15,0.07,"Aurobindo Unit III, India",FALSE,See DN-1180 (ID#:11033),null,62.58
"11,037",102-KE-T01,Pre-PQ Process,SO-18001,DN-1189,Kenya,PMO - US,From RDC,N/A - From RDC,Truck,Pre-PQ Process,N/A - From RDC,27-Apr-09,27-Apr-09,27-Apr-09,HRDT,HIV test,SCMS from RDC,"HIV 1/2, Determine Complete HIV Kit, 100 Tests","HIV 1/2, Determine Complete HIV Kit",Determine,,Test kit,100,"15,000",1200000.00,80,0.8,Inverness Japan,FALSE,See DN-1189 (ID#:10759),null,"2,352"
"11,966",127-KE-T01,Pre-PQ Process,SO-29010,DN-1193,Kenya,PMO - US,From RDC,N/A - From RDC,Truck,Pre-PQ Process,N/A - From RDC,23-Apr-09,23-Apr-09,23-Apr-09,ARV,Pediatric,SCMS from RDC,"Efavirenz 200mg, capsule, 90 Caps",Efavirenz,Generic,200mg,Capsule,90,170,1.70,0.01,0,"Aurobindo Unit III, India",FALSE,See DN-1193 (ID#:11312),null,0
"69,528",133-NG-T30,FPQ-10349,SCMS-155321,ASN-17167,Nigeria,PMO - US,Direct Drop,EXW,Air,7/17/2012,8/13/2012,28-Nov-12,27-Nov-12,27-Nov-12,HRDT,HIV test,"Orgenics, Ltd","HIV 1/2, Determine Complete HIV Kit, 100 Tests","HIV 1/2, Determine Complete HIV Kit",Determine,,Test kit,100,"2,744",244216.00,89,0.89,"Alere Medical Co., Ltd.",TRUE,1303,"$28,734.43 ",342.39
"69,572",103-CM-T30,FPQ-16210,SCMS-289300,ASN-33116,Cameroon,PMO - US,Direct Drop,EXW,Air,4/28/2015,06-02-15,18-Jul-15,18-Jul-15,20-Jul-15,ARV,Adult,MYLAN LABORATORIES LTD (FORMERLY MATRIX LABORATORIES),"Atazanavir/Ritonavir 300/100mg, tablets, 30 Tabs",Atazanavir/Ritonavir,Generic,300/100mg,Tablet,30,"7,108",138606.00,19.5,0.65,Mylan (formerly Matrix) Nashik,TRUE,949,"$8,024.10 ",163.14
"11,634",106-HT-T01,Pre-PQ Process,SO-24830,DN-1205,Haiti,PMO - US,From RDC,N/A - From RDC,Air,Pre-PQ Process,N/A - From RDC,19-May-09,19-May-09,19-May-09,ARV,Adult,SCMS from RDC,"Stavudine 15mg, capsules, 60 Caps",Stavudine,Generic,15mg,Capsule,60,108,162.00,1.5,0.02,"Aurobindo Unit III, India",FALSE,See DN-1205 (ID#:11314),null,0.32
"12,572",106-HT-T01,Pre-PQ Process,SO-24830,DN-1205,Haiti,PMO - US,From RDC,N/A - From RDC,Air,Pre-PQ Process,N/A - From RDC,19-May-09,19-May-09,19-May-09,ARV,Pediatric,SCMS from RDC,"Abacavir 20mg/ml, oral solution, Bottle, 240 ml",Abacavir,Generic,20mg/ml,Oral solution,240,398,5970.00,15,0.06,"Aurobindo Unit III, India",FALSE,See DN-1205 (ID#:11314),null,11.7
"11,635",151-NG-T01,Pre-PQ Process,SO-22527,DN-1209,Nigeria,PMO - US,From RDC,N/A - From RDC,Air Charter,Pre-PQ Process,N/A - From RDC,08-May-09,08-May-09,08-May-09,ARV,Adult,SCMS from RDC,"Lamivudine/Nevirapine/Zidovudine 150/200/300mg, tablets, 60 Tabs",Lamivudine/Nevirapine/Zidovudine,Generic,150/300/200mg,Tablet - FDC,60,1,11.40,11.4,0.19,"Aurobindo Unit III, India",FALSE,See DN-1209 (ID#:10763),null,0.02
"12,033",111-MZ-T01,Pre-PQ Process,SO-497,DN-121,Mozambique,PMO - US,From RDC,N/A - From RDC,Air,Pre-PQ Process,N/A - From RDC,18-May-07,18-May-07,18-May-07,ARV,Adult,SCMS from RDC,"Abacavir 300mg, tablets, 60 Tabs",Abacavir,Generic,300mg,Tablet,60,566,20262.80,35.8,0.6,"Aurobindo Unit III, India",FALSE,See DN-121 (ID#:10814),null,
"12,277",111-MZ-T01,Pre-PQ Process,SO-28550,DN-1215,Mozambique,PMO - US,From RDC,N/A - From RDC,Air,Pre-PQ Process,N/A - From RDC,28-Jun-09,28-Jun-09,28-Jun-09,ARV,Adult,SCMS from RDC,"Lamivudine/Nevirapine/Stavudine 150/200/30mg, tablets, 60 Tabs",Lamivudine/Nevirapine/Stavudine,Generic,150/200/30mg,Tablet - FDC,60,"17,618",126849.60,7.2,0.12,"Cipla, Goa, India",FALSE,See DN-1215 (ID#:10764),null,248.63
"11,101",110-ZM-T01,Pre-PQ Process,SO-310,DN-122,Zambia,PMO - US,From RDC,N/A - From RDC,,Pre-PQ Process,N/A - From RDC,04-May-07,04-May-07,04-May-07,ARV,Adult,SCMS from RDC,"Efavirenz 600mg, tablets, 30 Tabs",Efavirenz,Generic,600mg,Tablet,30,"50,112",814821.12,16.26,0.54,"Aurobindo Unit III, India",FALSE,See DN-122 (ID#:11100),null,
"11,968",106-HT-T01,Pre-PQ Process,SO-24840,DN-1221,Haiti,PMO - US,From RDC,N/A - From RDC,Air,Pre-PQ Process,N/A - From RDC,22-May-09,22-May-09,22-May-09,ARV,Pediatric,SCMS from RDC,"Lamivudine 10mg/ml, oral solution, Bottle, 240 ml",Lamivudine,Generic,10mg/ml,Oral solution,240,"2,345",4455.50,1.9,0.01,"Aurobindo Unit III, India",FALSE,See DN-1221 (ID#:11636),null,8.73
"69,683",109-TZ-T30,FPQ-6936,SCMS-100634,ASN-10903,Tanzania,PMO - US,Direct Drop,EXW,Air,12/27/2010,05-02-11,14-Jul-11,14-Jul-11,14-Jul-11,HRDT,HIV test,"Standard Diagnostics, Inc.","HIV 1/2, Bioline 3.0 Kit, Lancets, Capillary pipets, Alcohol swabs included, 25 Tests","HIV 1/2, Bioline 3.0 Kit, Lancets, Capillary pipets, Alcohol swabs included",Bioline,,Test kit,25,"10,000",200000.00,20,0.8,"Standard Diagnostics, Korea",TRUE,3334,"$23,623.43 ",330
"12,280",106-HT-T01,Pre-PQ Process,SO-24840,DN-1221,Haiti,PMO - US,From RDC,N/A - From RDC,Air,Pre-PQ Process,N/A - From RDC,22-May-09,22-May-09,22-May-09,ARV,Adult,SCMS from RDC,"Efavirenz 600mg, tablets, 30 Tabs",Efavirenz,Generic,600mg,Tablet,30,"10,065",97831.80,9.72,0.32,"Aurobindo Unit III, India",FALSE,See DN-1221 (ID#:11636),null,191.75
"69,754",110-ZM-T30,FPQ-4691,SCMS-60710,ASN-6289,Zambia,PMO - US,Direct Drop,EXW,Air,12/16/2009,12/22/2009,18-Mar-10,18-Mar-10,18-Mar-10,HRDT,HIV test,"Orgenics, Ltd","HIV 1/2, Determine Complete HIV Kit, 100 Tests","HIV 1/2, Determine Complete HIV Kit",Determine,,Test kit,100,"2,100",151200.00,72,0.72,Inverness Japan,TRUE,1016,"$16,061.50 ",325.99
"69,767",108-VN-T30,FPQ-4265,SCMS-56280,ASN-5739,Vietnam,PMO - US,Direct Drop,EXW,Air,10/20/2009,11-02-09,19-Jan-10,19-Jan-10,19-Jan-10,ARV,Adult,CIPLA LIMITED,"Lamivudine/Nevirapine/Stavudine 150/200/30mg, tablets, 60 Tabs",Lamivudine/Nevirapine/Stavudine,Generic,150/200/30mg,Tablet - FDC,60,"40,400",248460.00,6.15,0.1,"Cipla, Goa, India",TRUE,3919,"$12,704 ",486.98
"12,577",106-HT-T01,Pre-PQ Process,SO-24840,DN-1221,Haiti,PMO - US,From RDC,N/A - From RDC,Air,Pre-PQ Process,N/A - From RDC,22-May-09,22-May-09,22-May-09,ARV,Pediatric,SCMS from RDC,"Zidovudine 100mg, capsules, 100 Caps",Zidovudine,Generic,100mg,Capsule,100,504,2766.96,5.49,0.05,"Aurobindo Unit III, India",FALSE,See DN-1221 (ID#:11636),null,5.42
"69,790",114-UG-T30,FPQ-10788,SCMS-162670,ASN-17287,Uganda,PMO - US,Direct Drop,CIP,Air,10-10-12,10/25/2012,12-Dec-12,12-Dec-12,12-Dec-12,ARV,Adult,MERCK SHARP & DOHME IDEA GMBH (FORMALLY MERCK SHARP & DOHME B.V.),"Raltegravir 400mg [Isentress], tablets, 60 Tabs",Raltegravir,Isentress,400mg,Tablet,60,774,42957.00,55.5,0.92,"MSD, Haarlem, NL",TRUE,92,"$1,114 ",53.14
"69,871",108-VN-T30,FPQ-7427,SCMS-105540,ASN-11855,Vietnam,PMO - US,Direct Drop,EXW,Air,3/31/2011,4/14/2011,21-Sep-11,21-Sep-11,21-Sep-11,ARV,Adult,HETERO LABS LIMITED,"Lamivudine/Nevirapine/Stavudine 150/200/30mg, tablets, 60 Tabs",Lamivudine/Nevirapine/Stavudine,Generic,150/200/30mg,Tablet - FDC,60,"22,925",110040.00,4.8,0.08,Hetero Unit III Hyderabad IN,TRUE,3723,"$19,056.13 ",181.57
"69,875",161-ZA-T30,FPQ-5303,SCMS-68750,ASN-8515,South Africa,PMO - US,Direct Drop,DDP,Air,3/18/2010,3/19/2010,13-Oct-10,17-Nov-10,17-Nov-10,ARV,Adult,CIPLA LIMITED,"Tenofovir Disoproxil Fumarate 300mg, tablets, 30 Tabs",Tenofovir Disoproxil Fumarate,Generic,300mg,Tablet,30,"51,828",405294.96,7.82,0.26,"Cipla, Goa, India",TRUE,3543,"$3,646.13 ",873.82
"12,578",114-UG-T01,Pre-PQ Process,SO-26140,DN-1222,Uganda,PMO - US,From RDC,N/A - From RDC,Air,Pre-PQ Process,N/A - From RDC,24-Jun-09,24-Jun-09,24-Jun-09,ARV,Adult,SCMS from RDC,"Nevirapine 200mg, tablets, 60 Tabs",Nevirapine,Generic,200mg,Tablet,60,107,342.40,3.2,0.05,"Aurobindo Unit III, India",FALSE,See DN-1222 (ID#:11317),null,0.67
"12,282",110-ZM-T01,Pre-PQ Process,SO-17611,DN-1228,Zambia,PMO - US,From RDC,N/A - From RDC,Truck,Pre-PQ Process,N/A - From RDC,08-Jun-09,08-Jun-09,08-Jun-09,ARV,Adult,SCMS from RDC,"Efavirenz 600mg, tablets, 30 Tabs",Efavirenz,Generic,600mg,Tablet,30,"11,546",127006.00,11,0.37,Mylan (formerly Matrix) Nashik,FALSE,See DN-1228 (ID#:11638),null,248.93
"69,900",104-CI-T30,FPQ-11294,SCMS-173131,ASN-19635,Côte d'Ivoire,PMO - US,Direct Drop,EXW,Air,12/14/2012,1/15/2013,04-Jun-13,04-Jun-13,04-Jun-13,HRDT,HIV test,"Orgenics, Ltd","HIV 1/2, Determine Complete HIV Kit, 100 Tests","HIV 1/2, Determine Complete HIV Kit",Determine,,Test kit,100,"2,954",236320.00,80,0.8,"Alere Medical Co., Ltd.",TRUE,1284,$125.42 ,292.33
"69,903",103-ZW-T30,FPQ-13969,SCMS-239210,ASN-29006,Zimbabwe,PMO - US,Direct Drop,EXW,Air,04-08-14,5/16/2014,28-Nov-14,28-Nov-14,16-Dec-14,ARV,Pediatric,MICRO LABS LIMITED,"Efavirenz 200mg, capsule, 90 Caps",Efavirenz,Generic,200mg,Capsule,90,"5,291",23386.22,4.42,0.05,"Micro labs, Verna, Goa, India",TRUE,800,"$5,697.64 ",24.04
"69,908",161-ZA-T30,FPQ-6262,SCMS-83730,ASN-9943,South Africa,PMO - US,Direct Drop,DDP,Ocean,8/31/2010,9/24/2010,26-Apr-11,12-Apr-11,12-Apr-11,ARV,Adult,Aurobindo Pharma Limited,"Efavirenz 600mg, tablets, 30 Tabs",Efavirenz,Generic,600mg,Tablet,30,"128,467",581955.51,4.53,0.15,"Aurobindo Unit III, India",TRUE,11033,"$11,203.81 ","1,254.70"
"11,318",111-MZ-T01,Pre-PQ Process,SO-30440,DN-1231,Mozambique,PMO - US,From RDC,N/A - From RDC,Truck,Pre-PQ Process,N/A - From RDC,28-Jun-09,28-Jun-09,28-Jun-09,ARV,Adult,SCMS from RDC,"Efavirenz 600mg, tablets, 30 Tabs",Efavirenz,Generic,600mg,Tablet,30,"19,400",188568.00,9.72,0.32,Mylan (formerly Matrix) Nashik,FALSE,See DN-1231 (ID#:11044),null,369.59
"69,925",127-KE-T30,FPQ-8155,SCMS-119170,ASN-12443,Kenya,PMO - US,Direct Drop,EXW,Air,08-05-11,8/29/2011,31-Oct-11,31-Oct-11,31-Oct-11,HRDT,HIV test,"Standard Diagnostics, Inc.","HIV 1/2, Bioline 3.0 Kit, Lancets, Capillary pipets, Alcohol swabs included, 25 Tests","HIV 1/2, Bioline 3.0 Kit, Lancets, Capillary pipets, Alcohol swabs included",Bioline,,Test kit,25,"15,304",306080.00,20,0.8,"Standard Diagnostics, Korea",TRUE,5102,"$33,718.08 ",505.03
"69,952",151-NG-T30,FPQ-15059,SCMS-260990,ASN-32010,Nigeria,PMO - US,Direct Drop,FCA,Air,10-08-14,10/23/2014,02-Jun-15,02-Jun-15,03-Jun-15,ARV,Pediatric,ABBVIE LOGISTICS (FORMERLY ABBOTT LOGISTICS BV),"Lopinavir/Ritonavir 80/20mg/ml [Kaletra], oral solution, cool, Bottle 5 x 60 ml",Lopinavir/Ritonavir,Kaletra,80/20mg/ml,Oral solution,300,789,24316.98,30.82,0.1,ABBVIE (Abbott) Logis. UK,TRUE,794,"$5,808.69 ",25
"11,639",111-MZ-T01,Pre-PQ Process,SO-30440,DN-1231,Mozambique,PMO - US,From RDC,N/A - From RDC,Truck,Pre-PQ Process,N/A - From RDC,28-Jun-09,28-Jun-09,28-Jun-09,ARV,Adult,SCMS from RDC,"Zidovudine 300mg, tablets, 60 Tabs",Zidovudine,Generic,300mg,Tablet,60,"7,300",56283.00,7.71,0.13,"Aurobindo Unit III, India",FALSE,See DN-1231 (ID#:11044),null,110.31
"11,969",111-MZ-T01,Pre-PQ Process,SO-30440,DN-1231,Mozambique,PMO - US,From RDC,N/A - From RDC,Truck,Pre-PQ Process,N/A - From RDC,28-Jun-09,28-Jun-09,28-Jun-09,ARV,Adult,SCMS from RDC,"Stavudine 30mg, capsules, 60 Caps",Stavudine,Generic,30mg,Capsule,60,630,938.70,1.49,0.02,"Strides, Bangalore, India.",FALSE,See DN-1231 (ID#:11044),null,1.84
"70,029",108-VN-T30,FPQ-5094,SCMS-68530,ASN-7300,Vietnam,PMO - US,Direct Drop,EXW,Air,3/15/2010,3/24/2010,29-Jul-10,29-Jul-10,29-Jul-10,ARV,Adult,Aurobindo Pharma Limited,"Lamivudine/Zidovudine 150/300mg, tablets, 60 Tabs",Lamivudine/Zidovudine,Generic,150/300mg,Tablet - FDC,60,"9,072",77565.60,8.55,0.14,"Aurobindo Unit III, India",TRUE,902,"$7,421.81 ",167.23
"70,041",107-RW-T30,FPQ-14813,SCMS-261780,ASN-32156,Rwanda,PMO - US,Direct Drop,EXW,Air,10-09-14,12/15/2014,27-May-15,27-May-15,28-May-15,ARV,Adult,EMCURE PHARMACEUTICALS LTD,"Atazanavir/Ritonavir 300/100mg, tablets, 30 Tabs",Atazanavir/Ritonavir,Generic,300/100mg,Tablet,30,"8,000",144000.00,18,0.6,"Emcure Plot No.P-2, I.T-B.T. Park, Phase II, MIDC, Hinjwadi, Pune, India",TRUE,1045,"$6,949.93 ",148.03
"70,044",201-UG-T30,FPQ-14825,SCMS-254400,ASN-29338,Uganda,PMO - US,Direct Drop,EXW,Air,8/19/2014,9/18/2014,19-Dec-14,19-Dec-14,22-Dec-14,HRDT,HIV test,"Orgenics, Ltd","HIV 1/2, Determine Complete HIV Kit, 100 Tests","HIV 1/2, Determine Complete HIV Kit",Determine,,Test kit,100,"2,500",200000.00,80,0.8,"Alere Medical Co., Ltd.",TRUE,1010,"$8,399.60 ",205.6
"11,319",114-UG-T01,Pre-PQ Process,SO-30100,DN-1232,Uganda,PMO - US,From RDC,N/A - From RDC,Air,Pre-PQ Process,N/A - From RDC,01-Jun-09,01-Jun-09,01-Jun-09,ARV,Adult,SCMS from RDC,"Emtricitabine/Tenofovir Disoproxil Fumarate 200/300mg [Truvada], tablets, 30 Tabs",Emtricitabine/Tenofovir Disoproxil Fumarate,Truvada,300/200mg,Tablet - FDC,30,90,2362.50,26.25,0.88,"Aspen-OSD, Port Elizabeth, SA",FALSE,See DN-1232 (ID#:10766),null,4.63
"12,283",104-CI-T01,Pre-PQ Process,SO-27520,DN-1234,Côte d'Ivoire,PMO - US,From RDC,N/A - From RDC,Air,Pre-PQ Process,N/A - From RDC,11-Jun-09,11-Jun-09,11-Jun-09,ARV,Adult,SCMS from RDC,"Zidovudine 300mg, tablets, 60 Tabs",Zidovudine,Generic,300mg,Tablet,60,"10,000",77100.00,7.71,0.13,"Aurobindo Unit III, India",FALSE,See DN-1234 (ID#:11970),null,151.12
"12,284",104-CI-T01,Pre-PQ Process,SO-27520,DN-1234,Côte d'Ivoire,PMO - US,From RDC,N/A - From RDC,Air,Pre-PQ Process,N/A - From RDC,11-Jun-09,11-Jun-09,11-Jun-09,ARV,Adult,SCMS from RDC,"Lamivudine/Nevirapine/Zidovudine 150/200/300mg, tablets, 60 Tabs",Lamivudine/Nevirapine/Zidovudine,Generic,150/300/200mg,Tablet - FDC,60,"15,000",173400.00,11.56,0.19,"Aurobindo Unit III, India",FALSE,See DN-1234 (ID#:11970),null,339.86
"70,162",113-ZW-T30,FPQ-4483,SCMS-56170,ASN-5501,Zimbabwe,PMO - US,Direct Drop,EXW,Air,10/27/2009,10/29/2009,04-Jan-10,04-Jan-10,04-Jan-10,HRDT,HIV test,"Standard Diagnostics, Inc.","HIV 1/2, Bioline 3.0 Kit, Lancets, Capillary pipets, Alcohol swabs included, 25 Tests","HIV 1/2, Bioline 3.0 Kit, Lancets, Capillary pipets, Alcohol swabs included",Bioline,,Test kit,25,"5,080",101600.00,20,0.8,"Standard Diagnostics, Korea",TRUE,1694,"$12,127.58 ",219.05
"70,184",116-ZA-T30,FPQ-7176,SCMS-104410,ASN-10873,South Africa,PMO - US,Direct Drop,DDP,Ocean,03-10-11,04-01-11,06-Aug-11,06-Aug-11,06-Aug-11,ARV,Adult,CIPLA LIMITED,"Tenofovir Disoproxil Fumarate 300mg, tablets, 30 Tabs",Tenofovir Disoproxil Fumarate,Generic,300mg,Tablet,30,"65,000",420550.00,6.47,0.22,"Cipla, Goa, India",TRUE,4364,"$10,758.45 ",693.91
"12,579",104-CI-T01,Pre-PQ Process,SO-27520,DN-1234,Côte d'Ivoire,PMO - US,From RDC,N/A - From RDC,Air,Pre-PQ Process,N/A - From RDC,11-Jun-09,11-Jun-09,11-Jun-09,ARV,Adult,SCMS from RDC,"Lamivudine 150mg, tablets, 60 Tabs",Lamivudine,Generic,150mg,Tablet,60,"17,100",41724.00,2.44,0.04,"Aurobindo Unit III, India",FALSE,See DN-1234 (ID#:11970),null,81.78
"12,580",104-CI-T01,Pre-PQ Process,SO-27520,DN-1234,Côte d'Ivoire,PMO - US,From RDC,N/A - From RDC,Air,Pre-PQ Process,N/A - From RDC,11-Jun-09,11-Jun-09,11-Jun-09,ARV,Adult,SCMS from RDC,"Stavudine 15mg, capsules, 60 Caps",Stavudine,Generic,15mg,Capsule,60,560,840.00,1.5,0.02,"Aurobindo Unit III, India",FALSE,See DN-1234 (ID#:11970),null,1.65
"11,045",100-GH-T01,Pre-PQ Process,SO-30700,DN-1235,Ghana,PMO - US,From RDC,N/A - From RDC,Truck,Date Not Captured,N/A - From RDC,12-Aug-09,12-Aug-09,12-Aug-09,ARV,Adult,SCMS from RDC,"Stavudine 15mg, capsules, 60 Caps",Stavudine,Generic,15mg,Capsule,60,150,1.50,0.01,0,"Aurobindo Unit III, India",FALSE,See DN-1235 (ID#:10769),null,0
"70,212",144-BW-T30,FPQ-4167,SCMS-54070,ASN-7749,Botswana,PMO - US,Direct Drop,EXW,Air,09-09-09,9/29/2009,06-Sep-10,06-Sep-10,06-Sep-10,HRDT,HIV test,"Orgenics, Ltd","HIV 1/2, Determine HIV Kit, without Lancets, 100 Tests","HIV 1/2, Determine HIV Kit, without Lancets",Determine,,Test kit,100,8,560.00,70,0.7,Inverness Japan,TRUE,2,$807.65 ,1.1
"70,219",133-NG-T30,FPQ-15504,SCMS-270771,ASN-32754,Nigeria,PMO - US,Direct Drop,EXW,Air,12-08-14,3/13/2015,30-Jun-15,30-Jun-15,02-Jul-15,HRDT,HIV test,"Orgenics, Ltd","HIV 1/2, Determine Complete HIV Kit, 100 Tests","HIV 1/2, Determine Complete HIV Kit",Determine,,Test kit,100,"5,681",505609.00,89,0.89,"Alere Medical Co., Ltd.",TRUE,2307,"$26,294.95 ",595.1
"70,230",107-RW-T30,FPQ-4032,SCMS-51670,ASN-5831,Rwanda,PMO - US,Direct Drop,EXW,Air,08-05-09,8/18/2009,16-Feb-10,16-Feb-10,16-Feb-10,HRDT,HIV test,"Orgenics, Ltd","HIV 1/2, Determine HIV Kit, without Lancets, 100 Tests","HIV 1/2, Determine HIV Kit, without Lancets",Determine,,Test kit,100,"5,085",355950.00,70,0.7,Inverness Japan,TRUE,1154,"$46,723.42 ",697.66
"70,236",202-GT-T30,FPQ-6964,SCMS-96160,ASN-10479,Guatemala,PMO - US,Direct Drop,FCA,Air,12/29/2010,01-05-11,18-Apr-11,18-Apr-11,18-Apr-11,ARV,Adult,Hoffmann-La Roche ltd Basel,"Saquinavir 500mg [Invirase], tablets, 120 Tabs",Saquinavir,Invirase,500mg,Tablet,120,175,41553.18,237.45,1.98,Roche Basel,TRUE,31,$566.56 ,68.56
"11,321",100-GH-T01,Pre-PQ Process,SO-30700,DN-1235,Ghana,PMO - US,From RDC,N/A - From RDC,Truck,Date Not Captured,N/A - From RDC,12-Aug-09,12-Aug-09,12-Aug-09,ARV,Pediatric,SCMS from RDC,"Didanosine 100mg, chewable/dispersible tablets, 60 Tabs",Didanosine,Generic,100mg,Chewable/dispersible tablet,60,888,8.88,0.01,0,"Aurobindo Unit III, India",FALSE,See DN-1235 (ID#:10769),null,0.02
"70,299",161-ZA-T30,FPQ-6262,SCMS-83820,ASN-9480,South Africa,PMO - US,Direct Drop,DDP,Ocean,8/31/2010,9/24/2010,11-Jan-11,04-Mar-11,04-Mar-11,ARV,Adult,Aurobindo Pharma Limited,"Zidovudine 300mg, tablets, 60 Tabs",Zidovudine,Generic,300mg,Tablet,60,"86,467",633803.11,7.33,0.12,"Aurobindo Unit III, India",TRUE,4364,"$4,295.60 ","1,366.48"
"70,309",102-BI-T30,FPQ-14713,SCMS-251520,ASN-29870,Burundi,PMO - US,Direct Drop,EXW,Air,7/29/2014,8/28/2014,02-Feb-15,02-Feb-15,02-Feb-15,HRDT,HIV test,"Orgenics, Ltd","HIV 1/2, Determine Complete HIV Kit, 100 Tests","HIV 1/2, Determine Complete HIV Kit",Determine,,Test kit,100,"1,608",128640.00,80,0.8,"Alere Medical Co., Ltd.",TRUE,958,"$15,012.16 ",132.24
"11,640",100-GH-T01,Pre-PQ Process,SO-30700,DN-1235,Ghana,PMO - US,From RDC,N/A - From RDC,Truck,Date Not Captured,N/A - From RDC,12-Aug-09,12-Aug-09,12-Aug-09,ARV,Adult,SCMS from RDC,"Stavudine 20mg, capsules, 60 Caps",Stavudine,Generic,20mg,Capsule,60,477,4.77,0.01,0,"Aurobindo Unit III, India",FALSE,See DN-1235 (ID#:10769),null,0.01
"70,356",161-ZA-T30,FPQ-7175,SCMS-123580,ASN-12993,South Africa,PMO - US,Direct Drop,DDP,Ocean,03-10-11,9/30/2011,22-Dec-11,04-Jan-12,04-Jan-12,ARV,Adult,Aurobindo Pharma Limited,"Efavirenz 600mg, tablets, 30 Tabs",Efavirenz,Generic,600mg,Tablet,30,"246,113",1048441.38,4.26,0.14,"Aurobindo Unit III, India",TRUE,20896,"$16,429.13 ","1,729.93"
"70,366",104-CI-T30,FPQ-4381,SCMS-57280,ASN-6443,Côte d'Ivoire,PMO - US,Direct Drop,CIP,Air,11-05-09,11/17/2009,16-Apr-10,16-Apr-10,16-Apr-10,ARV,Adult,MERCK SHARP & DOHME IDEA GMBH (FORMALLY MERCK SHARP & DOHME B.V.),"Efavirenz/Emtricitabine/Tenofovir Disoproxil Fumarate 600/200/300mg [Atripla], tablets, 30 Tabs",Efavirenz/Emtricitabine/Tenofovir Disoproxil Fumarate,Atripla,600/200/300mg,Tablet - FDC,30,"3,600",181440.00,50.4,1.68,"MSD, Haarlem, NL",TRUE,402,"$1,924.57 ",355.62
"11,641",100-GH-T01,Pre-PQ Process,SO-30700,DN-1235,Ghana,PMO - US,From RDC,N/A - From RDC,Truck,Date Not Captured,N/A - From RDC,12-Aug-09,12-Aug-09,12-Aug-09,ARV,Pediatric,SCMS from RDC,"Abacavir 20mg/ml, oral solution, Bottle, 240 ml",Abacavir,Generic,20mg/ml,Oral solution,240,374,3.74,0.01,0,"Aurobindo Unit III, India",FALSE,See DN-1235 (ID#:10769),null,0.01
"70,374",106-HT-T30,FPQ-15038,SCMS-262850,ASN-30567,Haiti,PMO - US,Direct Drop,EXW,Air,10/22/2014,12/24/2014,13-Mar-15,13-Mar-15,13-Mar-15,ARV,Adult,MYLAN LABORATORIES LTD (FORMERLY MATRIX LABORATORIES),"Abacavir 300mg, tablets, 60 Tabs",Abacavir,Generic,300mg,Tablet,60,"4,680",51433.20,10.99,0.18,Mylan (formerly Matrix) Nashik,TRUE,487,"$3,463.53 ",52.87
"70,404",108-VN-T30,FPQ-12051,SCMS-190510,ASN-21651,Vietnam,PMO - US,Direct Drop,EXW,Air,05-03-13,5/21/2013,24-Sep-13,24-Sep-13,24-Sep-13,ARV,Adult,HETERO LABS LIMITED,"Efavirenz 600mg, tablets, 30 Tabs",Efavirenz,Generic,600mg,Tablet,30,"14,374",46571.76,3.24,0.11,"Hetero, Jadcherla, unit 5, IN",TRUE,1228,"$1,849.17 ",57.61
"12,883",100-GH-T01,Pre-PQ Process,SO-30700,DN-1235,Ghana,PMO - US,From RDC,N/A - From RDC,Truck,Date Not Captured,N/A - From RDC,12-Aug-09,12-Aug-09,12-Aug-09,ARV,Adult,SCMS from RDC,"Zidovudine 300mg, tablets, 60 Tabs",Zidovudine,Generic,300mg,Tablet,60,"8,346",83.46,0.01,0,"Aurobindo Unit III, India",FALSE,See DN-1235 (ID#:10769),null,0.16
"70,471",161-ZA-T30,FPQ-6708,SCMS-93430,ASN-11284,South Africa,PMO - US,Direct Drop,DDP,Air,11/26/2010,12/14/2010,12-Aug-11,12-Aug-11,12-Aug-11,ARV,Pediatric,GLAXOSMITHKLINE EXPORT LIMITED,"Abacavir 20mg/ml [Ziagen], oral solution, Bottle, 240 ml",Abacavir,Ziagen,20mg/ml,Oral solution,240,"32,000",320640.00,10.02,0.04,GSK Mississauga (Canada),TRUE,12264,"$10,277.92 ",529.06
"70,486",108-VN-T30,FPQ-7427,SCMS-105480,ASN-11710,Vietnam,PMO - US,Direct Drop,EXW,Air,3/31/2011,4/14/2011,05-Sep-11,05-Sep-11,05-Sep-11,ARV,Adult,MYLAN LABORATORIES LTD (FORMERLY MATRIX LABORATORIES),"Lamivudine/Nevirapine/Zidovudine 150/200/300mg, tablets, 60 Tabs",Lamivudine/Nevirapine/Zidovudine,Generic,150/300/200mg,Tablet - FDC,60,"24,428",268463.72,10.99,0.18,Mylan (formerly Matrix) Nashik,TRUE,3408,"$13,674.64 ",442.97
"70,505",114-UG-T30,FPQ-12477,SCMS-198700,ASN-21822,Uganda,PMO - US,Direct Drop,EXW,Ocean,07-08-13,7/30/2013,08-Nov-13,08-Nov-13,13-Nov-13,ARV,Adult,STRIDES ARCOLAB LIMITED,"Efavirenz 600mg, tablets, 30 Tabs",Efavirenz,Generic,600mg,Tablet,30,"63,652",203049.88,3.19,0.11,"Strides, Bangalore, India.",TRUE,3914,"$7,769.41 ",251.17
"70,508",161-ZA-T30,FPQ-5648,SCMS-75990,ASN-8902,South Africa,PMO - US,Direct Drop,DDP,Ocean,06-02-10,6/17/2010,12-Jan-11,06-Jan-11,06-Jan-11,ARV,Adult,Aurobindo Pharma Limited,"Tenofovir Disoproxil Fumarate 300mg, tablets, 30 Tabs",Tenofovir Disoproxil Fumarate,Generic,300mg,Tablet,30,"80,381",555432.71,6.91,0.23,"Aurobindo Unit III, India",TRUE,7503,"$6,147.08 ","1,197.51"
"70,511",104-CI-T30,FPQ-13167,SCMS-215460,ASN-24164,Côte d'Ivoire,PMO - US,Direct Drop,EXW,Air,10/28/2013,12/16/2013,14-Feb-14,14-Feb-14,17-Feb-14,ARV,Pediatric,Aurobindo Pharma Limited,"Didanosine 200mg, delayed-release capsules, 30 Caps",Didanosine,Generic,200mg,Delayed-release capsules,30,827,9097.00,11,0.37,"Aurobindo Unit III, India",TRUE,72,"$1,721.91 ",9.35
"70,516",133-NG-T30,FPQ-14995,SCMS-260700,ASN-29933,Nigeria,PMO - US,Direct Drop,EXW,Air,9/22/2014,10/29/2014,19-Jan-15,19-Jan-15,22-Jan-15,HRDT,HIV test,"Orgenics, Ltd","HIV 1/2, Determine Complete HIV Kit, 100 Tests","HIV 1/2, Determine Complete HIV Kit",Determine,,Test kit,100,"3,176",282664.00,89,0.89,"Alere Medical Co., Ltd.",TRUE,1288,"$16,002.97 ",290.58
"10,768",100-SZ-T01,Pre-PQ Process,SO-30800,DN-1237,Swaziland,PMO - US,From RDC,N/A - From RDC,Air,Pre-PQ Process,N/A - From RDC,20-May-09,20-May-09,20-May-09,ARV,Pediatric,SCMS from RDC,"Efavirenz 200mg, capsule, 90 Caps",Efavirenz,Generic,200mg,Capsule,90,523,6657.79,12.73,0.14,"Aurobindo Unit III, India",FALSE,See DN-1237 (ID#:10767),null,13.05
"11,971",100-SZ-T01,Pre-PQ Process,SO-30790,DN-1238,Swaziland,PMO - US,From RDC,N/A - From RDC,Air,Pre-PQ Process,N/A - From RDC,21-May-09,21-May-09,21-May-09,ARV,Pediatric,SCMS from RDC,"Efavirenz 200mg, capsule, 90 Caps",Efavirenz,Generic,200mg,Capsule,90,"1,417",18038.41,12.73,0.14,"Aurobindo Unit III, India",FALSE,See DN-1238 (ID#:11046),null,35.36
"70,553",106-HT-T30,FPQ-13797,SCMS-233980,ASN-26456,Haiti,PMO - US,Direct Drop,EXW,Air,3/20/2014,4/30/2014,01-Aug-14,01-Aug-14,12-Aug-14,ARV,Pediatric,CIPLA LIMITED,"Lamivudine/Nevirapine/Zidovudine 30/50/60mg, dispersible tablets, 60 Tabs",Lamivudine/Nevirapine/Zidovudine,Generic,30/50/60mg,Chewable/dispersible tablet - FDC,60,"2,594",9338.40,3.6,0.06,"Cipla, Goa, India",TRUE,231,"$2,076.58 ",9.6
"70,554",106-HT-T30,FPQ-6485,SCMS-89580,ASN-8883,Haiti,PMO - US,Direct Drop,EXW,Air,10-07-10,11-04-10,17-Dec-10,17-Dec-10,17-Dec-10,HRDT,HIV test,Orasure Technologies Inc.,"HIV 1/2, OraQuick Advance HIV Rapid Antibody Kit, 100 Tests","HIV 1/2, OraQuick Advance HIV Rapid Antibody Kit",OraQuick,,Test kit,100,85,29750.00,350,3.5,"Orasure Technologies, Inc",TRUE,187,"$3,254.23 ",64.14
"70,559",108-VN-T30,FPQ-7565,SCMS-107631,ASN-11363,Vietnam,PMO - US,Direct Drop,EXW,Air,4/21/2011,05-02-11,26-Jul-11,26-Jul-11,26-Jul-11,ARV,Adult,STRIDES ARCOLAB LIMITED,"Lamivudine 150mg, tablets, 60 Tabs",Lamivudine,Generic,150mg,Tablet,60,"50,000",117500.00,2.35,0.04,"Strides, Bangalore, India.",TRUE,2537,"$9,145.10 ",193.88
"11,972",100-SZ-T01,Pre-PQ Process,SO-30790,DN-1238,Swaziland,PMO - US,From RDC,N/A - From RDC,Air,Pre-PQ Process,N/A - From RDC,21-May-09,21-May-09,21-May-09,ARV,Adult,SCMS from RDC,"Lamivudine/Nevirapine/Zidovudine 150/200/300mg, tablets, 60 Tabs",Lamivudine/Nevirapine/Zidovudine,Generic,150/300/200mg,Tablet - FDC,60,"13,600",154360.00,11.35,0.19,"Aurobindo Unit III, India",FALSE,See DN-1238 (ID#:11046),null,302.55
"70,577",108-VN-T30,FPQ-6384,SCMS-87740,ASN-9153,Vietnam,PMO - US,Direct Drop,EXW,Air,9/30/2010,10/15/2010,23-Dec-10,23-Dec-10,23-Dec-10,ARV,Adult,STRIDES ARCOLAB LIMITED,"Lamivudine 150mg, tablets, 60 Tabs",Lamivudine,Generic,150mg,Tablet,60,"29,847",70140.45,2.35,0.04,"Strides, Bangalore, India.",TRUE,1403,"$6,475.64 ",151.22
"11,980",112-NG-T01,Pre-PQ Process,SO-21050,DN-1244,Nigeria,PMO - US,From RDC,N/A - From RDC,Air Charter,Pre-PQ Process,N/A - From RDC,16-Jun-09,16-Jun-09,16-Jun-09,ARV,Adult,SCMS from RDC,"Stavudine 30mg, capsules, 60 Caps",Stavudine,Generic,30mg,Capsule,60,"1,002",1553.10,1.55,0.03,"Aurobindo Unit III, India",FALSE,See DN-1244 (ID#:11048),null,3.04
"70,614",114-UG-T30,FPQ-11098,SCMS-171680,ASN-18882,Uganda,PMO - US,Direct Drop,EXW,Air,12/13/2012,01-02-13,29-Apr-13,29-Apr-13,29-Apr-13,HRDT,HIV test,"Orgenics, Ltd","HIV 1/2, Determine Complete HIV Kit, 100 Tests","HIV 1/2, Determine Complete HIV Kit",Determine,,Test kit,100,"3,035",242800.00,80,0.8,"Alere Medical Co., Ltd.",TRUE,1346,"$32,471.83 ",300.34
"70,619",108-VN-T30,FPQ-10267,SCMS-153090,ASN-16362,Vietnam,PMO - US,Direct Drop,EXW,Air,07-10-12,07-12-12,09-Oct-12,09-Oct-12,09-Oct-12,ARV,Adult,HETERO LABS LIMITED,"Lamivudine 150mg, tablets, 60 Tabs",Lamivudine,Generic,150mg,Tablet,60,"27,634",58031.40,2.1,0.04,Hetero Unit III Hyderabad IN,TRUE,1616,"$3,147.88 ",81.36
"70,714",133-NG-T30,FPQ-14305,SCMS-240830,ASN-27467,Nigeria,PMO - US,Direct Drop,EXW,Air,5/16/2014,06-02-14,19-Aug-14,19-Aug-14,17-Sep-14,HRDT,HIV test,"Orgenics, Ltd","HIV 1/2, Determine Complete HIV Kit, 100 Tests","HIV 1/2, Determine Complete HIV Kit",Determine,,Test kit,100,"6,101",542989.00,89,0.89,"Alere Medical Co., Ltd.",TRUE,2471,"$35,912.43 ",558.19
"70,733",108-VN-T30,FPQ-10644,SCMS-161070,ASN-17741,Vietnam,PMO - US,Direct Drop,EXW,Air,9/19/2012,9/24/2012,30-Jan-13,30-Jan-13,30-Jan-13,ARV,Adult,MICRO LABS LIMITED,"Lamivudine 150mg, tablets, 60 Tabs",Lamivudine,Generic,150mg,Tablet,60,"22,430",41271.20,1.84,0.03,"Micro labs, Verna, Goa, India",TRUE,939,"$2,040.93 ",57.86
"12,286",112-NG-T01,Pre-PQ Process,SO-21050,DN-1244,Nigeria,PMO - US,From RDC,N/A - From RDC,Air Charter,Pre-PQ Process,N/A - From RDC,16-Jun-09,16-Jun-09,16-Jun-09,ARV,Adult,SCMS from RDC,"Lamivudine 150mg, tablets, 60 Tabs",Lamivudine,Generic,150mg,Tablet,60,"1,140",3306.00,2.9,0.05,"Aurobindo Unit III, India",FALSE,See DN-1244 (ID#:11048),null,6.48
"70,763",108-VN-T30,FPQ-5019,SCMS-64570,ASN-6261,Vietnam,PMO - US,Direct Drop,EXW,Air,02-02-10,02-03-10,23-Mar-10,23-Mar-10,23-Mar-10,ARV,Adult,Aurobindo Pharma Limited,"Tenofovir Disoproxil Fumarate 300mg, tablets, 30 Tabs",Tenofovir Disoproxil Fumarate,Generic,300mg,Tablet,30,"8,400",65100.00,7.75,0.26,"Aurobindo Unit III, India",TRUE,909,"$5,964.52 ",140.36
"70,788",133-NG-T30,FPQ-9599,SCMS-144200,ASN-15698,Nigeria,PMO - US,Direct Drop,EXW,Air,3/27/2012,05-03-12,01-Aug-12,01-Aug-12,01-Aug-12,HRDT,HIV test,"Orgenics, Ltd","HIV 1/2, Determine Complete HIV Kit, 100 Tests","HIV 1/2, Determine Complete HIV Kit",Determine,,Test kit,100,"3,200",284800.00,89,0.89,"Alere Medical Co., Ltd.",TRUE,1533,"$35,813.98 ",399.29
"70,795",109-TZ-T30,FPQ-10394,SCMS-156520,ASN-16037,Tanzania,PMO - US,Direct Drop,EXW,Air,7/26/2012,08-09-12,27-Sep-12,04-Oct-12,04-Oct-12,ARV,Adult,Aurobindo Pharma Limited,"Lamivudine/Zidovudine 150/300mg, tablets, 60 Tabs",Lamivudine/Zidovudine,Generic,150/300mg,Tablet - FDC,60,"53,051",379314.65,7.15,0.12,"Aurobindo Unit III, India",TRUE,4611,"$21,225.33 ",531.8
"12,885",112-NG-T01,Pre-PQ Process,SO-21050,DN-1244,Nigeria,PMO - US,From RDC,N/A - From RDC,Air Charter,Pre-PQ Process,N/A - From RDC,16-Jun-09,16-Jun-09,16-Jun-09,ARV,Adult,SCMS from RDC,"Efavirenz 600mg, tablets, 30 Tabs",Efavirenz,Generic,600mg,Tablet,30,"2,178",23522.40,10.8,0.36,"Aurobindo Unit III, India",FALSE,See DN-1244 (ID#:11048),null,46.1
"70,812",109-TZ-T30,FPQ-10546,SCMS-159630,ASN-17948,Tanzania,PMO - US,Direct Drop,FCA,Air,8/24/2012,09-12-12,15-Mar-13,15-Mar-13,15-Mar-13,ARV,Pediatric,ABBVIE LOGISTICS (FORMERLY ABBOTT LOGISTICS BV),"Lopinavir/Ritonavir 100/25mg [Aluvia], tablets, 60 Tabs",Lopinavir/Ritonavir,Generic,100/25mg,Tablet,60,407,2592.59,6.37,0.11,ABBVIE Ludwigshafen Germany,TRUE,68,"$1,264.16 ",3.63
"12,886",112-NG-T01,Pre-PQ Process,SO-21050,DN-1244,Nigeria,PMO - US,From RDC,N/A - From RDC,Air Charter,Pre-PQ Process,N/A - From RDC,16-Jun-09,16-Jun-09,16-Jun-09,ARV,Pediatric,SCMS from RDC,"Lamivudine 10mg/ml, oral solution, Bottle, 240 ml",Lamivudine,Generic,10mg/ml,Oral solution,240,806,1531.40,1.9,0.01,"Aurobindo Unit III, India",FALSE,See DN-1244 (ID#:11048),null,3
"70,823",114-UG-T30,FPQ-11141,SCMS-171970,ASN-20132,Uganda,PMO - US,Direct Drop,FCA,Air,12/13/2012,01-11-13,05-Jul-13,05-Jul-13,05-Jul-13,ARV,Adult,ABBVIE LOGISTICS (FORMERLY ABBOTT LOGISTICS BV),"Ritonavir 100mg [Norvir], film coated tablets, 60 Tabs",Ritonavir,Norvir,100mg,Tablet,60,337,2308.45,6.85,0.11,ABBVIE Ludwigshafen Germany,TRUE,55,"$1,013.70 ",2.86
"11,326",110-ZM-T01,Pre-PQ Process,SO-30300,DN-1250,Zambia,PMO - US,From RDC,N/A - From RDC,Truck,Pre-PQ Process,N/A - From RDC,15-Jun-09,15-Jun-09,15-Jun-09,ARV,Adult,SCMS from RDC,"Abacavir 300mg, tablets, 60 Tabs",Abacavir,Generic,300mg,Tablet,60,"4,594",116917.30,25.45,0.42,Mylan (formerly Matrix) Nashik,FALSE,See DN-1250 (ID#:10774),null,229.16
"70,912",107-RW-T30,FPQ-13874,SCMS-232310,ASN-25542,Rwanda,PMO - US,Direct Drop,EXW,Air,03-12-14,04-03-14,28-Apr-14,28-Apr-14,28-Apr-14,HRDT,HIV test,"SHANGHAI KEHUA BIOENGINEERING CO.,LTD.  (KHB)","HIV 1/2, SKB Colloidal Gold, Diagnostic Kit, Antibody, 50 Tests","HIV 1/2, Colloidal Gold, Diagnostic Kit, Antibody",Colloidal Gold,,Test kit,1,"5,994",146853.00,24.5,24.5,"KHB Test Kit Facility, Shanghai China",TRUE,3996,"$53,062.21 ",150.96
"70,978",114-UG-T30,FPQ-12289,SCMS-192020,ASN-20948,Uganda,PMO - US,Direct Drop,EXW,Air,5/14/2013,06-07-13,19-Aug-13,19-Aug-13,19-Aug-13,ARV,Pediatric,MICRO LABS LIMITED,"Efavirenz 50mg, capsule, 30 Caps",Efavirenz,Generic,50mg,Capsule,30,252,509.04,2.02,0.07,"Micro labs, Verna, Goa, India",TRUE,9,"$1,678.53 ",0.63
"70,979",107-RW-T30,FPQ-10223,SCMS-152910,ASN-15893,Rwanda,PMO - US,Direct Drop,EXW,Air,07-05-12,7/16/2012,09-Sep-12,09-Sep-12,09-Sep-12,ARV,Adult,Aurobindo Pharma Limited,"Nevirapine 200mg, tablets, 60 Tabs",Nevirapine,Generic,200mg,Tablet,60,"58,234",131026.50,2.25,0.04,"Aurobindo Unit III, India",TRUE,5551,"$49,069.74 ",183.7
"70,981",102-KE-T30,FPQ-4250,SCMS-55902,ASN-5661,Kenya,PMO - US,Direct Drop,EXW,Air,9/16/2009,10/23/2009,18-Jan-10,18-Jan-10,18-Jan-10,HRDT,HIV test,"Orgenics, Ltd","HIV 1/2, Determine Complete HIV Kit, 100 Tests","HIV 1/2, Determine Complete HIV Kit",Determine,,Test kit,100,"3,250",260000.00,80,0.8,Inverness Japan,TRUE,979,"$9,507.81 ",509.6
"70,991",161-ZA-T30,FPQ-7175,SCMS-103700,ASN-12628,South Africa,PMO - US,Direct Drop,DDP,Ocean,03-10-11,3/23/2011,07-Dec-11,07-Dec-11,07-Dec-11,ARV,Adult,HETERO LABS LIMITED,"Efavirenz 600mg, tablets, 30 Tabs",Efavirenz,Generic,600mg,Tablet,30,"92,500",435675.00,4.71,0.16,Hetero Unit III Hyderabad IN,TRUE,7878,"$8,134.37 ",718.86
"71,001",110-ZM-T30,FPQ-14151,SCMS-240080,ASN-26469,Zambia,PMO - US,Direct Drop,EXW,Air,4/30/2014,5/21/2014,20-Jul-14,20-Jul-14,01-Aug-14,ARV,Adult,Aurobindo Pharma Limited,"Nevirapine 200mg, tablets, 60 Tabs",Nevirapine,Generic,200mg,Tablet,60,"12,425",27956.25,2.25,0.04,"Aurobindo Unit III, India",TRUE,1273,"$6,637.36 ",28.74
"71,009",901-LR-T30,FPQ-8135,SCMS-118690,ASN-12572,Liberia,PMO - US,Direct Drop,EXW,Air,08-04-11,8/18/2011,31-Oct-11,31-Oct-11,31-Oct-11,HRDT,HIV test,"Trinity Biotech, Plc","HIV 1/2, Uni-Gold HIV Kit, 20 Tests","HIV 1/2, Uni-Gold HIV Kit",Uni-Gold,,Test kit,20,20,640.00,32,1.6,"Trinity Biotech, Plc",TRUE,7,$498.72 ,1.06
"71,012",144-BW-T30,FPQ-4167,SCMS-54010,ASN-5830,Botswana,PMO - US,Direct Drop,EXW,Air,09-09-09,9/29/2009,03-Mar-10,03-Mar-10,03-Mar-10,HRDT,HIV test,"Orgenics, Ltd","HIV 1/2, Determine HIV Kit, without Lancets, 100 Tests","HIV 1/2, Determine HIV Kit, without Lancets",Determine,,Test kit,100,8,560.00,70,0.7,Inverness Japan,TRUE,3,$690.02 ,1.1
"71,016",105-GH-T30,FPQ-13872,SCMS-235791,ASN-26604,Ghana,PMO - US,Direct Drop,EXW,Air,3/24/2014,05-07-14,17-Jul-14,17-Jul-14,17-Jul-14,ARV,Pediatric,Aurobindo Pharma Limited,"Efavirenz 50mg, capsule, 30 Caps",Efavirenz,Generic,50mg,Capsule,30,"38,584",60191.04,1.56,0.05,"Aurobindo Unit III, India",TRUE,2773,"$21,807.62 ",61.88
"11,327",110-ZM-T01,Pre-PQ Process,SO-30300,DN-1250,Zambia,PMO - US,From RDC,N/A - From RDC,Truck,Pre-PQ Process,N/A - From RDC,15-Jun-09,15-Jun-09,15-Jun-09,ARV,Adult,SCMS from RDC,"Lamivudine/Nevirapine/Stavudine 150/200/30mg, tablets, 60 Tabs",Lamivudine/Nevirapine/Stavudine,Generic,150/200/30mg,Tablet - FDC,60,"95,000",676400.00,7.12,0.12,"Cipla, Goa, India",FALSE,See DN-1250 (ID#:10774),null,"1,325.74"
"11,981",110-ZM-T01,Pre-PQ Process,SO-30300,DN-1250,Zambia,PMO - US,From RDC,N/A - From RDC,Truck,Pre-PQ Process,N/A - From RDC,15-Jun-09,15-Jun-09,15-Jun-09,ARV,Pediatric,SCMS from RDC,"Efavirenz 200mg, capsule, 90 Caps",Efavirenz,Generic,200mg,Capsule,90,680,10376.80,15.26,0.17,"Aurobindo Unit III, India",FALSE,See DN-1250 (ID#:10774),null,20.34
"71,064",107-RW-T30,FPQ-10092,SCMS-149432,ASN-15626,Rwanda,PMO - US,Direct Drop,EXW,Air,06-04-12,06-12-12,04-Aug-12,04-Aug-12,04-Aug-12,ARV,Adult,HETERO LABS LIMITED,"Lamivudine/Tenofovir Disoproxil Fumarate 300/300mg, tablets, 30 Tabs",Lamivudine/Tenofovir Disoproxil Fumarate,Generic,300/300mg,Tablet - FDC,30,"40,805",195455.95,4.79,0.16,Hetero Unit III Hyderabad IN,TRUE,4574,"$45,060.60 ",274.03
"11,983",153-NG-T01,Pre-PQ Process,SO-31170,DN-1261,Nigeria,PMO - US,From RDC,N/A - From RDC,Air Charter,Pre-PQ Process,N/A - From RDC,16-Jun-09,16-Jun-09,16-Jun-09,ARV,Adult,SCMS from RDC,"Zidovudine 300mg, tablets, 60 Tabs",Zidovudine,Generic,300mg,Tablet,60,306,2359.26,7.71,0.13,"Aurobindo Unit III, India",FALSE,See DN-1261 (ID#:11647),null,4.62
"71,096",161-ZA-T30,FPQ-6262,SCMS-83770,ASN-10570,South Africa,PMO - US,Direct Drop,DDP,Ocean,8/31/2010,9/24/2010,26-Apr-11,08-Jun-11,08-Jun-11,ARV,Adult,Aurobindo Pharma Limited,"Lamivudine 150mg, tablets, 60 Tabs",Lamivudine,Generic,150mg,Tablet,60,"25,342",60060.54,2.37,0.04,"Aurobindo Unit III, India",TRUE,1279,"$11,372.22 ",129.49
"71,111",107-RW-T30,FPQ-11773,SCMS-179950,ASN-18798,Rwanda,PMO - US,Direct Drop,EXW,Air,03-01-13,03-01-13,01-Nov-13,01-Nov-13,06-Nov-13,HRDT,HIV test,"Orgenics, Ltd","HIV 1/2, Determine HIV Kit, without Lancets, 100 Tests","HIV 1/2, Determine HIV Kit, without Lancets",Determine,,Test kit,100,"3,500",271950.00,77.7,0.78,"Alere Medical Co., Ltd.",TRUE,795,"$11,855.59 ",336.4
"12,290",123-NG-T01,Pre-PQ Process,SO-24482,DN-1263,Nigeria,PMO - US,From RDC,N/A - From RDC,Air Charter,Pre-PQ Process,N/A - From RDC,16-Jun-09,16-Jun-09,16-Jun-09,ARV,Adult,SCMS from RDC,"Lamivudine/Nevirapine/Stavudine 150/200/30mg, tablets, 60 Tabs",Lamivudine/Nevirapine/Stavudine,Generic,150/200/30mg,Tablet - FDC,60,"3,235",23033.20,7.12,0.12,"Cipla, Goa, India",FALSE,See DN-1263 (ID#:11053),null,45.15
"71,150",109-TZ-T30,FPQ-13048,SCMS-210880,ASN-25839,Tanzania,PMO - US,Direct Drop,FCA,Air,10-03-13,10/31/2013,24-Jun-14,24-Jun-14,24-Jun-14,ARV,Pediatric,ABBVIE LOGISTICS (FORMERLY ABBOTT LOGISTICS BV),"Lopinavir/Ritonavir 100/25mg [Aluvia], tablets, 60 Tabs",Lopinavir/Ritonavir,Generic,100/25mg,Tablet,60,"1,956",11618.64,5.94,0.1,ABBVIE Ludwigshafen Germany,TRUE,230,"$2,215.81 ",14.37
"71,167",151-NG-T30,FPQ-12803,SCMS-207130,ASN-23375,Nigeria,PMO - US,Direct Drop,FCA,Air,8/13/2013,9/17/2013,10-Jan-14,10-Jan-14,10-Jan-14,ARV,Pediatric,ABBVIE LOGISTICS (FORMERLY ABBOTT LOGISTICS BV),"Lopinavir/Ritonavir 80/20mg/ml [Kaletra], oral solution, cool, Bottle 5 x 60 ml",Lopinavir/Ritonavir,Kaletra,80/20mg/ml,Oral solution,300,"1,943",59883.26,30.82,0.1,ABBVIE (Abbott) Logis. UK,TRUE,1848,"$17,654.94 ",74.08
"71,180",113-ZW-T30,FPQ-13939,SCMS-240580,ASN-27035,Zimbabwe,PMO - US,Direct Drop,EXW,Air Charter,04-01-14,5/26/2014,23-Jul-14,23-Jul-14,29-Jul-14,ARV,Adult,Aurobindo Pharma Limited,"Lamivudine/Tenofovir Disoproxil Fumarate 300/300mg, tablets, 30 Tabs",Lamivudine/Tenofovir Disoproxil Fumarate,Generic,300/300mg,Tablet - FDC,30,"29,146",135528.90,4.65,0.16,"Aurobindo Unit VII, IN",TRUE,2870,"$19,430.86 ",139.32
"71,219",102-SZ-T30,FPQ-9212,SCMS-135100,ASN-14107,Swaziland,PMO - US,Direct Drop,EXW,Air,1/19/2012,02-06-12,02-Apr-12,02-Apr-12,02-Apr-12,HRDT,HIV test,"Orgenics, Ltd","HIV 1/2, Determine Complete HIV Kit, 100 Tests","HIV 1/2, Determine Complete HIV Kit",Determine,,Test kit,100,130,10400.00,80,0.8,"Alere Medical Co., Ltd.",TRUE,60,"$1,360.14 ",14.58
"71,237",110-ZM-T30,FPQ-11561,SCMS-183050,ASN-19390,Zambia,PMO - US,Direct Drop,FCA,Air,2/13/2013,3/28/2013,22-May-13,22-May-13,22-May-13,ARV,Pediatric,ABBVIE LOGISTICS (FORMERLY ABBOTT LOGISTICS BV),"Lopinavir/Ritonavir 80/20mg/ml [Kaletra], oral solution, cool, Bottle 5 x 60 ml",Lopinavir/Ritonavir,Kaletra,80/20mg/ml,Oral solution,300,760,23423.20,30.82,0.1,ABBVIE (Abbott) Logis. UK,TRUE,757,"$10,365.14 ",28.97
"11,653",106-HT-T01,Pre-PQ Process,SO-24850,DN-1280,Haiti,PMO - US,From RDC,N/A - From RDC,Air,Pre-PQ Process,N/A - From RDC,18-Jun-09,18-Jun-09,18-Jun-09,ARV,Adult,SCMS from RDC,"Stavudine 15mg, capsules, 60 Caps",Stavudine,Generic,15mg,Capsule,60,36,54.00,1.5,0.02,"Aurobindo Unit III, India",FALSE,See DN-1280 (ID#:10776),null,0.11
"11,655",114-UG-T01,Pre-PQ Process,SO-31360,DN-1287,Uganda,PMO - US,From RDC,N/A - From RDC,Air,Pre-PQ Process,N/A - From RDC,22-Jun-09,22-Jun-09,22-Jun-09,ARV,Adult,SCMS from RDC,"Efavirenz 600mg, tablets, 30 Tabs",Efavirenz,Generic,600mg,Tablet,30,"7,300",50005.00,6.85,0.23,"Aurobindo Unit III, India",FALSE,See DN-1287 (ID#:11055),null,98.01
"71,245",108-VN-T30,FPQ-7427,SCMS-105450,ASN-11067,Vietnam,PMO - US,Direct Drop,EXW,Air,3/31/2011,4/14/2011,05-Jul-11,05-Jul-11,05-Jul-11,ARV,Adult,STRIDES ARCOLAB LIMITED,"Lamivudine 150mg, tablets, 60 Tabs",Lamivudine,Generic,150mg,Tablet,60,"50,000",117500.00,2.35,0.04,"Strides, Bangalore, India.",TRUE,2351,"$10,122.75 ",193.88
"71,263",119-NA-T30,FPQ-7679,SCMS-109950,ASN-11489,Namibia,PMO - US,Direct Drop,EXW,Air,05-12-11,5/31/2011,03-Aug-11,03-Aug-11,03-Aug-11,HRDT,HIV test,"Trinity Biotech, Plc","HIV 1/2, Uni-Gold HIV Kit, 20 Tests","HIV 1/2, Uni-Gold HIV Kit",Uni-Gold,,Test kit,20,728,23296.00,32,1.6,"Trinity Biotech, Plc",TRUE,245,"$6,897.71 ",38.44
"11,656",113-ZW-T01,Pre-PQ Process,SO-21010,DN-1289,Zimbabwe,PMO - US,From RDC,N/A - From RDC,Truck,Pre-PQ Process,N/A - From RDC,22-Jun-09,22-Jun-09,22-Jun-09,ARV,Adult,SCMS from RDC,"Lamivudine/Stavudine 150/30mg, tablets, 60 Tabs",Lamivudine/Stavudine,Generic,150/30mg,Tablet - FDC,60,"4,000",16000.00,4,0.07,"Cipla, Goa, India",FALSE,See DN-1289 (ID#:11332),null,31.36
"71,293",107-RW-T30,FPQ-13853,SCMS-244220,ASN-27693,Rwanda,PMO - US,Direct Drop,FCA,Air,3/25/2014,6/30/2014,22-Aug-14,22-Aug-14,26-Aug-14,ARV,Pediatric,LAWRENCE LABORATORIES (SUBSIDIARY OF BRISTOL MYERS SQUIBB),"Atazanavir 150mg [Reyataz], capsules, 60 Caps",Atazanavir,Reyataz,150mg,Capsule,60,216,7311.60,33.85,0.56,"BMS Evansville, US",TRUE,17,$733.64 ,7.52
"71,308",144-BW-T30,FPQ-4167,SCMS-54190,ASN-6563,Botswana,PMO - US,Direct Drop,EXW,Air,09-09-09,9/30/2009,20-Apr-10,20-Apr-10,20-Apr-10,HRDT,HIV test - Ancillary,Orasure Technologies Inc.,"#109435**HIV, OraQuick Controls Kit, 3 Vials","HIV, OraQuick Controls Kit, 3 Vials",OraQuick,,Test kit - Ancillary,3,10,250.00,25,8.33,"Orasure Technologies, Inc USA",TRUE,7,$403.66 ,0.49
"11,989",113-ZW-T01,Pre-PQ Process,SO-21010,DN-1289,Zimbabwe,PMO - US,From RDC,N/A - From RDC,Truck,Pre-PQ Process,N/A - From RDC,22-Jun-09,22-Jun-09,22-Jun-09,ARV,Adult,SCMS from RDC,"Efavirenz 600mg, tablets, 30 Tabs",Efavirenz,Generic,600mg,Tablet,30,"4,000",42480.00,10.62,0.35,"Aurobindo Unit III, India",FALSE,See DN-1289 (ID#:11332),null,83.26
"12,638",110-ZM-T01,Pre-PQ Process,SO-311,DN-129,Zambia,PMO - US,From RDC,N/A - From RDC,,Pre-PQ Process,N/A - From RDC,15-May-07,15-May-07,15-May-07,ARV,Adult,SCMS from RDC,"Nelfinavir (as mesilate) 250mg [Viracept], tablets, 270 Tabs",Nelfinavir (as mesilate),Viracept,250mg,Tablet,270,864,70346.88,81.42,0.3,Roche Madrid,FALSE,See DN-129 (ID#:10818),null,
"71,320",106-HT-T30,FPQ-12682,SCMS-209710,ASN-27232,Haiti,PMO - US,Direct Drop,EXW,Air,8/23/2013,10-08-13,25-Aug-14,25-Aug-14,28-Aug-14,ARV,Pediatric,CIPLA LIMITED,"Abacavir 60mg, dispersible tablets, 60 Tabs",Abacavir,Generic,60mg,Chewable/dispersible tablet,60,482,2410.00,5,0.08,"Cipla, Patalganga, India",TRUE,50,"$1,342.44 ",2.98
"71,323",127-KE-T30,FPQ-8155,SCMS-119190,ASN-12469,Kenya,PMO - US,Direct Drop,EXW,Air,08-05-11,8/28/2011,04-Nov-11,04-Nov-11,04-Nov-11,HRDT,HIV test,"Orgenics, Ltd","HIV 1/2, Determine Complete HIV Kit, 100 Tests","HIV 1/2, Determine Complete HIV Kit",Determine,,Test kit,100,"7,238",644182.00,89,0.89,"Alere Medical Co., Ltd.",TRUE,1246,"$13,336.64 ","1,062.90"
"71,382",133-NG-T30,FPQ-10349,SCMS-155321,ASN-17169,Nigeria,PMO - US,Direct Drop,EXW,Air,7/17/2012,8/13/2012,28-Nov-12,29-Nov-12,29-Nov-12,HRDT,HIV test,"Orgenics, Ltd","HIV 1/2, Determine Complete HIV Kit, 100 Tests","HIV 1/2, Determine Complete HIV Kit",Determine,,Test kit,100,"2,744",244216.00,89,0.89,"Alere Medical Co., Ltd.",TRUE,1303,"$29,251.24 ",342.39
"71,386",133-NG-T30,FPQ-15504,SCMS-270771,ASN-32756,Nigeria,PMO - US,Direct Drop,EXW,Air,12-08-14,3/13/2015,30-Jun-15,29-Jun-15,02-Jul-15,HRDT,HIV test,"Orgenics, Ltd","HIV 1/2, Determine Complete HIV Kit, 100 Tests","HIV 1/2, Determine Complete HIV Kit",Determine,,Test kit,100,"6,350",565150.00,89,0.89,"Alere Medical Co., Ltd.",TRUE,2575,"$29,274.16 ",665.18
"71,388",161-ZA-T30,FPQ-6708,SCMS-93540,ASN-10572,South Africa,PMO - US,Direct Drop,DDP,Ocean,11/26/2010,12/14/2010,31-May-11,13-Jun-11,13-Jun-11,ARV,Adult,Aurobindo Pharma Limited,"Tenofovir Disoproxil Fumarate 300mg, tablets, 30 Tabs",Tenofovir Disoproxil Fumarate,Generic,300mg,Tablet,30,100,665.00,6.65,0.22,"Aurobindo Unit III, India",TRUE,11,"$8,809.05 ",1.1
"71,391",153-NA-T30,FPQ-9698,SCMS-144300,ASN-15068,Namibia,PMO - US,Direct Drop,EXW,Air,04-12-12,05-02-12,16-Jul-12,16-Jul-12,16-Jul-12,HRDT,HIV test,"Trinity Biotech, Plc","HIV 1/2, Uni-Gold HIV Kit, 20 Tests","HIV 1/2, Uni-Gold HIV Kit",Uni-Gold,,Test kit,20,416,13312.00,32,1.6,"Trinity Biotech, Plc",TRUE,249,"$1,640.99 ",18.66
"71,402",106-HT-T30,FPQ-14895,SCMS-261980,ASN-29907,Haiti,PMO - US,Direct Drop,EXW,Air,9/24/2014,11/14/2014,20-Jan-15,20-Jan-15,21-Jan-15,ARV,Pediatric,CIPLA LIMITED,"Lamivudine/Nevirapine/Zidovudine 30/50/60mg, dispersible tablets, 60 Tabs",Lamivudine/Nevirapine/Zidovudine,Generic,30/50/60mg,Chewable/dispersible tablet - FDC,60,"7,867",28321.20,3.6,0.06,"Cipla, Goa, India",TRUE,811,"$5,915.63 ",29.11
"71,411",113-ZW-T30,FPQ-11161,SCMS-170110,ASN-18271,Zimbabwe,PMO - US,Direct Drop,EXW,Air,12-12-12,12/26/2012,15-Mar-13,15-Mar-13,15-Mar-13,HRDT,HIV test,Premier Medical Corporation Ltd.,"HIV 1/2/O, First Response HIV 1-2.0, v.3.0 Cards Kit, 30 Tests","HIV 1/2/O, First Response HIV 1-2.0, v.3.0 Cards Kit",First Response,,Test kit,30,"8,000",180000.00,22.5,0.75,Premier Med. Corp Ltd. India,TRUE,2460,"$13,380.07 ",222.66
"71,439",161-ZA-T30,FPQ-6262,SCMS-84250,ASN-9007,South Africa,PMO - US,Direct Drop,DDP,Ocean,8/31/2010,9/21/2010,15-Dec-10,15-Dec-10,15-Dec-10,ARV,Adult,STRIDES ARCOLAB LIMITED,"Lamivudine 150mg, tablets, 60 Tabs",Lamivudine,Generic,150mg,Tablet,60,"164,908",407322.76,2.47,0.04,"Strides, Bangalore, India.",TRUE,8048,"$12,225.76 ",878.19
"11,057",123-NG-T01,Pre-PQ Process,SO-24481,DN-1296,Nigeria,PMO - US,From RDC,N/A - From RDC,Air Charter,Pre-PQ Process,N/A - From RDC,16-Jun-09,16-Jun-09,16-Jun-09,ARV,Pediatric,SCMS from RDC,"Efavirenz 200mg, capsule, 90 Caps",Efavirenz,Generic,200mg,Capsule,90,"3,000",45780.00,15.26,0.17,"Aurobindo Unit III, India",FALSE,See DN-1296 (ID#:10779),null,89.73
"71,469",107-RW-T30,FPQ-8741,SCMS-129510,ASN-15329,Rwanda,PMO - US,Direct Drop,CIP,Air,11/30/2011,03-09-12,28-Jun-12,28-Jun-12,28-Jun-12,ARV,Pediatric,CIPLA LIMITED,"Lamivudine/Stavudine 60/12mg, dispersible tablets, 60 Tabs",Lamivudine/Stavudine,Generic,60/12mg,Chewable/dispersible tablet - FDC,60,672,2466.24,3.67,0.06,"Cipla, Goa, India",TRUE,50,"$3,011.72 ",3.46
"71,477",108-VN-T30,FPQ-14516,SCMS-249050,ASN-29372,Vietnam,PMO - US,Direct Drop,EXW,Air,07-09-14,08-11-14,17-Dec-14,17-Dec-14,17-Dec-14,ARV,Adult,HETERO LABS LIMITED,"Efavirenz/Lamivudine/Tenofovir Disoproxil Fumarate 600/300/300mg, tablets, 30 Tabs",Efavirenz/Lamivudine/Tenofovir Disoproxil Fumarate,Generic,600/300/300mg,Tablet - FDC,30,"15,840",166320.00,10.5,0.35,Hetero Unit III Hyderabad IN,TRUE,2517,"$3,789.50 ",170.98
"71,487",133-NG-T30,FPQ-8117,SCMS-118190,ASN-12879,Nigeria,PMO - US,Direct Drop,EXW,Air,7/28/2011,8/15/2011,19-Dec-11,09-Dec-11,09-Dec-11,HRDT,HIV test,"Orgenics, Ltd","HIV 1/2, Determine Complete HIV Kit, 100 Tests","HIV 1/2, Determine Complete HIV Kit",Determine,,Test kit,100,"2,419",215291.00,89,0.89,"Alere Medical Co., Ltd.",TRUE,933,"$27,136.60 ",355.23
"12,894",123-NG-T01,Pre-PQ Process,SO-24481,DN-1296,Nigeria,PMO - US,From RDC,N/A - From RDC,Air Charter,Pre-PQ Process,N/A - From RDC,16-Jun-09,16-Jun-09,16-Jun-09,ARV,Adult,SCMS from RDC,"Indinavir 400mg [Crixivan], capsules, 180 Caps",Indinavir,Crixivan,400mg,Capsule,180,400,20000.00,50,0.28,"MSD, Haarlem, NL",FALSE,See DN-1296 (ID#:10779),null,39.2
"10,536",111-MZ-T01,Pre-PQ Process,SO-321,DN-13,Mozambique,PMO - US,From RDC,N/A - From RDC,Air,Pre-PQ Process,N/A - From RDC,08-Jan-07,08-Jan-07,08-Jan-07,ARV,Pediatric,SCMS from RDC,"Efavirenz 50mg [Stocrin/Sustiva], capsule, 30 Caps",Efavirenz,Stocrin/Sustiva,50mg,Capsule,30,341,1166.22,3.42,0.11,"MSD Manati, Puerto Rico, (USA)",FALSE,See DN-13 (ID#:10535),null,
"71,532",101-CD-T30,FPQ-13555,SCMS-241110,ASN-26614,"Congo, DRC",PMO - US,Direct Drop,EXW,Air,3/19/2014,5/27/2014,29-Aug-14,29-Aug-14,23-Sep-14,ARV,Pediatric,Aurobindo Pharma Limited,"Nevirapine 50mg, dispersible tablets (tablets for oral suspension), 30 Tabs",Nevirapine,Generic,50mg,Chewable/dispersible tablet,30,240,312.00,1.3,0.04,"Aurobindo Unit III, India",TRUE,30,"$1,678.57 ",0.32
"71,536",108-VN-T30,FPQ-14516,SCMS-249050,ASN-29374,Vietnam,PMO - US,Direct Drop,EXW,Air,07-09-14,08-11-14,17-Dec-14,17-Dec-14,17-Dec-14,ARV,Adult,HETERO LABS LIMITED,"Efavirenz/Lamivudine/Tenofovir Disoproxil Fumarate 600/300/300mg, tablets, 30 Tabs",Efavirenz/Lamivudine/Tenofovir Disoproxil Fumarate,Generic,600/300/300mg,Tablet - FDC,30,"20,856",218988.00,10.5,0.35,Hetero Unit III Hyderabad IN,TRUE,2959,"$4,427.52 ",225.12
"71,554",105-GH-T30,FPQ-14052,SCMS-237840,ASN-27603,Ghana,PMO - US,Direct Drop,EXW,Ocean,04-12-14,5/23/2014,04-Nov-14,04-Nov-14,06-Nov-14,ARV,Pediatric,Aurobindo Pharma Limited,"Lamivudine 10mg/ml, oral solution, Bottle, 240 ml",Lamivudine,Generic,10mg/ml,Oral solution,240,"13,863",19824.09,1.43,0.01,"Aurobindo Unit III, India",TRUE,5467,"$11,447.38 ",20.38
"12,602",114-UG-T01,Pre-PQ Process,SO-31460,DN-1300,Uganda,PMO - US,From RDC,N/A - From RDC,Air,Date Not Captured,N/A - From RDC,15-Sep-09,15-Sep-09,15-Sep-09,ARV,Adult,SCMS from RDC,"Nevirapine 200mg, tablets, 60 Tabs",Nevirapine,Generic,200mg,Tablet,60,"2,250",6525.00,2.9,0.05,"Aurobindo Unit III, India",FALSE,See DN-1300 (ID#:11669),null,12.79
"11,991",114-UG-T01,Pre-PQ Process,SO-32120,DN-1303,Uganda,PMO - US,From RDC,N/A - From RDC,Air,Date Not Captured,N/A - From RDC,14-Aug-09,14-Aug-09,14-Aug-09,ARV,Adult,SCMS from RDC,"Lamivudine/Zidovudine 150/300mg, tablets, 60 Tabs",Lamivudine/Zidovudine,Generic,150/300mg,Tablet - FDC,60,"14,479",97878.04,6.76,0.11,"Aurobindo Unit III, India",FALSE,See DN-1303 (ID#:11661),null,191.84
"82,838",154-NG-T30,FPQ-3815,SO-32270,DN-1311,Nigeria,PMO - US,From RDC,N/A - From RDC,Air Charter,5/26/2009,N/A - From RDC,30-Jul-09,04-Aug-09,04-Aug-09,ARV,Pediatric,SCMS from RDC,"Nevirapine 10mg/ml, oral suspension, Bottle, 240 ml",Nevirapine,Generic,10mg/ml,Oral suspension,240,36,69.12,1.92,0.01,"Aurobindo Unit III, India",FALSE,See DN-1311 (ID#:82837),null,0.14
"83,368",154-NG-T30,FPQ-3815,SO-32270,DN-1311,Nigeria,PMO - US,From RDC,N/A - From RDC,Air Charter,5/26/2009,N/A - From RDC,30-Jul-09,04-Aug-09,04-Aug-09,ARV,Pediatric,SCMS from RDC,"Efavirenz 200mg, capsule, 90 Caps",Efavirenz,Generic,200mg,Capsule,90,16,203.68,12.73,0.14,"Aurobindo Unit III, India",FALSE,See DN-1311 (ID#:82837),null,0.4
"71,655",105-DO-T30,FPQ-11295,SCMS-172490,ASN-18314,Dominican Republic,PMO - US,Direct Drop,EXW,Air,12/17/2012,01-11-13,26-Feb-13,26-Feb-13,26-Feb-13,HRDT,HIV test,"Trinity Biotech, Plc","HIV 1/2, Uni-Gold HIV Kit, 20 Tests","HIV 1/2, Uni-Gold HIV Kit",Uni-Gold,,Test kit,20,413,13216.00,32,1.6,"Trinity Biotech, Plc",TRUE,134,"$1,083.85 ",16.35
"71,672",133-NG-T30,FPQ-4069,SCMS-51090,ASN-5225,Nigeria,PMO - US,Direct Drop,EXW,Air,08-03-09,08-07-09,16-Nov-09,16-Nov-09,16-Nov-09,HRDT,HIV test,"Orgenics, Ltd","HIV 1/2, Determine Complete HIV Kit, 100 Tests","HIV 1/2, Determine Complete HIV Kit",Determine,,Test kit,100,"5,100",408000.00,80,0.8,Inverness Japan,TRUE,2440,"$43,692.46 ",799.68
"71,712",106-HT-T30,FPQ-15102,SCMS-260780,ASN-31453,Haiti,PMO - US,Direct Drop,EXW,Air,10-10-14,11-05-14,05-May-15,22-Apr-15,23-Apr-15,HRDT,HIV test,"Orgenics, Ltd","HIV 1/2, Determine Complete HIV Kit, 100 Tests","HIV 1/2, Determine Complete HIV Kit",Determine,,Test kit,100,"5,698",569800.00,100,1,"Alere Medical Co., Ltd.",TRUE,2314,"$22,194.09 ",670.65
"83,369",154-NG-T30,FPQ-3815,SO-32270,DN-1311,Nigeria,PMO - US,From RDC,N/A - From RDC,Air Charter,5/26/2009,N/A - From RDC,30-Jul-09,04-Aug-09,04-Aug-09,ARV,Adult,SCMS from RDC,"Stavudine 30mg, capsules, 60 Caps",Stavudine,Generic,30mg,Capsule,60,50,73.00,1.46,0.02,"Aurobindo Unit III, India",FALSE,See DN-1311 (ID#:82837),null,0.14
"83,948",154-NG-T30,FPQ-3815,SO-32270,DN-1311,Nigeria,PMO - US,From RDC,N/A - From RDC,Air Charter,5/26/2009,N/A - From RDC,30-Jul-09,04-Aug-09,04-Aug-09,ARV,Adult,SCMS from RDC,"Lamivudine/Zidovudine 150/300mg, tablets, 60 Tabs",Lamivudine/Zidovudine,Generic,150/300mg,Tablet - FDC,60,214,1874.64,8.76,0.15,"Aurobindo Unit III, India",FALSE,See DN-1311 (ID#:82837),null,3.67
"71,773",114-UG-T30,FPQ-11371,SCMS-173110,ASN-18722,Uganda,PMO - US,Direct Drop,EXW,Air,01-03-13,01-11-13,29-Apr-13,29-Apr-13,29-Apr-13,HRDT,HIV test - Ancillary,"Orgenics, Ltd","Capillary Tubes, for Determine, EDTA, 50uL,100 Pcs","HIV, Capillary Tubes, for Determine, EDTA, 50uL,100 Pcs",Determine,,Test kit - Ancillary,100,100,800.00,8,0.08,"Alere Medical Co., Ltd.",TRUE,74,"$1,649.91 ",0.99
"83,949",154-NG-T30,FPQ-3815,SO-32270,DN-1311,Nigeria,PMO - US,From RDC,N/A - From RDC,Air Charter,5/26/2009,N/A - From RDC,30-Jul-09,04-Aug-09,04-Aug-09,ARV,Pediatric,SCMS from RDC,"Lamivudine 10mg/ml, oral solution, Bottle, 240 ml",Lamivudine,Generic,10mg/ml,Oral solution,240,75,142.50,1.9,0.01,"Aurobindo Unit III, India",FALSE,See DN-1311 (ID#:82837),null,0.28
"84,497",154-NG-T30,FPQ-3815,SO-32270,DN-1311,Nigeria,PMO - US,From RDC,N/A - From RDC,Air Charter,5/26/2009,N/A - From RDC,30-Jul-09,04-Aug-09,04-Aug-09,ARV,Adult,SCMS from RDC,"Zidovudine 300mg, tablets, 60 Tabs",Zidovudine,Generic,300mg,Tablet,60,98,737.94,7.53,0.13,"Aurobindo Unit III, India",FALSE,See DN-1311 (ID#:82837),null,1.45
"71,840",104-CI-T30,FPQ-13603,SCMS-228090,ASN-29971,Côte d'Ivoire,PMO - US,Direct Drop,EXW,Air,1/23/2014,2/27/2014,23-Jan-15,23-Jan-15,23-Jan-15,HRDT,HIV test,"CHEMBIO DIAGNOSTIC SYSTEMS, INC.","HIV 1/2, Stat-Pak HIV, Kit, 20 Tests","HIV 1/2, Stat-Pak HIV, Kit",Stat-Pak,,Test kit,20,"2,120",65720.00,31,1.55,Chembio Diagnostics Sys. Inc.,TRUE,610,"$8,291.96 ",67.56
"71,878",106-HT-T30,FPQ-7670,SCMS-109660,ASN-11484,Haiti,PMO - US,Direct Drop,FCA,Air,05-06-11,5/19/2011,08-Aug-11,08-Aug-11,08-Aug-11,ARV,Pediatric,ABBVIE LOGISTICS (FORMERLY ABBOTT LOGISTICS BV),"Lopinavir/Ritonavir 80/20mg/ml [Kaletra], oral solution, cool, Bottle 5 x 60 ml",Lopinavir/Ritonavir,Kaletra,80/20mg/ml,Oral solution,300,90,3033.00,33.7,0.11,ABBVIE (Abbott) Logis. UK,TRUE,126,"$1,767.91 ",5
"71,909",104-CI-T30,FPQ-10764,SCMS-162871,ASN-19031,Côte d'Ivoire,PMO - US,Direct Drop,EXW,Air,10-10-12,10/22/2012,19-Apr-13,19-Apr-13,19-Apr-13,HRDT,HIV test,BIO-RAD LABORATORIES (FRANCE),"HIV 1/2, Genie III Kit, 50 Tests","HIV 1/2, Genie III Kit",Genie,,Test kit,50,300,27300.00,91,1.82,Bio-Rad Laboratories,TRUE,160,"$2,595.63 ",38.27
"71,917",107-RW-T30,FPQ-12518,SCMS-198222,ASN-24719,Rwanda,PMO - US,Direct Drop,EXW,Air,6/21/2013,08-12-13,27-Mar-14,27-Mar-14,08-May-14,HRDT,HIV test,"SHANGHAI KEHUA BIOENGINEERING CO.,LTD.  (KHB)","HIV 1/2, SKB Colloidal Gold, Diagnostic Kit, Antibody, 50 Tests","HIV 1/2, Colloidal Gold, Diagnostic Kit, Antibody",Colloidal Gold,,Test kit,1,"2,988",73206.00,24.5,24.5,"KHB Test Kit Facility, Shanghai China",TRUE,1992,"$26,266.34 ",90.56
"85,626",154-NG-T30,FPQ-3815,SO-32270,DN-1311,Nigeria,PMO - US,From RDC,N/A - From RDC,Air Charter,5/26/2009,N/A - From RDC,30-Jul-09,04-Aug-09,04-Aug-09,ARV,Adult,SCMS from RDC,"Nevirapine 200mg, tablets, 60 Tabs",Nevirapine,Generic,200mg,Tablet,60,253,733.70,2.9,0.05,"Aurobindo Unit III, India",FALSE,See DN-1311 (ID#:82837),null,1.44
"86,235",154-NG-T30,FPQ-3815,SO-32270,DN-1311,Nigeria,PMO - US,From RDC,N/A - From RDC,Air Charter,5/26/2009,N/A - From RDC,30-Jul-09,04-Aug-09,04-Aug-09,ARV,Adult,SCMS from RDC,"Efavirenz 600mg, tablets, 30 Tabs",Efavirenz,Generic,600mg,Tablet,30,301,2061.85,6.85,0.23,"Aurobindo Unit III, India",FALSE,See DN-1311 (ID#:82837),null,4.04
"11,336",104-CI-T01,Pre-PQ Process,SO-27540,DN-1315,Côte d'Ivoire,PMO - US,From RDC,N/A - From RDC,Air,Date Not Captured,N/A - From RDC,14-Jul-09,14-Jul-09,14-Jul-09,ARV,Adult,SCMS from RDC,"Tenofovir Disoproxil Fumarate 300mg, tablets, 30 Tabs",Tenofovir Disoproxil Fumarate,Generic,300mg,Tablet,30,"6,000",79680.00,13.28,0.44,Mylan (formerly Matrix) Nashik,FALSE,See DN-1315 (ID#:10781),null,156.17
"71,965",113-ZW-T30,FPQ-7521,SCMS-108000,ASN-12245,Zimbabwe,PMO - US,Direct Drop,EXW,Air,04-07-11,05-05-11,19-Oct-11,18-Oct-11,18-Oct-11,HRDT,HIV test,"Orgenics, Ltd","HIV 1/2, Determine Complete HIV Kit, 100 Tests","HIV 1/2, Determine Complete HIV Kit",Determine,,Test kit,100,"1,145",91600.00,80,0.8,Inverness Japan,TRUE,647,"$13,312.88 ",151.14
"71,971",108-VN-T30,FPQ-5899,SCMS-77410,ASN-8343,Vietnam,PMO - US,Direct Drop,EXW,Air,6/23/2010,07-01-10,13-Oct-10,13-Oct-10,13-Oct-10,ARV,Adult,STRIDES ARCOLAB LIMITED,"Nevirapine 200mg, tablets, 60 Tabs",Nevirapine,Generic,200mg,Tablet,60,"3,753",9532.62,2.54,0.04,"Strides, Bangalore, India.",TRUE,216,"$4,146.33 ",20.55
"11,660",104-CI-T01,Pre-PQ Process,SO-27540,DN-1315,Côte d'Ivoire,PMO - US,From RDC,N/A - From RDC,Air,Date Not Captured,N/A - From RDC,14-Jul-09,14-Jul-09,14-Jul-09,ARV,Adult,SCMS from RDC,"Nevirapine 200mg, tablets, 60 Tabs",Nevirapine,Generic,200mg,Tablet,60,"13,325",39975.00,3,0.05,"Aurobindo Unit III, India",FALSE,See DN-1315 (ID#:10781),null,78.35
"72,049",900-UG-T30,FPQ-10089,SCMS-149400,ASN-15429,Uganda,PMO - US,Direct Drop,EXW,Air,06-07-12,06-12-12,12-Jul-12,12-Jul-12,12-Jul-12,ARV,Adult,Aurobindo Pharma Limited,"Nevirapine 200mg, tablets, 60 Tabs",Nevirapine,Generic,200mg,Tablet,60,"22,500",52875.00,2.35,0.04,"Aurobindo Unit III, India",TRUE,2145,"$8,143.97 ",74.13
"11,378",112-NG-T01,Pre-PQ Process,SO-329,DN-132,Nigeria,PMO - US,From RDC,N/A - From RDC,,Pre-PQ Process,N/A - From RDC,23-May-07,23-May-07,23-May-07,ARV,Pediatric,SCMS from RDC,"Nevirapine 10mg/ml, oral suspension, Bottle, 240 ml",Nevirapine,Generic,10mg/ml,Oral suspension,240,"1,181",4133.50,3.5,0.01,"Aurobindo Unit III, India",FALSE,See DN-132 (ID#:11105),null,
"72,085",107-RW-T30,FPQ-8742,SCMS-137420,ASN-15492,Rwanda,PMO - US,Direct Drop,EXW,Ocean,12-07-11,5/18/2012,02-Aug-12,02-Aug-12,02-Aug-12,ARV,Adult,HETERO LABS LIMITED,"Efavirenz 600mg, tablets, 30 Tabs",Efavirenz,Generic,600mg,Tablet,30,"20,370",72720.90,3.57,0.12,Hetero Unit III Hyderabad IN,TRUE,1619,"$9,054.61 ",101.95
"12,300",111-MZ-T01,Pre-PQ Process,SO-26423,DN-1332,Mozambique,PMO - US,From RDC,N/A - From RDC,Truck,Date Not Captured,N/A - From RDC,27-Aug-09,27-Aug-09,27-Aug-09,ARV,Adult,SCMS from RDC,"Lamivudine/Stavudine 150/30mg, tablets, 60 Tabs",Lamivudine/Stavudine,Generic,150/30mg,Tablet - FDC,60,"23,100",87780.00,3.8,0.06,"Cipla, Goa, India",FALSE,See DN-1332 (ID#:11663),null,172.05
"72,142",107-RW-T30,FPQ-8365,SCMS-126480,ASN-15215,Rwanda,PMO - US,Direct Drop,FCA,Air,10/26/2011,11-11-11,29-Jun-12,29-Jun-12,29-Jun-12,ARV,Pediatric,ABBVIE LOGISTICS (FORMERLY ABBOTT LOGISTICS BV),"Lopinavir/Ritonavir 100/25mg [Aluvia], tablets, 60 Tabs",Lopinavir/Ritonavir,Generic,100/25mg,Tablet,60,"1,575",12143.25,7.71,0.13,ABBVIE Ludwigshafen Germany,TRUE,186,"$2,874.03 ",20.04
"12,898",111-MZ-T01,Pre-PQ Process,SO-26423,DN-1332,Mozambique,PMO - US,From RDC,N/A - From RDC,Truck,Date Not Captured,N/A - From RDC,27-Aug-09,27-Aug-09,27-Aug-09,ARV,Adult,SCMS from RDC,"Lamivudine 150mg, tablets, 60 Tabs",Lamivudine,Generic,150mg,Tablet,60,"1,894",4621.36,2.44,0.04,"Aurobindo Unit III, India",FALSE,See DN-1332 (ID#:11663),null,9.06
"72,158",109-TZ-T30,FPQ-5174,SCMS-66910,ASN-6720,Tanzania,PMO - US,Direct Drop,FCA,Air,03-01-10,03-12-10,11-Jun-10,11-Jun-10,11-Jun-10,ARV,Adult,ABBVIE LOGISTICS (FORMERLY ABBOTT LOGISTICS BV),"Lopinavir/Ritonavir 200/50mg [Aluvia], tablets, 120 Tabs",Lopinavir/Ritonavir,Aluvia,200/50mg,Tablet,120,"7,145",258363.20,36.16,0.3,ABBVIE Ludwigshafen Germany,TRUE,1604,"$9,915.56 ",557.03
"72,193",161-ZA-T30,FPQ-5648,SCMS-75750,ASN-9177,South Africa,PMO - US,Direct Drop,DDP,Ocean,06-02-10,6/17/2010,01-Feb-11,01-Feb-11,01-Feb-11,ARV,Adult,Aurobindo Pharma Limited,"Efavirenz 600mg, tablets, 30 Tabs",Efavirenz,Generic,600mg,Tablet,30,"64,260",289812.60,4.51,0.15,"Aurobindo Unit III, India",TRUE,5623,$630.50 ,624.84
"84,498",154-NG-T30,FPQ-3815,SO-32273,DN-1333,Nigeria,PMO - US,From RDC,N/A - From RDC,Air,5/26/2009,N/A - From RDC,17-Sep-09,14-Sep-09,14-Sep-09,ARV,Adult,SCMS from RDC,"Lamivudine/Zidovudine 150/300mg, tablets, 60 Tabs",Lamivudine/Zidovudine,Generic,150/300mg,Tablet - FDC,60,316,2768.16,8.76,0.15,"Aurobindo Unit III, India",FALSE,See DN-1333 (ID#:82839),null,5.43
"84,499",154-NG-T30,FPQ-3815,SO-32273,DN-1333,Nigeria,PMO - US,From RDC,N/A - From RDC,Air,5/26/2009,N/A - From RDC,17-Sep-09,14-Sep-09,14-Sep-09,ARV,Adult,SCMS from RDC,"Lamivudine/Nevirapine/Stavudine 150/200/30mg, tablets, 60 Tabs",Lamivudine/Nevirapine/Stavudine,Generic,150/200/30mg,Tablet - FDC,60,45,315.00,7,0.12,"Strides, Bangalore, India.",FALSE,See DN-1333 (ID#:82839),null,0.62
"72,241",107-RW-T30,FPQ-13874,SCMS-232310,ASN-25540,Rwanda,PMO - US,Direct Drop,EXW,Air,03-12-14,04-03-14,28-Apr-14,28-Apr-14,28-Apr-14,HRDT,HIV test,"SHANGHAI KEHUA BIOENGINEERING CO.,LTD.  (KHB)","HIV 1/2, SKB Colloidal Gold, Diagnostic Kit, Antibody, 50 Tests","HIV 1/2, Colloidal Gold, Diagnostic Kit, Antibody",Colloidal Gold,,Test kit,1,"5,994",146853.00,24.5,24.5,"KHB Test Kit Facility, Shanghai China",TRUE,3996,"$53,062.21 ",150.96
"11,339",104-CI-T01,Pre-PQ Process,SO-32250,DN-1335,Côte d'Ivoire,PMO - US,From RDC,N/A - From RDC,Air,Date Not Captured,N/A - From RDC,16-Jul-09,16-Jul-09,16-Jul-09,ARV,Adult,SCMS from RDC,"Stavudine 15mg, capsules, 60 Caps",Stavudine,Generic,15mg,Capsule,60,296,444.00,1.5,0.02,"Aurobindo Unit III, India",FALSE,See DN-1335 (ID#:11338),null,0.87
"72,263",161-ZA-T30,FPQ-5303,SCMS-68910,ASN-7469,South Africa,PMO - US,Direct Drop,DDP,Air,3/18/2010,3/19/2010,24-Aug-10,24-Aug-10,24-Aug-10,ARV,Adult,Aurobindo Pharma Limited,"Efavirenz 600mg, tablets, 30 Tabs",Efavirenz,Generic,600mg,Tablet,30,"56,970",266049.90,4.67,0.16,"Aurobindo Unit III, India",TRUE,4822,"$5,886.90 ",573.6
"72,281",119-NA-T30,FPQ-3983,SCMS-50160,ASN-4754,Namibia,PMO - US,Direct Drop,EXW,Air,7/17/2009,7/25/2009,25-Aug-09,25-Aug-09,25-Aug-09,HRDT,HIV test,"Orgenics, Ltd","HIV 1/2, Determine HIV Kit, without Lancets, 100 Tests","HIV 1/2, Determine HIV Kit, without Lancets",Determine,,Test kit,100,150,10500.00,70,0.7,Inverness Japan,TRUE,37,"$2,541.80 ",20.58
"72,291",107-RW-T30,FPQ-4047,SCMS-50820,ASN-7096,Rwanda,PMO - US,Direct Drop,CIP,Air,7/28/2009,8/18/2009,13-Jun-10,13-Jun-10,13-Jun-10,ARV,Adult,HETERO LABS LIMITED,"Lamivudine 150mg, tablets, 60 Tabs",Lamivudine,Generic,150mg,Tablet,60,"15,750",40792.50,2.59,0.04,Hetero Unit III Hyderabad IN,TRUE,986,"$4,015.82 ",79.95
"72,293",110-ZM-T30,FPQ-14151,SCMS-239800,ASN-27557,Zambia,PMO - US,Direct Drop,EXW,Air,4/30/2014,5/20/2014,01-Oct-14,01-Oct-14,01-Oct-14,ARV,Adult,HETERO LABS LIMITED,"Nevirapine 200mg, tablets, 60 Tabs",Nevirapine,Generic,200mg,Tablet,60,"100,000",218000.00,2.18,0.04,Hetero Unit III Hyderabad IN,TRUE,6304,"$34,182.97 ",224.1
"72,300",106-HT-T30,FPQ-9066,SCMS-138560,ASN-14157,Haiti,PMO - US,Direct Drop,FCA,Air,01-06-12,2/24/2012,27-Mar-12,27-Mar-12,27-Mar-12,ARV,Pediatric,ABBVIE LOGISTICS (FORMERLY ABBOTT LOGISTICS BV),"Lopinavir/Ritonavir 100/25mg [Aluvia], tablets, 60 Tabs",Lopinavir/Ritonavir,Generic,100/25mg,Tablet,60,360,2775.60,7.71,0.13,ABBVIE Ludwigshafen Germany,TRUE,46,$984.39 ,3.89
"72,336",102-KE-T30,FPQ-4591,SCMS-58382,ASN-7491,Kenya,PMO - US,Direct Drop,EXW,Air,11/18/2009,5/27/2010,29-Jul-10,30-Jul-10,30-Jul-10,HRDT,HIV test,"Orgenics, Ltd","HIV 1/2, Determine Complete HIV Kit, 100 Tests","HIV 1/2, Determine Complete HIV Kit",Determine,,Test kit,100,"4,555",364400.00,80,0.8,Inverness Japan,TRUE,974,"$9,456.46 ",785.65
"72,377",110-ZM-T30,FPQ-14827,SCMS-256330,ASN-28820,Zambia,PMO - US,Direct Drop,EXW,Air,8/19/2014,9/25/2014,26-Mar-15,26-Mar-15,31-Mar-15,HRDT,HIV test,"Trinity Biotech, Plc","HIV 1/2, Uni-Gold HIV Kit, 20 Tests","HIV 1/2, Uni-Gold HIV Kit",Uni-Gold,,Test kit,20,"3,000",96000.00,32,1.6,"Trinity Biotech, Plc",TRUE,909,"$10,203.10 ",98.69
"72,420",161-ZA-T30,FPQ-6708,SCMS-93550,ASN-10571,South Africa,PMO - US,Direct Drop,DDP,Ocean,11/26/2010,12/14/2010,13-Jun-11,13-Jun-11,13-Jun-11,ARV,Adult,Aurobindo Pharma Limited,"Tenofovir Disoproxil Fumarate 300mg, tablets, 30 Tabs",Tenofovir Disoproxil Fumarate,Generic,300mg,Tablet,30,"21,896",145608.40,6.65,0.22,"Aurobindo Unit III, India",TRUE,2044,"$5,768.66 ",240.25
"72,424",161-ZA-T30,FPQ-5648,SCMS-75670,ASN-9183,South Africa,PMO - US,Direct Drop,DDP,Ocean,06-02-10,6/17/2010,01-Feb-11,01-Feb-11,01-Feb-11,ARV,Pediatric,Aurobindo Pharma Limited,"Efavirenz 50mg, capsule, 30 Caps",Efavirenz,Generic,50mg,Capsule,30,"92,000",216200.00,2.35,0.08,"Aurobindo Unit III, India",TRUE,5184,"$9,592.95 ",466.13
"83,372",154-NG-T30,FPQ-3815,SO-32272,DN-1360,Nigeria,PMO - US,From RDC,N/A - From RDC,Air Charter,5/26/2009,N/A - From RDC,31-Aug-09,04-Aug-09,04-Aug-09,ARV,Adult,SCMS from RDC,"Nevirapine 200mg, tablets, 60 Tabs",Nevirapine,Generic,200mg,Tablet,60,233,675.70,2.9,0.05,"Aurobindo Unit III, India",FALSE,See DN-1360 (ID#:83371),null,1.32
"73,301",114-UG-T30,FPQ-6563,SCMS-91740,ASN-9071,Uganda,PMO - US,Direct Drop,FCA,Air,10/31/2010,11/17/2010,21-Dec-10,21-Dec-10,21-Dec-10,ARV,Adult,Hoffmann-La Roche ltd Basel,"Saquinavir 500mg [Invirase], tablets, 120 Tabs",Saquinavir,Invirase,500mg,Tablet,120,98,10150.19,103.57,0.86,Roche Madrid,TRUE,18,$968.25 ,16.75
"72,426",101-CD-T30,FPQ-12035,SCMS-188850,ASN-20251,"Congo, DRC",PMO - US,Direct Drop,EXW,Air,04-12-13,5/17/2013,30-Sep-13,30-Sep-13,30-Sep-13,ANTM-r5t,Malaria,IMRES B.V.,"Sulfadoxine/Pyrimethamine 500/25mg, tablets, 1000 Tabs",Sulfadoxine/Pyrimethamine,Generic,500/25mg,Tablet - FDC,"1,000",720,16164.00,22.45,0.02,"Guilin OSD site, No 17, China",TRUE,578,"$3,089.83 ",19.99
"72,445",104-CI-T30,FPQ-10764,SCMS-162872,ASN-20045,Côte d'Ivoire,PMO - US,Direct Drop,EXW,Air,10-10-12,4/17/2013,24-Jun-13,24-Jun-13,24-Jun-13,HRDT,HIV test,BIO-RAD LABORATORIES (FRANCE),"HIV 1/2, Genie III Kit, 50 Tests","HIV 1/2, Genie III Kit",Genie,,Test kit,50,300,27300.00,91,1.82,Bio-Rad Laboratories,TRUE,728,"$6,879.32 ",38.27
"84,500",154-NG-T30,FPQ-3815,SO-32272,DN-1360,Nigeria,PMO - US,From RDC,N/A - From RDC,Air Charter,5/26/2009,N/A - From RDC,31-Aug-09,04-Aug-09,04-Aug-09,ARV,Pediatric,SCMS from RDC,"Efavirenz 200mg, capsule, 90 Caps",Efavirenz,Generic,200mg,Capsule,90,15,190.95,12.73,0.14,"Aurobindo Unit III, India",FALSE,See DN-1360 (ID#:83371),null,0.37
"85,064",154-NG-T30,FPQ-3815,SO-32272,DN-1360,Nigeria,PMO - US,From RDC,N/A - From RDC,Air Charter,5/26/2009,N/A - From RDC,31-Aug-09,04-Aug-09,04-Aug-09,ARV,Adult,SCMS from RDC,"Lamivudine 150mg, tablets, 60 Tabs",Lamivudine,Generic,150mg,Tablet,60,45,109.80,2.44,0.04,"Aurobindo Unit III, India",FALSE,See DN-1360 (ID#:83371),null,0.22
"72,485",102-KE-T30,FPQ-4591,SCMS-58381,ASN-7199,Kenya,PMO - US,Direct Drop,EXW,Air,11/18/2009,12-02-09,07-Jul-10,07-Jul-10,07-Jul-10,HRDT,HIV test,"Orgenics, Ltd","HIV 1/2, Determine Complete HIV Kit, 100 Tests","HIV 1/2, Determine Complete HIV Kit",Determine,,Test kit,100,"5,361",428880.00,80,0.8,Inverness Japan,TRUE,1098,"$10,929.38 ",924.67
"72,492",133-NG-T30,FPQ-10765,SCMS-162450,ASN-19648,Nigeria,PMO - US,Direct Drop,EXW,Air,10-05-12,10/16/2012,12-Jun-13,12-Jun-13,12-Jun-13,HRDT,HIV test,"CHEMBIO DIAGNOSTIC SYSTEMS, INC.","HIV 1/2, Stat-Pak HIV, Kit, 20 Tests","HIV 1/2, Stat-Pak HIV, Kit",Stat-Pak,,Test kit,20,"4,848",140592.00,29,1.45,Chembio Diagnostics Sys. Inc.,TRUE,1784,"$8,248.33 ",197.11
"72,535",106-HT-T30,FPQ-14895,SCMS-261012,ASN-32854,Haiti,PMO - US,Direct Drop,EXW,Air,9/24/2014,11/14/2014,21-Jul-15,21-Jul-15,22-Jul-15,ARV,Adult,EMCURE PHARMACEUTICALS LTD,"Atazanavir/Ritonavir 300/100mg, tablets, 30 Tabs",Atazanavir/Ritonavir,Generic,300/100mg,Tablet,30,"8,000",144000.00,18,0.6,"Emcure Plot No.P-2, I.T-B.T. Park, Phase II, MIDC, Hinjwadi, Pune, India",TRUE,1023,"$6,433.80 ",148.03
"72,538",114-UG-T30,FPQ-14254,SCMS-239770,ASN-27174,Uganda,PMO - US,Direct Drop,EXW,Air,05-12-14,5/20/2014,30-Jul-14,30-Jul-14,07-Aug-14,HRDT,HIV test,"Orgenics, Ltd","HIV 1/2, Determine Complete HIV Kit, 100 Tests","HIV 1/2, Determine Complete HIV Kit",Determine,,Test kit,100,"6,000",480000.00,80,0.8,"Alere Medical Co., Ltd.",TRUE,2432,"$23,482.06 ",493.44
"86,237",154-NG-T30,FPQ-3815,SO-32272,DN-1360,Nigeria,PMO - US,From RDC,N/A - From RDC,Air Charter,5/26/2009,N/A - From RDC,31-Aug-09,04-Aug-09,04-Aug-09,ARV,Adult,SCMS from RDC,"Stavudine 30mg, capsules, 60 Caps",Stavudine,Generic,30mg,Capsule,60,45,65.70,1.46,0.02,"Aurobindo Unit III, India",FALSE,See DN-1360 (ID#:83371),null,0.13
"72,557",114-UG-T30,FPQ-12154,SCMS-188330,ASN-20241,Uganda,PMO - US,Direct Drop,EXW,Air,4/23/2013,05-09-13,11-Jul-13,15-Jul-13,15-Jul-13,HRDT,HIV test,"Orgenics, Ltd","HIV 1/2, Determine Complete HIV Kit, 100 Tests","HIV 1/2, Determine Complete HIV Kit",Determine,,Test kit,100,"3,032",242560.00,80,0.8,"Alere Medical Co., Ltd.",TRUE,1317,"$47,892.57 ",300.05
"72,572",102-BW-T30,FPQ-6652,SCMS-93790,ASN-9739,Botswana,PMO - US,Direct Drop,EXW,Air,11/19/2010,12-09-10,14-Mar-11,14-Mar-11,14-Mar-11,HRDT,HIV test,"SHANGHAI KEHUA BIOENGINEERING CO.,LTD.  (KHB)","HIV 1/2, SKB Colloidal Gold, Diagnostic Kit, Antibody, 50 Tests","HIV 1/2, Colloidal Gold, Diagnostic Kit, Antibody",Colloidal Gold,,Test kit,1,20,460.00,23,23,"KHB Test Kit Facility, Shanghai China",TRUE,16,$486.18 ,0.76
"72,586",111-MZ-T30,FPQ-8527,SCMS-130161,ASN-14527,Mozambique,PMO - US,Direct Drop,EXW,Ocean,10-05-11,04-09-12,20-Aug-12,20-Aug-12,20-Aug-12,HRDT,HIV test,"Orgenics, Ltd","HIV 1/2, Determine Complete HIV Kit, 100 Tests","HIV 1/2, Determine Complete HIV Kit",Determine,,Test kit,100,"7,882",630560.00,80,0.8,"Alere Medical Co., Ltd.",TRUE,3757,"$15,105.99 ","1,040.42"
"12,304",151-NG-T01,Pre-PQ Process,SO-27817,DN-1367,Nigeria,PMO - US,From RDC,N/A - From RDC,Air Charter,Date Not Captured,N/A - From RDC,04-Aug-09,04-Aug-09,04-Aug-09,ARV,Adult,SCMS from RDC,"Emtricitabine/Tenofovir Disoproxil Fumarate 200/300mg, tablets, 30 Tabs",Emtricitabine/Tenofovir Disoproxil Fumarate,Generic,200/300mg,Tablet - FDC,30,"5,794",68079.50,11.75,0.39,Mylan (formerly Matrix) Nashik,FALSE,See DN-1367 (ID#:11346),null,133.44
"72,625",106-HT-T30,FPQ-4337,SCMS-56130,ASN-5752,Haiti,PMO - US,Direct Drop,CIP,Air,10/13/2009,11-06-09,27-Jan-10,27-Jan-10,27-Jan-10,ARV,Pediatric,MERCK SHARP & DOHME IDEA GMBH (FORMALLY MERCK SHARP & DOHME B.V.),"Efavirenz 30mg/ml [Stocrin/Sustiva], oral solution, Bottle, 180 ml",Efavirenz,Stocrin/Sustiva,30mg/ml,Oral solution,180,167,2832.32,16.96,0.09,"MSD, Haarlem, NL",TRUE,47,$290 ,5.55
"72,639",104-CI-T30,FPQ-5207,SCMS-75361,ASN-7945,Côte d'Ivoire,PMO - US,Direct Drop,EXW,Air,2/25/2010,06-07-10,27-Aug-10,27-Aug-10,27-Aug-10,HRDT,HIV test,"CHEMBIO DIAGNOSTIC SYSTEMS, INC.","HIV 1/2, Stat-Pak HIV, Kit, 20 Tests","HIV 1/2, Stat-Pak HIV, Kit",Stat-Pak,,Test kit,20,"2,068",55836.00,27,1.35,Chembio Diagnostics Sys. Inc.,TRUE,685,"$5,557.27 ",120.38
"11,063",106-HT-T01,Pre-PQ Process,SO-32760,DN-1373,Haiti,PMO - US,From RDC,N/A - From RDC,Air,Date Not Captured,N/A - From RDC,31-Jul-09,31-Jul-09,31-Jul-09,ARV,Pediatric,SCMS from RDC,"Nevirapine 10mg/ml, oral suspension, Bottle, 240 ml",Nevirapine,Generic,10mg/ml,Oral suspension,240,"2,304",4423.68,1.92,0.01,"Aurobindo Unit III, India",FALSE,See DN-1373 (ID#:11062),null,8.67
"72,698",108-VN-T30,FPQ-12539,SCMS-199720,ASN-22937,Vietnam,PMO - US,Direct Drop,EXW,Air,07-11-13,7/25/2013,16-Dec-13,16-Dec-13,16-Dec-13,ARV,Adult,Aurobindo Pharma Limited,"Abacavir 300mg, tablets, 60 Tabs",Abacavir,Generic,300mg,Tablet,60,591,6737.40,11.4,0.19,"Aurobindo Unit III, India",TRUE,36,$430.50 ,8.33
"72,719",104-CI-T30,FPQ-10764,SCMS-162870,ASN-17621,Côte d'Ivoire,PMO - US,Direct Drop,EXW,Air,10-10-12,10/22/2012,09-Jan-13,09-Jan-13,09-Jan-13,HRDT,HIV test,BIO-RAD LABORATORIES (FRANCE),"HIV 1/2, Genie III Kit, 50 Tests","HIV 1/2, Genie III Kit",Genie,,Test kit,50,500,45500.00,91,1.82,Bio-Rad Laboratories,TRUE,284,"$32,609.44 ",63.79
"74,707",105-GH-T30,FPQ-14052,SCMS-237830,ASN-27589,Ghana,PMO - US,Direct Drop,EXW,Air,04-12-14,5/23/2014,09-Oct-14,09-Oct-14,13-Oct-14,ARV,Pediatric,Aurobindo Pharma Limited,"Zidovudine 10mg/ml, oral solution, Bottle, 240 ml",Zidovudine,Generic,10mg/ml,Oral solution,240,"3,652",7304.00,2,0.01,"Aurobindo Unit III, India",TRUE,1575,"$8,130.55 ",7.51
"72,767",106-HT-T30,FPQ-14895,SCMS-260980,ASN-29499,Haiti,PMO - US,Direct Drop,FCA,Air,9/24/2014,11-04-14,10-Dec-14,10-Dec-14,10-Dec-14,ARV,Adult,JANSSEN SCIENCES IRELAND UC (FORMERLY JANSSEN R&D IRELAND),"Darunavir 600mg [Prezista], tablets, 60 Tabs",Darunavir,Prezista,600mg,Tablet,60,111,5994.00,54,0.9,"Janssen-Cilag, Latina, IT",TRUE,42,$926.30 ,6.16
"11,998",106-HT-T01,Pre-PQ Process,SO-32760,DN-1373,Haiti,PMO - US,From RDC,N/A - From RDC,Air,Date Not Captured,N/A - From RDC,31-Jul-09,31-Jul-09,31-Jul-09,ARV,Adult,SCMS from RDC,"Stavudine 30mg, capsules, 60 Caps",Stavudine,Generic,30mg,Capsule,60,"8,640",12614.40,1.46,0.02,"Aurobindo Unit III, India",FALSE,See DN-1373 (ID#:11062),null,24.72
"72,776",102-GY-T30,FPQ-6983,SCMS-97150,ASN-9832,Guyana,PMO - US,Direct Drop,EXW,Air,01-05-11,02-02-11,28-Mar-11,28-Mar-11,28-Mar-11,HRDT,HIV test,"Trinity Biotech, Plc","HIV 1/2, Uni-Gold HIV Kit, 20 Tests","HIV 1/2, Uni-Gold HIV Kit",Uni-Gold,,Test kit,20,"1,975",63200.00,32,1.6,"Trinity Biotech, Plc",TRUE,659,"$9,106.51 ",104.28
"12,903",106-HT-T01,Pre-PQ Process,SO-32760,DN-1373,Haiti,PMO - US,From RDC,N/A - From RDC,Air,Date Not Captured,N/A - From RDC,31-Jul-09,31-Jul-09,31-Jul-09,ARV,Pediatric,SCMS from RDC,"Zidovudine 100mg, capsules, 100 Caps",Zidovudine,Generic,100mg,Capsule,100,"1,260",6300.00,5,0.05,"Aurobindo Unit III, India",FALSE,See DN-1373 (ID#:11062),null,12.35
"72,832",901-CM-T30,FPQ-12837,SCMS-204300,ASN-21709,Cameroon,PMO - US,Direct Drop,EXW,Air,8/19/2013,8/23/2013,07-Nov-13,30-Oct-13,29-Oct-13,ARV,Adult,Aurobindo Pharma Limited,"Lamivudine/Tenofovir Disoproxil Fumarate 300/300mg, tablets, 30 Tabs",Lamivudine/Tenofovir Disoproxil Fumarate,Generic,300/300mg,Tablet - FDC,30,"20,993",97617.45,4.65,0.16,"Aurobindo Unit VII, IN",TRUE,2100,"$17,568.60 ",120.75
"72,836",105-GH-T30,FPQ-14052,SCMS-237810,ASN-28672,Ghana,PMO - US,Direct Drop,EXW,Air,04-12-14,5/23/2014,10-Nov-14,10-Nov-14,12-Nov-14,ARV,Adult,Aurobindo Pharma Limited,"Lamivudine/Nevirapine/Zidovudine 150/200/300mg, tablets, 60 Tabs",Lamivudine/Nevirapine/Zidovudine,Generic,150/300/200mg,Tablet - FDC,60,"29,107",238677.40,8.2,0.14,"Aurobindo Unit III, India",TRUE,3647,"$18,545.17 ",245.36
"72,885",111-MZ-T30,FPQ-13093,SCMS-211551,ASN-26131,Mozambique,PMO - US,Direct Drop,EXW,Air,10/15/2013,11-12-13,02-Jun-14,02-Jun-14,04-Jun-14,HRDT,HIV test,"Trinity Biotech, Plc","HIV 1/2, Uni-Gold HIV Kit, 20 Tests","HIV 1/2, Uni-Gold HIV Kit",Uni-Gold,,Test kit,20,"3,962",126784.00,32,1.6,"Trinity Biotech, Plc",TRUE,1153,"$7,754.14 ",130.33
"72,892",161-ZA-T30,FPQ-6262,SCMS-83730,ASN-10576,South Africa,PMO - US,Direct Drop,DDP,Ocean,8/31/2010,9/24/2010,03-May-11,03-Jun-11,03-Jun-11,ARV,Pediatric,Aurobindo Pharma Limited,"Efavirenz 200mg, capsule, 90 Caps",Efavirenz,Generic,200mg,Capsule,90,"17,357",173222.86,9.98,0.11,"Aurobindo Unit III, India",TRUE,2301,"$4,573.20 ",373.47
"72,914",901-NA-T30,FPQ-14728,SCMS-252640,ASN-28483,Namibia,PMO - US,Direct Drop,EXW,Air,7/30/2014,8/14/2014,22-Oct-14,22-Oct-14,22-Oct-14,ARV,Adult,HETERO LABS LIMITED,"Lamivudine/Tenofovir Disoproxil Fumarate 300/300mg, tablets, 30 Tabs",Lamivudine/Tenofovir Disoproxil Fumarate,Generic,300/300mg,Tablet - FDC,30,"23,322",107747.64,4.62,0.15,Hetero Unit III Hyderabad IN,TRUE,2637,"$13,397.02 ",110.76
"12,305",106-HT-T01,Pre-PQ Process,SO-32730,DN-1374,Haiti,PMO - US,From RDC,N/A - From RDC,Air,Date Not Captured,N/A - From RDC,31-Jul-09,31-Jul-09,31-Jul-09,ARV,Pediatric,SCMS from RDC,"Efavirenz 200mg, capsule, 90 Caps",Efavirenz,Generic,200mg,Capsule,90,525,6683.25,12.73,0.14,"Aurobindo Unit III, India",FALSE,See DN-1374 (ID#:11999),null,13.1
"72,922",109-TZ-T30,FPQ-12024,SCMS-189130,ASN-20469,Tanzania,PMO - US,Direct Drop,EXW,Air,04-08-13,5/22/2013,20-Sep-13,20-Sep-13,20-Sep-13,HRDT,HIV test,"Standard Diagnostics, Inc.","HIV 1/2, Determine Complete HIV Kit, 100 Tests","HIV 1/2, Determine Complete HIV Kit",Determine,,Test kit,100,"3,781",0.00,0,0,"Alere Medical Co., Ltd.",TRUE,1642,"$25,778.90 ",0
"12,904",106-HT-T01,Pre-PQ Process,SO-32730,DN-1374,Haiti,PMO - US,From RDC,N/A - From RDC,Air,Date Not Captured,N/A - From RDC,31-Jul-09,31-Jul-09,31-Jul-09,ARV,Adult,SCMS from RDC,"Stavudine 20mg, capsules, 60 Caps",Stavudine,Generic,20mg,Capsule,60,108,189.00,1.75,0.03,"Aurobindo Unit III, India",FALSE,See DN-1374 (ID#:11999),null,0.37
"12,604",111-MZ-T01,Pre-PQ Process,SO-32530,DN-1380,Mozambique,PMO - US,From RDC,N/A - From RDC,Truck,Date Not Captured,N/A - From RDC,17-Sep-09,17-Sep-09,17-Sep-09,ARV,Adult,SCMS from RDC,"Lamivudine/Nevirapine/Stavudine 150/200/30mg, tablets, 60 Tabs",Lamivudine/Nevirapine/Stavudine,Generic,150/200/30mg,Tablet - FDC,60,"42,000",299040.00,7.12,0.12,"Strides, Bangalore, India.",FALSE,See DN-1380 (ID#:12000),null,586.12
"72,976",109-TZ-T30,FPQ-9211,SCMS-135870,ASN-13852,Tanzania,PMO - US,Direct Drop,EXW,Air,1/25/2012,1/27/2012,07-Mar-12,07-Mar-12,07-Mar-12,HRDT,HIV test,"Orgenics, Ltd","HIV 1/2, Determine Complete HIV Kit, 100 Tests","HIV 1/2, Determine Complete HIV Kit",Determine,,Test kit,100,"2,884",230720.00,80,0.8,"Alere Medical Co., Ltd.",TRUE,1374,"$24,000.91 ",323.47
"72,981",161-ZA-T30,FPQ-7175,SCMS-103680,ASN-13133,South Africa,PMO - US,Direct Drop,DDP,Ocean,03-10-11,3/23/2011,01-Dec-11,19-Dec-11,19-Dec-11,ARV,Adult,EMCURE PHARMACEUTICALS LTD,"Efavirenz 600mg, tablets, 30 Tabs",Efavirenz,Generic,600mg,Tablet,30,"47,963",206240.90,4.3,0.14,"Emcure Plot No.P-2, I.T-B.T. Park, Phase II, MIDC, Hinjwadi, Pune, India",TRUE,3789,"$9,582.55 ",340.3
"11,672",110-ZM-T01,Pre-PQ Process,SO-32550,DN-1382,Zambia,PMO - US,From RDC,N/A - From RDC,Truck,Date Not Captured,N/A - From RDC,17-Aug-09,17-Aug-09,17-Aug-09,ARV,Adult,SCMS from RDC,"Abacavir 300mg, tablets, 60 Tabs",Abacavir,Generic,300mg,Tablet,60,"10,406",264832.70,25.45,0.42,Mylan (formerly Matrix) Nashik,FALSE,See DN-1382 (ID#:10788),null,519.07
"73,003",108-VN-T30,FPQ-14516,SCMS-249050,ASN-29375,Vietnam,PMO - US,Direct Drop,EXW,Air,07-09-14,08-11-14,17-Dec-14,17-Dec-14,17-Dec-14,ARV,Adult,HETERO LABS LIMITED,"Efavirenz/Lamivudine/Tenofovir Disoproxil Fumarate 600/300/300mg, tablets, 30 Tabs",Efavirenz/Lamivudine/Tenofovir Disoproxil Fumarate,Generic,600/300/300mg,Tablet - FDC,30,"19,200",201600.00,10.5,0.35,Hetero Unit III Hyderabad IN,TRUE,2719,"$4,084.56 ",207.24
"73,018",161-ZA-T30,FPQ-5648,SCMS-75750,ASN-9114,South Africa,PMO - US,Direct Drop,DDP,Ocean,06-02-10,6/17/2010,01-Feb-11,01-Feb-11,01-Feb-11,ARV,Adult,Aurobindo Pharma Limited,"Efavirenz 600mg, tablets, 30 Tabs",Efavirenz,Generic,600mg,Tablet,30,"118,537",534601.87,4.51,0.15,"Aurobindo Unit III, India",TRUE,10373,$630.50 ,"1,152.60"
"73,056",111-MZ-T30,FPQ-14054,SCMS-240820,ASN-27372,Mozambique,PMO - US,Direct Drop,EXW,Air,04-10-14,5/29/2014,01-Oct-14,01-Oct-14,01-Oct-14,HRDT,HIV test,BIO-RAD LABORATORIES (FRANCE),"HIV, Multispot HIV-1/HIV-2 Rapid Test Kit, 50 Tests","HIV, Multispot HIV-1/HIV-2 Rapid Test Kit",Multispot,,Test kit,50,80,99402.40,"1,242.53",24.85,Bio-Rad Laboratories,TRUE,111,"$1,368.78 ",102.19
"12,001",110-ZM-T01,Pre-PQ Process,SO-29040,DN-1386,Zambia,PMO - US,From RDC,N/A - From RDC,Truck,Date Not Captured,N/A - From RDC,15-Sep-09,15-Sep-09,15-Sep-09,ARV,Adult,SCMS from RDC,"Lamivudine/Zidovudine 150/300mg, tablets, 60 Tabs",Lamivudine/Zidovudine,Generic,150/300mg,Tablet - FDC,60,"108,000",946080.00,8.76,0.15,"Aurobindo Unit III, India",FALSE,See DN-1386 (ID#:11673),null,"1,854.32"
"73,079",109-TZ-T30,FPQ-10394,SCMS-156520,ASN-16038,Tanzania,PMO - US,Direct Drop,EXW,Air,7/26/2012,08-09-12,27-Sep-12,04-Oct-12,04-Oct-12,ARV,Adult,Aurobindo Pharma Limited,"Lamivudine/Zidovudine 150/300mg, tablets, 60 Tabs",Lamivudine/Zidovudine,Generic,150/300mg,Tablet - FDC,60,"39,360",281424.00,7.15,0.12,"Aurobindo Unit III, India",TRUE,3421,"$15,241.75 ",394.56
"11,675",104-CI-T01,Pre-PQ Process,SO-32830,DN-1387,Côte d'Ivoire,PMO - US,From RDC,N/A - From RDC,Air,Date Not Captured,N/A - From RDC,25-Aug-09,25-Aug-09,25-Aug-09,ARV,Pediatric,SCMS from RDC,"Zidovudine 100mg, capsules, 100 Caps",Zidovudine,Generic,100mg,Capsule,100,"3,612",18060.00,5,0.05,"Aurobindo Unit III, India",FALSE,See DN-1387 (ID#:11674),null,35.4
"73,089",105-GY-T30,FPQ-10249,SCMS-153870,ASN-17103,Guyana,PMO - US,Direct Drop,EXW,Air,07-05-12,7/26/2012,21-Nov-12,21-Nov-12,21-Nov-12,HRDT,HIV test,"CHEMBIO DIAGNOSTIC SYSTEMS, INC.","HIV 1/2, Stat-Pak HIV, Kit, 20 Tests","HIV 1/2, Stat-Pak HIV, Kit",Stat-Pak,,Test kit,20,6,174.00,29,1.45,Chembio Diagnostics Sys. Inc.,TRUE,2,$297 ,0.24
"11,351",111-MZ-T01,Pre-PQ Process,SO-32560,DN-1395,Mozambique,PMO - US,From RDC,N/A - From RDC,Truck,Date Not Captured,N/A - From RDC,07-Oct-09,07-Oct-09,07-Oct-09,ARV,Adult,SCMS from RDC,"Efavirenz 600mg, tablets, 30 Tabs",Efavirenz,Generic,600mg,Tablet,30,"8,662",84194.64,9.72,0.32,Mylan (formerly Matrix) Nashik,FALSE,See DN-1395 (ID#:11350),null,165.02
"73,115",111-MZ-T30,FPQ-11915,SCMS-185220,ASN-21586,Mozambique,PMO - US,Direct Drop,FCA,Air,3/20/2013,05-01-13,08-Oct-13,08-Oct-13,08-Oct-13,ARV,Adult,ABBVIE LOGISTICS (FORMERLY ABBOTT LOGISTICS BV),"Ritonavir 100mg [Norvir], film coated tablets, 60 Tabs",Ritonavir,Norvir,100mg,Tablet,60,616,4219.60,6.85,0.11,ABBVIE Ludwigshafen Germany,TRUE,87,"$1,053.88 ",5.22
"12,310",114-UG-T01,Pre-PQ Process,SO-32920,DN-1397,Uganda,PMO - US,From RDC,N/A - From RDC,Air,Date Not Captured,N/A - From RDC,24-Aug-09,24-Aug-09,24-Aug-09,ARV,Adult,SCMS from RDC,"Nevirapine 200mg, tablets, 60 Tabs",Nevirapine,Generic,200mg,Tablet,60,"1,650",4785.00,2.9,0.05,Hetero Unit III Hyderabad IN,FALSE,See DN-1397 (ID#:11678),null,9.38
"73,145",104-CI-T30,FPQ-4698,SCMS-62950,ASN-6669,Côte d'Ivoire,PMO - US,Direct Drop,EXW,Air,12/28/2009,1/15/2010,12-May-10,12-May-10,12-May-10,ARV,Adult,MYLAN LABORATORIES LTD (FORMERLY MATRIX LABORATORIES),"Abacavir/Lamivudine/Zidovudine 300/150/300mg, tablets, 60 Tabs",Abacavir/Lamivudine/Zidovudine,Generic,300/150/300mg,Tablet - FDC,60,"4,448",133440.00,30,0.5,Mylan (formerly Matrix) Nashik,TRUE,693,"$5,066.44 ",287.7
"12,908",114-UG-T01,Pre-PQ Process,SO-32920,DN-1397,Uganda,PMO - US,From RDC,N/A - From RDC,Air,Date Not Captured,N/A - From RDC,24-Aug-09,24-Aug-09,24-Aug-09,ARV,Adult,SCMS from RDC,"Lamivudine 150mg, tablets, 60 Tabs",Lamivudine,Generic,150mg,Tablet,60,"2,237",5458.28,2.44,0.04,"Aurobindo Unit III, India",FALSE,See DN-1397 (ID#:11678),null,10.7
"12,003",104-CI-T01,Pre-PQ Process,SO-32240,DN-1398,Côte d'Ivoire,PMO - US,From RDC,N/A - From RDC,Air,Date Not Captured,N/A - From RDC,08-Sep-09,08-Sep-09,08-Sep-09,ARV,Pediatric,SCMS from RDC,"Efavirenz 200mg, capsule, 90 Caps",Efavirenz,Generic,200mg,Capsule,90,"2,520",32079.60,12.73,0.14,"Aurobindo Unit III, India",FALSE,See DN-1398 (ID#:11679),null,62.88
"73,177",108-VN-T30,FPQ-12539,SCMS-210810,ASN-23667,Vietnam,PMO - US,Direct Drop,EXW,Air,07-11-13,10/14/2013,22-Jan-14,22-Jan-14,22-Jan-14,ARV,Adult,HETERO LABS LIMITED,"Efavirenz 600mg, tablets, 30 Tabs",Efavirenz,Generic,600mg,Tablet,30,983,3184.92,3.24,0.11,Hetero Unit III Hyderabad IN,TRUE,93,$668.75 ,3.94
"73,211",114-UG-T30,FPQ-12290,SCMS-192070,ASN-21522,Uganda,PMO - US,Direct Drop,FCA,Air,5/17/2013,6/13/2013,23-Sep-13,23-Sep-13,23-Sep-13,ARV,Adult,ABBVIE LOGISTICS (FORMERLY ABBOTT LOGISTICS BV),"Ritonavir 100mg [Norvir], film coated tablets, 60 Tabs",Ritonavir,Norvir,100mg,Tablet,60,210,1438.50,6.85,0.11,ABBVIE Ludwigshafen Germany,TRUE,32,$852.02 ,1.78
"12,312",114-UG-T01,Pre-PQ Process,SO-32950,DN-1399,Uganda,PMO - US,From RDC,N/A - From RDC,Air,Date Not Captured,N/A - From RDC,28-Aug-09,28-Aug-09,28-Aug-09,ARV,Adult,SCMS from RDC,"Lamivudine/Nevirapine/Zidovudine 150/200/300mg, tablets, 60 Tabs",Lamivudine/Nevirapine/Zidovudine,Generic,150/300/200mg,Tablet - FDC,60,"34,000",385900.00,11.35,0.19,"Aurobindo Unit III, India",FALSE,See DN-1399 (ID#:12311),null,756.36
"11,066",104-CI-T01,Pre-PQ Process,SO-32210,DN-1401,Côte d'Ivoire,PMO - US,From RDC,N/A - From RDC,Air,Date Not Captured,N/A - From RDC,08-Sep-09,08-Sep-09,08-Sep-09,ARV,Adult,SCMS from RDC,"Stavudine 20mg, capsules, 60 Caps",Stavudine,Generic,20mg,Capsule,60,"2,052",3591.00,1.75,0.03,"Aurobindo Unit III, India",FALSE,See DN-1401 (ID#:10793),null,7.04
"12,313",104-CI-T01,Pre-PQ Process,SO-32210,DN-1401,Côte d'Ivoire,PMO - US,From RDC,N/A - From RDC,Air,Date Not Captured,N/A - From RDC,08-Sep-09,08-Sep-09,08-Sep-09,ARV,Adult,SCMS from RDC,"Lamivudine/Nevirapine/Zidovudine 150/200/300mg, tablets, 60 Tabs",Lamivudine/Nevirapine/Zidovudine,Generic,150/300/200mg,Tablet - FDC,60,"28,170",319729.50,11.35,0.19,"Aurobindo Unit III, India",FALSE,See DN-1401 (ID#:10793),null,626.67
"12,317",110-ZM-T01,Pre-PQ Process,SO-29030,DN-1407,Zambia,PMO - US,From RDC,N/A - From RDC,Truck,Date Not Captured,N/A - From RDC,19-Oct-09,19-Oct-09,19-Oct-09,ARV,Adult,SCMS from RDC,"Nevirapine 200mg, tablets, 60 Tabs",Nevirapine,Generic,200mg,Tablet,60,"15,718",47154.00,3,0.05,"Aurobindo Unit III, India",FALSE,See DN-1407 (ID#:11681),null,92.42
"12,910",110-ZM-T01,Pre-PQ Process,SO-29030,DN-1407,Zambia,PMO - US,From RDC,N/A - From RDC,Truck,Date Not Captured,N/A - From RDC,19-Oct-09,19-Oct-09,19-Oct-09,ARV,Adult,SCMS from RDC,"Efavirenz 600mg, tablets, 30 Tabs",Efavirenz,Generic,600mg,Tablet,30,"45,964",367712.00,8,0.27,"Aurobindo Unit III, India",FALSE,See DN-1407 (ID#:11681),null,720.72
"73,314",111-MZ-T30,FPQ-8527,SCMS-130160,ASN-13819,Mozambique,PMO - US,Direct Drop,EXW,Air,10-05-11,12/29/2011,02-May-12,02-May-12,02-May-12,HRDT,HIV test,"Orgenics, Ltd","HIV 1/2, Determine Complete HIV Kit, 100 Tests","HIV 1/2, Determine Complete HIV Kit",Determine,,Test kit,100,"2,891",231280.00,80,0.8,"Alere Medical Co., Ltd.",TRUE,1378,"$25,607.44 ",381.61
"73,326",161-ZA-T30,FPQ-7175,SCMS-103800,ASN-12625,South Africa,PMO - US,Direct Drop,DDP,Ocean,03-10-11,3/28/2011,25-Nov-11,25-Nov-11,25-Nov-11,ARV,Pediatric,CIPLA LIMITED,"Lamivudine 10mg/ml, oral solution, Bottle, 240 ml",Lamivudine,Generic,10mg/ml,Oral solution,240,"50,000",103000.00,2.06,0.01,"Cipla, Goa, India",TRUE,18462,"$22,647.81 ",169.95
"73,335",133-NG-T30,FPQ-15504,SCMS-270751,ASN-31318,Nigeria,PMO - US,Direct Drop,EXW,Air,12-08-14,1/28/2015,15-Apr-15,15-Apr-15,23-Apr-15,HRDT,HIV test,"Trinity Biotech, Plc","HIV 1/2, Uni-Gold HIV Kit, 20 Tests","HIV 1/2, Uni-Gold HIV Kit",Uni-Gold,,Test kit,20,"6,704",214528.00,32,1.6,"Trinity Biotech, Plc",TRUE,2134,"$13,771.63 ",252.5
"73,348",103-ZW-T30,FPQ-15021,SCMS-261410,ASN-30816,Zimbabwe,PMO - US,Direct Drop,FCA,Air,10/15/2014,10/30/2014,28-Feb-15,28-Feb-15,28-Feb-15,ARV,Pediatric,ABBVIE LOGISTICS (FORMERLY ABBOTT LOGISTICS BV),"Lopinavir/Ritonavir 80/20mg/ml [Kaletra], oral solution, cool, Bottle 5 x 60 ml",Lopinavir/Ritonavir,Kaletra,80/20mg/ml,Oral solution,300,"5,362",165256.84,30.82,0.1,ABBVIE (Abbott) Logis. UK,TRUE,5060,"$44,952.61 ",169.88
"11,735",113-ZW-T01,Pre-PQ Process,SO-278,DN-141,Zimbabwe,PMO - US,From RDC,N/A - From RDC,,Pre-PQ Process,N/A - From RDC,20-May-07,20-May-07,20-May-07,ARV,Adult,SCMS from RDC,"Zidovudine 300mg, tablets, 60 Tabs",Zidovudine,Generic,300mg,Tablet,60,470,4591.90,9.77,0.16,"Ranbaxy, Paonta Shahib, India",FALSE,See DN-141 (ID#:10571),null,
"12,006",113-ZW-T01,Pre-PQ Process,SO-21020,DN-1411,Zimbabwe,PMO - US,From RDC,N/A - From RDC,Truck,Date Not Captured,N/A - From RDC,22-Sep-09,22-Sep-09,22-Sep-09,ARV,Adult,SCMS from RDC,"Lamivudine/Nevirapine/Stavudine 150/200/30mg, tablets, 60 Tabs",Lamivudine/Nevirapine/Stavudine,Generic,150/200/30mg,Tablet - FDC,60,"76,000",541120.00,7.12,0.12,"Cipla, Goa, India",FALSE,See DN-1411 (ID#:11352),null,"1,060.60"
"12,316",113-ZW-T01,Pre-PQ Process,SO-21020,DN-1411,Zimbabwe,PMO - US,From RDC,N/A - From RDC,Truck,Date Not Captured,N/A - From RDC,22-Sep-09,22-Sep-09,22-Sep-09,ARV,Adult,SCMS from RDC,"Lamivudine/Stavudine 150/30mg, tablets, 60 Tabs",Lamivudine/Stavudine,Generic,150/30mg,Tablet - FDC,60,"4,000",16000.00,4,0.07,"Cipla, Goa, India",FALSE,See DN-1411 (ID#:11352),null,31.36
"85,065",114-UG-T30,FPQ-4065,SO-33010,DN-1417,Uganda,PMO - US,From RDC,N/A - From RDC,Air,08-06-09,N/A - From RDC,08-Oct-09,08-Oct-09,08-Oct-09,ARV,Adult,SCMS from RDC,"Nevirapine 200mg, tablets, 60 Tabs",Nevirapine,Generic,200mg,Tablet,60,100,290.00,2.9,0.05,"Aurobindo Unit III, India",FALSE,See DN-1417 (ID#:82271),null,0.57
"73,507",111-MZ-T30,FPQ-9671,SCMS-145150,ASN-15699,Mozambique,PMO - US,Direct Drop,EXW,Air,04-10-12,05-04-12,04-Sep-12,04-Sep-12,04-Sep-12,HRDT,HIV test,"Orgenics, Ltd","HIV 1/2, Determine Complete HIV Kit, 100 Tests","HIV 1/2, Determine Complete HIV Kit",Determine,,Test kit,100,"5,000",400000.00,80,0.8,"Alere Medical Co., Ltd.",TRUE,2384,"$43,848.04 ",560.8
"85,628",114-UG-T30,FPQ-4065,SO-33010,DN-1417,Uganda,PMO - US,From RDC,N/A - From RDC,Air,08-06-09,N/A - From RDC,08-Oct-09,08-Oct-09,08-Oct-09,ARV,Adult,SCMS from RDC,"Lamivudine/Tenofovir Disoproxil Fumarate 300/300mg, tablets, 30 Tabs",Lamivudine/Tenofovir Disoproxil Fumarate,Generic,300/300mg,Tablet - FDC,30,280,2800.00,10,0.33,Mylan (formerly Matrix) Nashik,FALSE,See DN-1417 (ID#:82271),null,5.49
"12,009",104-CI-T01,Pre-PQ Process,SO-33220,DN-1422,Côte d'Ivoire,PMO - US,From RDC,N/A - From RDC,Air,Date Not Captured,N/A - From RDC,16-Sep-09,16-Sep-09,16-Sep-09,ARV,Pediatric,SCMS from RDC,"Nevirapine 10mg/ml, oral suspension, Bottle, 240 ml",Nevirapine,Generic,10mg/ml,Oral suspension,240,"6,000",11520.00,1.92,0.01,"Aurobindo Unit III, India",FALSE,See DN-1422 (ID#:11682),null,22.58
"12,911",104-CI-T01,Pre-PQ Process,SO-33220,DN-1422,Côte d'Ivoire,PMO - US,From RDC,N/A - From RDC,Air,Date Not Captured,N/A - From RDC,16-Sep-09,16-Sep-09,16-Sep-09,ARV,Pediatric,SCMS from RDC,"Lamivudine 10mg/ml, oral solution, Bottle, 240 ml",Lamivudine,Generic,10mg/ml,Oral solution,240,"3,181",6043.90,1.9,0.01,"Aurobindo Unit III, India",FALSE,See DN-1422 (ID#:11682),null,11.85
"73,596",133-NG-T30,FPQ-14305,SCMS-240830,ASN-27473,Nigeria,PMO - US,Direct Drop,EXW,Air,5/16/2014,06-02-14,19-Aug-14,04-Sep-14,17-Sep-14,HRDT,HIV test,"Orgenics, Ltd","HIV 1/2, Determine Complete HIV Kit, 100 Tests","HIV 1/2, Determine Complete HIV Kit",Determine,,Test kit,100,"2,769",246441.00,89,0.89,"Alere Medical Co., Ltd.",TRUE,2355,"$16,816.33 ",253.34
"73,607",104-CI-T30,FPQ-3882,SCMS-51820,ASN-4980,Côte d'Ivoire,PMO - US,Direct Drop,FCA,Air,7/24/2009,8/24/2009,16-Oct-09,16-Oct-09,16-Oct-09,ARV,Adult,ABBVIE LOGISTICS (FORMERLY ABBOTT LOGISTICS BV),"Ritonavir 100mg [Norvir], capsules, cool, 4 x 84 Caps",Ritonavir,Norvir,100mg,Capsule,336,300,11508.00,38.36,0.11,ABBVIE (Abbott) France,TRUE,546,"$8,956.05 ",22.56
"73,661",161-ZA-T30,FPQ-7175,SCMS-103400,ASN-12381,South Africa,PMO - US,Direct Drop,DDP,Ocean,03-10-11,3/24/2011,22-Nov-11,22-Nov-11,22-Nov-11,ARV,Adult,Aurobindo Pharma Limited,"Zidovudine 300mg, tablets, 60 Tabs",Zidovudine,Generic,300mg,Tablet,60,"90,171",658248.30,7.3,0.12,"Aurobindo Unit III, India",TRUE,4670,"$3,341.45 ","1,086.11"
"73,665",161-ZA-T30,FPQ-6262,SCMS-83770,ASN-9944,South Africa,PMO - US,Direct Drop,DDP,Ocean,8/31/2010,9/24/2010,26-Apr-11,12-Apr-11,12-Apr-11,ARV,Adult,Aurobindo Pharma Limited,"Lamivudine 150mg, tablets, 60 Tabs",Lamivudine,Generic,150mg,Tablet,60,"185,748",440222.76,2.37,0.04,"Aurobindo Unit III, India",TRUE,9374,"$11,372.23 ",949.12
"12,010",104-CI-T01,Pre-PQ Process,SO-33230,DN-1427,Côte d'Ivoire,PMO - US,From RDC,N/A - From RDC,Air,Date Not Captured,N/A - From RDC,25-Sep-09,25-Sep-09,25-Sep-09,ARV,Adult,SCMS from RDC,"Emtricitabine/Tenofovir Disoproxil Fumarate 200/300mg [Truvada], tablets, 30 Tabs",Emtricitabine/Tenofovir Disoproxil Fumarate,Truvada,300/200mg,Tablet - FDC,30,998,26197.50,26.25,0.88,"Aspen-OSD, Port Elizabeth, SA",FALSE,See DN-1427 (ID#:11683),null,51.35
"12,913",104-CI-T01,Pre-PQ Process,SO-33230,DN-1427,Côte d'Ivoire,PMO - US,From RDC,N/A - From RDC,Air,Date Not Captured,N/A - From RDC,25-Sep-09,25-Sep-09,25-Sep-09,ARV,Adult,SCMS from RDC,"Lamivudine 150mg, tablets, 60 Tabs",Lamivudine,Generic,150mg,Tablet,60,"5,830",14225.20,2.44,0.04,"Aurobindo Unit III, India",FALSE,See DN-1427 (ID#:11683),null,27.88
"12,611",110-ZM-T01,Pre-PQ Process,SO-32850,DN-1432,Zambia,PMO - US,From RDC,N/A - From RDC,Truck,Date Not Captured,N/A - From RDC,02-Oct-09,02-Oct-09,02-Oct-09,ARV,Adult,SCMS from RDC,"Lamivudine/Zidovudine 150/300mg, tablets, 60 Tabs",Lamivudine/Zidovudine,Generic,150/300mg,Tablet - FDC,60,"111,538",977072.88,8.76,0.15,"Aurobindo Unit III, India",FALSE,See DN-1432 (ID#:12320),null,"1,915.06"
"73,727",114-UG-T30,FPQ-15303,SCMS-264960,ASN-31187,Uganda,PMO - US,Direct Drop,EXW,Air,11-11-14,11/25/2014,08-Apr-15,08-Apr-15,08-Apr-15,ARV,Adult,EMCURE PHARMACEUTICALS LTD,"Atazanavir/Ritonavir 300/100mg, tablets, 30 Tabs",Atazanavir/Ritonavir,Generic,300/100mg,Tablet,30,"1,776",31968.00,18,0.6,"Emcure Plot No.P-2, I.T-B.T. Park, Phase II, MIDC, Hinjwadi, Pune, India",TRUE,237,"$1,794.89 ",37.63
"73,748",109-TZ-T30,FPQ-12286,SCMS-193850,ASN-20159,Tanzania,PMO - US,Direct Drop,EXW,Air,5/16/2013,06-11-13,24-Aug-13,24-Aug-13,24-Aug-13,ARV,Adult,Aurobindo Pharma Limited,"Lamivudine/Nevirapine/Zidovudine 150/200/300mg, tablets, 60 Tabs",Lamivudine/Nevirapine/Zidovudine,Generic,150/300/200mg,Tablet - FDC,60,"36,451",297075.65,8.15,0.14,"Aurobindo Unit III, India",TRUE,4611,"$20,618.55 ",367.48
"73,757",110-ZM-T30,FPQ-14790,SCMS-253022,ASN-31640,Zambia,PMO - US,Direct Drop,FCA,Air,8/13/2014,8/20/2014,18-May-15,18-May-15,19-May-15,ARV,Pediatric,ABBVIE LOGISTICS (FORMERLY ABBOTT LOGISTICS BV),"Lopinavir/Ritonavir 80/20mg/ml [Kaletra], oral solution, cool, Bottle 5 x 60 ml",Lopinavir/Ritonavir,Kaletra,80/20mg/ml,Oral solution,300,"2,265",69807.30,30.82,0.1,ABBVIE (Abbott) Logis. UK,TRUE,2272,"$13,303.80 ",71.76
"12,654",109-TZ-T01,Pre-PQ Process,SO-306,DN-144,Tanzania,PMO - US,From RDC,N/A - From RDC,Air,Pre-PQ Process,N/A - From RDC,06-Jul-07,06-Jul-07,06-Jul-07,HRDT,HIV test,SCMS from RDC,"HIV 1/2, Bioline 3.0 Kit, Lancets, Capillary pipets, Alcohol swabs included, 25 Tests","HIV 1/2, Bioline 3.0 Kit, Lancets, Capillary pipets, Alcohol swabs included",Bioline,,Test kit,25,"1,539",30780.00,20,0.8,"Standard Diagnostics, Korea",FALSE,See DN-144 (ID#:12058),null,
"12,919",110-ZM-T01,Pre-PQ Process,SO-33021,DN-1448,Zambia,PMO - US,From RDC,N/A - From RDC,Truck,Date Not Captured,N/A - From RDC,13-Oct-09,13-Oct-09,13-Oct-09,ARV,Adult,SCMS from RDC,"Efavirenz 600mg, tablets, 30 Tabs",Efavirenz,Generic,600mg,Tablet,30,"22,059",137206.98,6.22,0.21,"Emcure Plot No.P-2, I.T-B.T. Park, Phase II, MIDC, Hinjwadi, Pune, India",FALSE,See DN-1448 (ID#:12012),null,268.93
"83,373",154-NG-T30,FPQ-3815,SO-32260,DN-1452,Nigeria,PMO - US,From RDC,N/A - From RDC,Air Charter,5/26/2009,N/A - From RDC,30-Oct-09,20-Oct-09,20-Oct-09,ARV,Adult,SCMS from RDC,"Lamivudine/Zidovudine 150/300mg, tablets, 60 Tabs",Lamivudine/Zidovudine,Generic,150/300mg,Tablet - FDC,60,422,3696.72,8.76,0.15,Mylan (formerly Matrix) Nashik,FALSE,See DN-1452 (ID#:82272),null,7.25
"83,950",154-NG-T30,FPQ-3815,SO-32260,DN-1452,Nigeria,PMO - US,From RDC,N/A - From RDC,Air Charter,5/26/2009,N/A - From RDC,30-Oct-09,20-Oct-09,20-Oct-09,ARV,Pediatric,SCMS from RDC,"Efavirenz 200mg, capsule, 90 Caps",Efavirenz,Generic,200mg,Capsule,90,24,290.88,12.12,0.13,"Aurobindo Unit III, India",FALSE,See DN-1452 (ID#:82272),null,0.57
"83,951",154-NG-T30,FPQ-3815,SO-32260,DN-1452,Nigeria,PMO - US,From RDC,N/A - From RDC,Air Charter,5/26/2009,N/A - From RDC,30-Oct-09,20-Oct-09,20-Oct-09,ARV,Adult,SCMS from RDC,"Lamivudine/Nevirapine/Stavudine 150/200/30mg, tablets, 60 Tabs",Lamivudine/Nevirapine/Stavudine,Generic,150/200/30mg,Tablet - FDC,60,63,441.00,7,0.12,"Strides, Bangalore, India.",FALSE,See DN-1452 (ID#:82272),null,0.86
"73,818",104-CI-T30,FPQ-6037,SCMS-80630,ASN-8532,Côte d'Ivoire,PMO - US,Direct Drop,EXW,Air,7/14/2010,7/30/2010,10-Nov-10,10-Nov-10,10-Nov-10,HRDT,HIV test,"Orgenics, Ltd","HIV 1/2, Determine HIV Kit, without Lancets, 100 Tests","HIV 1/2, Determine HIV Kit, without Lancets",Determine,,Test kit,100,"5,408",420201.60,77.7,0.78,Inverness Japan,TRUE,1229,"$17,085.16 ",905.95
"85,066",154-NG-T30,FPQ-3815,SO-32260,DN-1452,Nigeria,PMO - US,From RDC,N/A - From RDC,Air Charter,5/26/2009,N/A - From RDC,30-Oct-09,20-Oct-09,20-Oct-09,ARV,Adult,SCMS from RDC,"Lamivudine 150mg, tablets, 60 Tabs",Lamivudine,Generic,150mg,Tablet,60,63,153.72,2.44,0.04,"Aurobindo Unit III, India",FALSE,See DN-1452 (ID#:82272),null,0.3
"85,067",154-NG-T30,FPQ-3815,SO-32260,DN-1452,Nigeria,PMO - US,From RDC,N/A - From RDC,Air Charter,5/26/2009,N/A - From RDC,30-Oct-09,20-Oct-09,20-Oct-09,ARV,Adult,SCMS from RDC,"Zidovudine 300mg, tablets, 60 Tabs",Zidovudine,Generic,300mg,Tablet,60,28,210.84,7.53,0.13,"Aurobindo Unit III, India",FALSE,See DN-1452 (ID#:82272),null,0.41
"86,238",154-NG-T30,FPQ-3815,SO-32260,DN-1452,Nigeria,PMO - US,From RDC,N/A - From RDC,Air Charter,5/26/2009,N/A - From RDC,30-Oct-09,20-Oct-09,20-Oct-09,ARV,Adult,SCMS from RDC,"Efavirenz 600mg, tablets, 30 Tabs",Efavirenz,Generic,600mg,Tablet,30,380,2363.60,6.22,0.21,"Aurobindo Unit III, India",FALSE,See DN-1452 (ID#:82272),null,4.63
"73,906",105-GH-T30,FPQ-13809,SCMS-234090,ASN-27340,Ghana,PMO - US,Direct Drop,EXW,Air,03-07-14,4/15/2014,11-Sep-14,11-Sep-14,11-Sep-14,ARV,Adult,MYLAN LABORATORIES LTD (FORMERLY MATRIX LABORATORIES),"Emtricitabine/Tenofovir Disoproxil Fumarate 200/300mg, tablets, 30 Tabs",Emtricitabine/Tenofovir Disoproxil Fumarate,Generic,200/300mg,Tablet - FDC,30,"8,458",47364.80,5.6,0.19,Mylan (formerly Matrix) Nashik,TRUE,758,"$6,956.18 ",48.69
"73,918",113-ZW-T30,FPQ-7521,SCMS-108000,ASN-12247,Zimbabwe,PMO - US,Direct Drop,EXW,Air,04-07-11,05-05-11,19-Oct-11,19-Oct-11,19-Oct-11,HRDT,HIV test,"Orgenics, Ltd","HIV 1/2, Determine Complete HIV Kit, 100 Tests","HIV 1/2, Determine Complete HIV Kit",Determine,,Test kit,100,"2,499",199920.00,80,0.8,Inverness Japan,TRUE,1191,"$23,808.37 ",329.87
"73,961",114-UG-T30,FPQ-4130,SCMS-53050,ASN-5064,Uganda,PMO - US,Direct Drop,FCA,Air,8/25/2009,09-10-09,20-Oct-09,20-Oct-09,20-Oct-09,ARV,Adult,ABBVIE LOGISTICS (FORMERLY ABBOTT LOGISTICS BV),"Lopinavir/Ritonavir 200/50mg [Aluvia], tablets, 120 Tabs",Lopinavir/Ritonavir,Aluvia,200/50mg,Tablet,120,480,17356.80,36.16,0.3,ABBVIE Ludwigshafen Germany,TRUE,126,"$1,360.34 ",34.02
"73,986",133-NG-T30,FPQ-12456,SCMS-196561,ASN-22353,Nigeria,PMO - US,Direct Drop,EXW,Air,06-10-13,07-10-13,07-Nov-13,11-Nov-13,17-Nov-13,HRDT,HIV test,"Orgenics, Ltd","HIV 1/2, Determine Complete HIV Kit, 100 Tests","HIV 1/2, Determine Complete HIV Kit",Determine,,Test kit,100,"3,041",270649.00,89,0.89,"Alere Medical Co., Ltd.",TRUE,1235,"$21,084.84 ",334.79
"73,996",104-CI-T30,FPQ-12806,SCMS-206580,ASN-22054,Côte d'Ivoire,PMO - US,Direct Drop,EXW,Air,08-09-13,9/16/2013,04-Nov-13,04-Nov-13,05-Nov-13,ARV,Adult,MYLAN LABORATORIES LTD (FORMERLY MATRIX LABORATORIES),"Atazanavir/Ritonavir 300/100mg, tablets, 30 Tabs",Atazanavir/Ritonavir,Generic,300/100mg,Tablet,30,"4,500",90000.00,20,0.67,Mylan (formerly Matrix) Nashik,TRUE,608,"$4,568.92 ",111.33
"74,008",161-ZA-T30,FPQ-7400,SCMS-104210,ASN-12078,South Africa,PMO - US,Direct Drop,DDP,Ocean,03-11-11,3/30/2011,02-Dec-11,02-Dec-11,02-Dec-11,ARV,Pediatric,GLAXOSMITHKLINE EXPORT LIMITED,"Abacavir 20mg/ml [Ziagen], oral solution, Bottle, 240 ml",Abacavir,Ziagen,20mg/ml,Oral solution,240,"20,000",185600.00,9.28,0.04,GSK Mississauga (Canada),TRUE,7664,"$8,301.76 ",306.24
"86,239",154-NG-T30,FPQ-3815,SO-32260,DN-1452,Nigeria,PMO - US,From RDC,N/A - From RDC,Air Charter,5/26/2009,N/A - From RDC,30-Oct-09,20-Oct-09,20-Oct-09,ARV,Adult,SCMS from RDC,"Stavudine 30mg, capsules, 60 Caps",Stavudine,Generic,30mg,Capsule,60,63,91.98,1.46,0.02,"Aurobindo Unit III, India",FALSE,See DN-1452 (ID#:82272),null,0.18
"84,501",112-NG-T30,FPQ-4040,SO-32980,DN-1456,Nigeria,PMO - US,From RDC,N/A - From RDC,Air Charter,7/29/2009,N/A - From RDC,15-Oct-09,20-Oct-09,20-Oct-09,ARV,Pediatric,SCMS from RDC,"Efavirenz 200mg, capsule, 90 Caps",Efavirenz,Generic,200mg,Capsule,90,200,2424.00,12.12,0.13,"Aurobindo Unit III, India",FALSE,See DN-1456 (ID#:83952),null,4.75
"85,068",112-NG-T30,FPQ-4040,SO-32980,DN-1456,Nigeria,PMO - US,From RDC,N/A - From RDC,Air Charter,7/29/2009,N/A - From RDC,15-Oct-09,20-Oct-09,20-Oct-09,ARV,Adult,SCMS from RDC,"Nevirapine 200mg, tablets, 60 Tabs",Nevirapine,Generic,200mg,Tablet,60,"3,000",8700.00,2.9,0.05,"Aurobindo Unit III, India",FALSE,See DN-1456 (ID#:83952),null,17.05
"74,178",114-UG-T30,FPQ-12309,SCMS-192040,ASN-22130,Uganda,PMO - US,Direct Drop,EXW,Air,5/17/2013,6/14/2013,28-Oct-13,28-Oct-13,30-Oct-13,ARV,Pediatric,MYLAN LABORATORIES LTD (FORMERLY MATRIX LABORATORIES),"Efavirenz 200mg, tablets, 30 Tabs",Efavirenz,Generic,200mg,Tablet,30,"61,386",92079.00,1.5,0.05,Mylan (formerly Matrix) Nashik,TRUE,3262,"$12,034.96 ",113.9
"74,183",102-BI-T30,FPQ-13998,SCMS-235540,ASN-26174,Burundi,PMO - US,Direct Drop,EXW,Air,04-01-14,4/29/2014,13-Jun-14,13-Jun-14,13-Jun-14,HRDT,HIV test,"Orgenics, Ltd","HIV 1/2, Determine Complete HIV Kit, 100 Tests","HIV 1/2, Determine Complete HIV Kit",Determine,,Test kit,100,"2,114",169120.00,80,0.8,"Alere Medical Co., Ltd.",TRUE,822,"$21,348.51 ",173.86
"85,630",112-NG-T30,FPQ-4040,SO-32980,DN-1456,Nigeria,PMO - US,From RDC,N/A - From RDC,Air Charter,7/29/2009,N/A - From RDC,15-Oct-09,20-Oct-09,20-Oct-09,ARV,Adult,SCMS from RDC,"Emtricitabine/Tenofovir Disoproxil Fumarate 200/300mg, tablets, 30 Tabs",Emtricitabine/Tenofovir Disoproxil Fumarate,Generic,200/300mg,Tablet - FDC,30,600,7050.00,11.75,0.39,Mylan (formerly Matrix) Nashik,FALSE,See DN-1456 (ID#:83952),null,13.82
"74,260",114-UG-T30,FPQ-7816,SCMS-111210,ASN-13118,Uganda,PMO - US,Direct Drop,CIP,Air,06-02-11,6/14/2011,04-Jan-12,04-Jan-12,04-Jan-12,ARV,Adult,MERCK SHARP & DOHME IDEA GMBH (FORMALLY MERCK SHARP & DOHME B.V.),"Indinavir 400mg [Crixivan], capsules, 180 Caps",Indinavir,Crixivan,400mg,Capsule,180,36,1800.00,50,0.28,"MSD, Haarlem, NL",TRUE,9,$286 ,2.97
"74,268",119-NA-T30,FPQ-4398,SCMS-54920,ASN-6026,Namibia,PMO - US,Direct Drop,EXW,Air,10-07-09,10/13/2009,18-Feb-10,18-Feb-10,18-Feb-10,HRDT,HIV test,"Orgenics, Ltd","HIV 1/2, Determine HIV Kit, without Lancets, 100 Tests","HIV 1/2, Determine HIV Kit, without Lancets",Determine,,Test kit,100,200,14000.00,70,0.7,Inverness Japan,TRUE,45,"$10,486.42 ",30.18
"86,241",112-NG-T30,FPQ-4040,SO-32980,DN-1456,Nigeria,PMO - US,From RDC,N/A - From RDC,Air Charter,7/29/2009,N/A - From RDC,15-Oct-09,20-Oct-09,20-Oct-09,ARV,Adult,SCMS from RDC,"Efavirenz 600mg, tablets, 30 Tabs",Efavirenz,Generic,600mg,Tablet,30,"2,200",13684.00,6.22,0.21,"Aurobindo Unit III, India",FALSE,See DN-1456 (ID#:83952),null,26.82
"12,324",111-MZ-T01,Pre-PQ Process,SO-26424,DN-1457,Mozambique,PMO - US,From RDC,N/A - From RDC,Truck,Date Not Captured,N/A - From RDC,07-Oct-09,07-Oct-09,07-Oct-09,ARV,Adult,SCMS from RDC,"Lamivudine 150mg, tablets, 60 Tabs",Lamivudine,Generic,150mg,Tablet,60,"2,592",6324.48,2.44,0.04,"Aurobindo Unit III, India",FALSE,See DN-1457 (ID#:11687),null,12.4
"10,796",106-HT-T01,Pre-PQ Process,SO-33030,DN-1458,Haiti,PMO - US,From RDC,N/A - From RDC,Air,Date Not Captured,N/A - From RDC,13-Oct-09,13-Oct-09,13-Oct-09,ARV,Pediatric,SCMS from RDC,"Lamivudine 10mg/ml, oral solution, Bottle, 240 ml",Lamivudine,Generic,10mg/ml,Oral solution,240,"2,415",4588.50,1.9,0.01,"Aurobindo Unit III, India",FALSE,See DN-1458 (ID#:10795),null,8.99
"74,329",103-CM-T30,FPQ-8396,SCMS-122260,ASN-12662,Cameroon,PMO - US,Direct Drop,EXW,Air,9/13/2011,9/15/2011,18-Nov-11,18-Nov-11,18-Nov-11,HRDT,HIV test,"Orgenics, Ltd","HIV 1/2, Determine Kit without Lancets, Buffer or Caplillary Tubes, 100 Tests","HIV 1/2, Determine Kit without Lancets, Buffer or Capillary Tubes, 100 Tests",Determine,,Test kit,100,100,7215.00,72.15,0.72,Inverness Japan,TRUE,18,"$1,278.12 ",11.9
"11,130",104-CI-T01,Pre-PQ Process,SO-560,DN-146,Côte d'Ivoire,PMO - US,From RDC,N/A - From RDC,,Pre-PQ Process,N/A - From RDC,16-May-07,16-May-07,16-May-07,ARV,Adult,SCMS from RDC,"Abacavir 300mg, tablets, 60 Tabs",Abacavir,Generic,300mg,Tablet,60,"1,200",42960.00,35.8,0.6,"Aurobindo Unit III, India",FALSE,See DN-146 (ID#:10834),null,
"12,014",106-HT-T01,Pre-PQ Process,SO-32720,DN-1466,Haiti,PMO - US,From RDC,N/A - From RDC,Air,Date Not Captured,N/A - From RDC,21-Oct-09,21-Oct-09,21-Oct-09,ARV,Adult,SCMS from RDC,"Nevirapine 200mg, tablets, 60 Tabs",Nevirapine,Generic,200mg,Tablet,60,"15,825",45892.50,2.9,0.05,"Aurobindo Unit III, India",FALSE,See DN-1466 (ID#:11357),null,89.95
"74,343",117-ET-T30,FPQ-14357,SCMS-244840,ASN-28571,Ethiopia,PMO - US,Direct Drop,EXW,Air,06-03-14,6/18/2014,17-Nov-14,17-Nov-14,18-Nov-14,HRDT,HIV test,"Trinity Biotech, Plc","HIV 1/2, Uni-Gold HIV Kit, 20 Tests","HIV 1/2, Uni-Gold HIV Kit",Uni-Gold,,Test kit,20,540,17280.00,32,1.6,"Trinity Biotech, Plc",TRUE,165,"$1,442.44 ",17.76
"74,357",103-KE-T30,FPQ-10018,SCMS-149610,ASN-15668,Kenya,PMO - US,Direct Drop,EXW,Air,06-05-12,6/14/2012,09-Jul-12,28-Jul-12,28-Jul-12,HRDT,HIV test,"Orgenics, Ltd","HIV 1/2, Determine Complete HIV Kit, 100 Tests","HIV 1/2, Determine Complete HIV Kit",Determine,,Test kit,100,"6,618",589002.00,89,0.89,"Alere Medical Co., Ltd.",TRUE,1139,"$11,827.07 ",825.78
"11,690",109-TZ-T01,Pre-PQ Process,SO-31283,DN-1470,Tanzania,PMO - US,From RDC,N/A - From RDC,Truck,Date Not Captured,N/A - From RDC,26-Oct-09,26-Oct-09,26-Oct-09,ARV,Adult,SCMS from RDC,"Abacavir 300mg, tablets, 60 Tabs",Abacavir,Generic,300mg,Tablet,60,"3,752",95488.40,25.45,0.42,"Aurobindo Unit III, India",FALSE,See DN-1470 (ID#:10798),null,187.16
"12,616",117-ET-T01,Pre-PQ Process,SO-33630,DN-1471,Ethiopia,PMO - US,From RDC,N/A - From RDC,Air,Date Not Captured,N/A - From RDC,06-Oct-09,06-Oct-09,06-Oct-09,ARV,Adult,SCMS from RDC,"Lamivudine 150mg, tablets, 60 Tabs",Lamivudine,Generic,150mg,Tablet,60,"4,275",10431.00,2.44,0.04,"Aurobindo Unit III, India",FALSE,See DN-1471 (ID#:12015),null,20.44
"74,398",161-ZA-T30,FPQ-7175,SCMS-103390,ASN-11889,South Africa,PMO - US,Direct Drop,DDP,Ocean,03-10-11,3/24/2011,10-Oct-11,10-Oct-11,10-Oct-11,ARV,Adult,Aurobindo Pharma Limited,"Efavirenz 600mg, tablets, 30 Tabs",Efavirenz,Generic,600mg,Tablet,30,"78,595",354463.45,4.51,0.15,"Aurobindo Unit III, India",TRUE,6681,"$9,323.27 ",584.86
"12,922",100-GH-T01,Pre-PQ Process,SO-33650,DN-1473,Ghana,PMO - US,From RDC,N/A - From RDC,Truck,Date Not Captured,N/A - From RDC,30-Sep-09,12-Aug-09,12-Aug-09,ARV,Pediatric,SCMS from RDC,"Lopinavir/Ritonavir 80/20mg/ml [Kaletra], oral solution, cool, Bottle 5 x 60 ml",Lopinavir/Ritonavir,Kaletra,80/20mg/ml,Oral solution,300,276,2.76,0.01,0,ABBVIE (Abbott) Logis. UK,FALSE,See DN-1473 (ID#:11358),null,0.01
"74,419",101-CD-T30,FPQ-8792,SCMS-131070,ASN-14078,"Congo, DRC",PMO - US,Direct Drop,EXW,Air,12/14/2011,01-09-12,18-Jun-12,18-Jun-12,18-Jun-12,HRDT,HIV test,"Orgenics, Ltd","HIV 1/2, Determine Complete HIV Kit, 100 Tests","HIV 1/2, Determine Complete HIV Kit",Determine,,Test kit,100,"1,265",101200.00,80,0.8,"Alere Medical Co., Ltd.",TRUE,657,"$15,722.05 ",141.88
"74,439",133-NG-T30,FPQ-7634,SCMS-108740,ASN-11757,Nigeria,PMO - US,Direct Drop,EXW,Air,4/28/2011,5/23/2011,31-Aug-11,25-Aug-11,25-Aug-11,HRDT,HIV test,"Orgenics, Ltd","HIV 1/2, Determine Complete HIV Kit, 100 Tests","HIV 1/2, Determine Complete HIV Kit",Determine,,Test kit,100,"2,853",253917.00,89,0.89,Inverness Japan,TRUE,1360,"$32,499.11 ",418.96
"74,465",106-HT-T30,FPQ-6941,SCMS-100090,ASN-10006,Haiti,PMO - US,Direct Drop,FCA,Air,01-03-11,2/15/2011,05-Apr-11,05-Apr-11,05-Apr-11,ARV,Pediatric,BRISTOL-MYERS SQUIBB,"Didanosine 50mg [Videx], chewable tablets, 60 Tabs",Didanosine,Videx,50mg,Chewable/dispersible tablet,60,200,1900.00,9.5,0.16,"BMS Meymac, France",TRUE,94,$757.42 ,3.14
"74,479",117-ET-T30,FPQ-4873,SCMS-63002,ASN-6034,Ethiopia,PMO - US,Direct Drop,EXW,Air,01-05-10,01-12-10,11-Feb-10,11-Feb-10,11-Feb-10,HRDT,HIV test,"SHANGHAI KEHUA BIOENGINEERING CO.,LTD.  (KHB)","HIV 1/2, SKB Colloidal Gold, Diagnostic Kit, Antibody, 50 Tests","HIV 1/2, Colloidal Gold, Diagnostic Kit, Antibody",Colloidal Gold,,Test kit,1,800,18400.00,23,23,"KHB Test Kit Facility, Shanghai China",TRUE,543,"$5,456.44 ",39.67
"74,492",107-RW-T30,FPQ-8742,SCMS-137540,ASN-14799,Rwanda,PMO - US,Direct Drop,EXW,Ocean,12-07-11,04-03-12,16-Jul-12,16-Jul-12,16-Jul-12,ARV,Adult,MYLAN LABORATORIES LTD (FORMERLY MATRIX LABORATORIES),"Efavirenz/Lamivudine/Tenofovir Disoproxil Fumarate 600/300/300mg, tablets, 30 Tabs",Efavirenz/Lamivudine/Tenofovir Disoproxil Fumarate,Generic,600/300/300mg,Tablet - FDC,30,"39,330",511290.00,13,0.43,Mylan (formerly Matrix) Nashik,TRUE,4426,"$66,916.50 ",716.83
"74,499",106-HT-T30,FPQ-6802,SCMS-96310,ASN-12382,Haiti,PMO - US,Direct Drop,CIP,Air,12/21/2010,01-06-11,18-Oct-11,18-Oct-11,18-Oct-11,ARV,Pediatric,MERCK SHARP & DOHME IDEA GMBH (FORMALLY MERCK SHARP & DOHME B.V.),"Efavirenz 30mg/ml [Stocrin/Sustiva], oral solution, Bottle, 180 ml",Efavirenz,Stocrin/Sustiva,30mg/ml,Oral solution,180,270,4579.20,16.96,0.09,"MSD Patheon, Canada",TRUE,76,$290 ,7.56
"12,923",100-GH-T01,Pre-PQ Process,SO-33650,DN-1473,Ghana,PMO - US,From RDC,N/A - From RDC,Truck,Date Not Captured,N/A - From RDC,30-Sep-09,12-Aug-09,12-Aug-09,ARV,Pediatric,SCMS from RDC,"Lopinavir/Ritonavir 80/20mg/ml [Kaletra], oral solution, cool, Bottle 5 x 60 ml",Lopinavir/Ritonavir,Kaletra,80/20mg/ml,Oral solution,300,896,8.96,0.01,0,ABBVIE (Abbott) Logis. UK,FALSE,See DN-1473 (ID#:11358),null,0.02
"74,517",103-ZW-T30,FPQ-15220,SCMS-261591,ASN-31190,Zimbabwe,PMO - US,Direct Drop,FCA,Air,10/27/2014,10/30/2014,14-May-15,14-May-15,14-May-15,ARV,Pediatric,ABBVIE LOGISTICS (FORMERLY ABBOTT LOGISTICS BV),"Lopinavir/Ritonavir 80/20mg/ml [Kaletra], oral solution, cool, Bottle 5 x 60 ml",Lopinavir/Ritonavir,Kaletra,80/20mg/ml,Oral solution,300,"2,625",80902.50,30.82,0.1,ABBVIE (Abbott) Logis. UK,TRUE,2583,"$20,559.39 ",95.22
"74,540",108-VN-T30,FPQ-4662,SCMS-58710,ASN-5842,Vietnam,PMO - US,Direct Drop,EXW,Air,12-02-09,12-08-09,27-Jan-10,27-Jan-10,27-Jan-10,ARV,Adult,STRIDES ARCOLAB LIMITED,"Stavudine 30mg, capsules, 60 Caps",Stavudine,Generic,30mg,Capsule,60,"8,904",12465.60,1.4,0.02,"Strides, Bangalore, India.",TRUE,429,"$2,633.91 ",26.88
"82,841",104-CI-T30,FPQ-4187,SO-33520,DN-1474,Côte d'Ivoire,PMO - US,From RDC,N/A - From RDC,Air,09-09-09,N/A - From RDC,23-Oct-09,23-Oct-09,23-Oct-09,ARV,Pediatric,SCMS from RDC,"Abacavir 20mg/ml, oral solution, Bottle, 240 ml",Abacavir,Generic,20mg/ml,Oral solution,240,616,9018.24,14.64,0.06,"Aurobindo Unit III, India",FALSE,See DN-1474 (ID#:82273),null,17.68
"74,602",161-ZA-T30,FPQ-6262,SCMS-83910,ASN-9171,South Africa,PMO - US,Direct Drop,DDP,Ocean,8/31/2010,9/28/2010,14-Feb-11,14-Feb-11,14-Feb-11,ARV,Adult,CIPLA LIMITED,"Nevirapine 200mg, tablets, 60 Tabs",Nevirapine,Generic,200mg,Tablet,60,"158,000",440820.00,2.79,0.05,"Cipla, Goa, India",TRUE,16768,"$23,721.90 ",950.41
"74,609",101-KE-T30,FPQ-10314,SCMS-153910,ASN-17660,Kenya,PMO - US,Direct Drop,CIP,Air,07-12-12,11-06-12,28-Feb-13,28-Feb-13,28-Feb-13,HRDT,HIV test,"Orgenics, Ltd","HIV 1/2, Determine Complete HIV Kit, 100 Tests","HIV 1/2, Determine Complete HIV Kit",Determine,,Test kit,100,1,89.00,89,0.89,"Alere Medical Co., Ltd.",TRUE,1476,$91.66 ,0.12
"74,610",108-VN-T30,FPQ-7898,SCMS-113670,ASN-12274,Vietnam,PMO - US,Direct Drop,EXW,Air,6/27/2011,07-08-11,24-Oct-11,24-Oct-11,24-Oct-11,ARV,Adult,HETERO LABS LIMITED,"Lamivudine/Zidovudine 150/300mg, tablets, 60 Tabs",Lamivudine/Zidovudine,Generic,150/300mg,Tablet - FDC,60,"11,755",96391.00,8.2,0.14,Hetero Unit III Hyderabad IN,TRUE,1083,"$9,046.76 ",159.05
"85,069",106-HT-T30,FPQ-4277,SO-33730,DN-1479,Haiti,PMO - US,From RDC,N/A - From RDC,Air,9/22/2009,N/A - From RDC,18-Nov-09,18-Oct-09,18-Oct-09,ARV,Adult,SCMS from RDC,"Lamivudine 150mg, tablets, 60 Tabs",Lamivudine,Generic,150mg,Tablet,60,398,971.12,2.44,0.04,"Aurobindo Unit III, India",FALSE,See DN-1479 (ID#:82842),null,1.9
"10,565",111-MZ-T01,Pre-PQ Process,SO-576,DN-148,Mozambique,PMO - US,From RDC,N/A - From RDC,Air,Pre-PQ Process,N/A - From RDC,13-Jun-07,13-Jun-07,13-Jun-07,ARV,Adult,SCMS from RDC,"Saquinavir 200mg [Invirase], capsules, 270 Caps",Saquinavir,Invirase,200mg,Capsule,270,421,32118.09,76.29,0.28,Roche Basel,FALSE,See DN-148 (ID#:10564),null,
"74,683",109-TZ-T30,FPQ-7239,SCMS-102040,ASN-10625,Tanzania,PMO - US,Direct Drop,EXW,Air,2/25/2011,3/23/2011,20-Jun-11,20-Jun-11,20-Jun-11,HRDT,HIV test,"Orgenics, Ltd","HIV 1/2, Determine Complete HIV Kit, 100 Tests","HIV 1/2, Determine Complete HIV Kit",Determine,,Test kit,100,86,6880.00,80,0.8,Inverness Japan,TRUE,40,"$1,765.86 ",11.35
"10,832",111-MZ-T01,Pre-PQ Process,SO-576,DN-148,Mozambique,PMO - US,From RDC,N/A - From RDC,Air,Pre-PQ Process,N/A - From RDC,13-Jun-07,13-Jun-07,13-Jun-07,ARV,Adult,SCMS from RDC,"Abacavir 300mg, tablets, 60 Tabs",Abacavir,Generic,300mg,Tablet,60,570,20235.00,35.5,0.59,"Aurobindo Unit III, India",FALSE,See DN-148 (ID#:10564),null,
"74,697",108-VN-T30,FPQ-7898,SCMS-113650,ASN-12787,Vietnam,PMO - US,Direct Drop,EXW,Air,6/27/2011,07-07-11,22-Nov-11,22-Nov-11,22-Nov-11,ARV,Adult,MYLAN LABORATORIES LTD (FORMERLY MATRIX LABORATORIES),"Abacavir 300mg, tablets, 60 Tabs",Abacavir,Generic,300mg,Tablet,60,408,5911.92,14.49,0.24,Mylan (formerly Matrix) Nashik,TRUE,42,"$4,388.84 ",9.75
"74,699",108-VN-T30,FPQ-5317,SCMS-69440,ASN-7220,Vietnam,PMO - US,Direct Drop,EXW,Air,3/22/2010,3/26/2010,01-Jul-10,01-Jul-10,01-Jul-10,ARV,Adult,CIPLA LIMITED,"Lamivudine/Nevirapine/Stavudine 150/200/30mg, tablets, 60 Tabs",Lamivudine/Nevirapine/Stavudine,Generic,150/200/30mg,Tablet - FDC,60,"30,080",171155.20,5.69,0.09,"Cipla, Goa, India",TRUE,2933,"$12,067.26 ",369.01
"12,061",111-MZ-T01,Pre-PQ Process,SO-576,DN-148,Mozambique,PMO - US,From RDC,N/A - From RDC,Air,Pre-PQ Process,N/A - From RDC,13-Jun-07,13-Jun-07,13-Jun-07,ARV,Adult,SCMS from RDC,"Tenofovir Disoproxil Fumarate 300mg [Viread], tablets, 30 Tabs",Tenofovir Disoproxil Fumarate,Viread,300mg,Tablet,30,"2,684",45628.00,17,0.57,Gilead(Nycomed) Oranienburg DE,FALSE,See DN-148 (ID#:10564),null,
"74,729",133-NG-T30,FPQ-10349,SCMS-155311,ASN-19163,Nigeria,PMO - US,Direct Drop,EXW,Air,7/17/2012,08-10-12,06-May-13,06-May-13,06-May-13,HRDT,HIV test,"CHEMBIO DIAGNOSTIC SYSTEMS, INC.","HIV 1/2, Stat-Pak HIV, Kit, 20 Tests","HIV 1/2, Stat-Pak HIV, Kit",Stat-Pak,,Test kit,20,"3,401",98629.00,29,1.45,Chembio Diagnostics Sys. Inc.,TRUE,972,"$10,191.28 ",138.28
"74,732",102-SD-T30,FPQ-8261,SCMS-120440,ASN-12832,Sudan,PMO - US,Direct Drop,EXW,Air,8/29/2011,9/14/2011,06-Jan-12,06-Jan-12,06-Jan-12,HRDT,HIV test,"Orgenics, Ltd","HIV 1/2, Determine Complete HIV Kit, 100 Tests","HIV 1/2, Determine Complete HIV Kit",Determine,,Test kit,100,115,10235.00,89,0.89,"Alere Medical Co., Ltd.",TRUE,53,"$1,614.83 ",16.89
"12,062",111-MZ-T01,Pre-PQ Process,SO-576,DN-148,Mozambique,PMO - US,From RDC,N/A - From RDC,Air,Pre-PQ Process,N/A - From RDC,13-Jun-07,13-Jun-07,13-Jun-07,ARV,Adult,SCMS from RDC,"Lamivudine/Nevirapine/Zidovudine 150/200/300mg, tablets, 60 Tabs",Lamivudine/Nevirapine/Zidovudine,Generic,150/300/200mg,Tablet - FDC,60,"29,959",524282.50,17.5,0.29,"Aurobindo Unit III, India",FALSE,See DN-148 (ID#:10564),null,
"12,366",111-MZ-T01,Pre-PQ Process,SO-576,DN-148,Mozambique,PMO - US,From RDC,N/A - From RDC,Air,Pre-PQ Process,N/A - From RDC,13-Jun-07,13-Jun-07,13-Jun-07,ARV,Pediatric,SCMS from RDC,"Efavirenz 50mg [Stocrin/Sustiva], capsule, 30 Caps",Efavirenz,Stocrin/Sustiva,50mg,Capsule,30,"1,844",6306.48,3.42,0.11,"MSD Manati, Puerto Rico, (USA)",FALSE,See DN-148 (ID#:10564),null,
"74,780",104-CI-T30,FPQ-9823,SCMS-147560,ASN-16600,Côte d'Ivoire,PMO - US,Direct Drop,EXW,Air,05-04-12,6/13/2012,17-Oct-12,17-Oct-12,17-Oct-12,HRDT,HIV test,"CHEMBIO DIAGNOSTIC SYSTEMS, INC.","HIV 1/2, Stat-Pak HIV, Kit, 20 Tests","HIV 1/2, Stat-Pak HIV, Kit",Stat-Pak,,Test kit,20,"3,678",106662.00,29,1.45,Chembio Diagnostics Sys. Inc.,TRUE,1056,"$12,363.35 ",149.54
"74,786",104-CI-T30,FPQ-8929,SCMS-131890,ASN-14091,Côte d'Ivoire,PMO - US,Direct Drop,EXW,Air,12-08-11,1/17/2012,27-Mar-12,27-Mar-12,27-Mar-12,HRDT,HIV test,"Orgenics, Ltd","HIV 1/2, Determine Complete HIV Kit, 100 Tests","HIV 1/2, Determine Complete HIV Kit",Determine,,Test kit,100,"2,070",165600.00,80,0.8,"Alere Medical Co., Ltd.",TRUE,988,"$19,368.23 ",232.17
"12,326",100-LB-T01,Pre-PQ Process,SO-33890,DN-1486,Lebanon,PMO - US,From RDC,N/A - From RDC,Air,Date Not Captured,N/A - From RDC,18-Nov-09,18-Nov-09,18-Nov-09,ARV,Pediatric,SCMS from RDC,"Nevirapine 10mg/ml, oral suspension, Bottle, 240 ml",Nevirapine,Generic,10mg/ml,Oral suspension,240,50,0.50,0.01,0,"Aurobindo Unit III, India",FALSE,See DN-1486 (ID#:11072),null,0
"74,838",112-NG-T30,FPQ-4151,SCMS-54540,ASN-5633,Nigeria,PMO - US,Direct Drop,EXW,Air,9/18/2009,10-07-09,06-Jan-10,06-Jan-10,06-Jan-10,ACT-6drg,ACT,IDA FOUNDATION,"Artemether/Lumefantrine 20/120mg [Coartem], scored tablets, Blister 30 x 18 Tabs",Artemether/Lumefantrine,Coartem,20/120mg,Tablet - FDC + blister,540,30,1207.50,40.25,0.07,"Novartis Pharma AG, Switzerland",TRUE,1295,"$8,423.76 ",2.37
"11,693",100-LB-T01,Pre-PQ Process,SO-33900,DN-1487,Lebanon,PMO - US,From RDC,N/A - From RDC,Air,Date Not Captured,N/A - From RDC,18-Nov-09,18-Nov-09,18-Nov-09,ARV,Pediatric,SCMS from RDC,"Didanosine 100mg, chewable/dispersible tablets, 60 Tabs",Didanosine,Generic,100mg,Chewable/dispersible tablet,60,120,1.20,0.01,0,"Aurobindo Unit III, India",FALSE,See DN-1487 (ID#:11073),null,0
"74,906",106-HT-T30,FPQ-12590,SCMS-210440,ASN-23017,Haiti,PMO - US,Direct Drop,FCA,Air,8/21/2013,10/22/2013,23-Jan-14,23-Jan-14,24-Jan-14,ARV,Pediatric,ABBVIE LOGISTICS (FORMERLY ABBOTT LOGISTICS BV),"Lopinavir/Ritonavir 100/25mg [Aluvia], tablets, 60 Tabs",Lopinavir/Ritonavir,Generic,100/25mg,Tablet,60,80,475.20,5.94,0.1,ABBVIE Ludwigshafen Germany,TRUE,8,$737.12 ,0.59
"12,016",100-LB-T01,Pre-PQ Process,SO-33900,DN-1487,Lebanon,PMO - US,From RDC,N/A - From RDC,Air,Date Not Captured,N/A - From RDC,18-Nov-09,18-Nov-09,18-Nov-09,ARV,Pediatric,SCMS from RDC,"Zidovudine 10mg/ml, oral solution, Bottle, 240 ml",Zidovudine,Generic,10mg/ml,Oral solution,240,24,0.24,0.01,0,"Aurobindo Unit III, India",FALSE,See DN-1487 (ID#:11073),null,0
"74,930",110-ZM-T30,FPQ-4141,SCMS-53261,ASN-5854,Zambia,PMO - US,Direct Drop,EXW,Air,8/31/2009,09-11-09,28-Jan-10,28-Jan-10,28-Jan-10,HRDT,HIV test,"Orgenics, Ltd","HIV 1/2, Determine Complete HIV Kit, 100 Tests","HIV 1/2, Determine Complete HIV Kit",Determine,,Test kit,100,"2,898",208656.00,72,0.72,Inverness Japan,TRUE,1409,"$21,714.68 ",408.97
"74,936",108-VN-T30,FPQ-11560,SCMS-177620,ASN-20366,Vietnam,PMO - US,Direct Drop,EXW,Air,02-07-13,2/13/2013,01-Aug-13,01-Aug-13,01-Aug-13,ARV,Adult,MYLAN LABORATORIES LTD (FORMERLY MATRIX LABORATORIES),"Efavirenz/Lamivudine/Tenofovir Disoproxil Fumarate 600/300/300mg, tablets, 30 Tabs",Efavirenz/Lamivudine/Tenofovir Disoproxil Fumarate,Generic,600/300/300mg,Tablet - FDC,30,"46,802",537754.98,11.49,0.38,Mylan (formerly Matrix) Nashik,TRUE,5281,"$13,625.75 ",665.2
"11,694",100-LB-T01,Pre-PQ Process,SO-33910,DN-1488,Lebanon,PMO - US,From RDC,N/A - From RDC,Air,Date Not Captured,N/A - From RDC,24-Nov-09,24-Nov-09,24-Nov-09,ARV,Adult,SCMS from RDC,"Lamivudine 150mg, tablets, 60 Tabs",Lamivudine,Generic,150mg,Tablet,60,200,2.00,0.01,0,Hetero Unit III Hyderabad IN,FALSE,See DN-1488 (ID#:11074),null,0
"74,965",109-TZ-T30,FPQ-5174,SCMS-66940,ASN-9922,Tanzania,PMO - US,Direct Drop,FCA,Air,03-01-10,03-12-10,31-Mar-11,31-Mar-11,31-Mar-11,ARV,Adult,ABBVIE LOGISTICS (FORMERLY ABBOTT LOGISTICS BV),"Ritonavir 100mg [Norvir], capsules, cool, 4 x 84 Caps",Ritonavir,Norvir,100mg,Capsule,336,335,12850.60,38.36,0.11,ABBVIE (Abbott) Logis. UK,TRUE,146,"$4,701.10 ",27.71
"12,327",100-LB-T01,Pre-PQ Process,SO-33910,DN-1488,Lebanon,PMO - US,From RDC,N/A - From RDC,Air,Date Not Captured,N/A - From RDC,24-Nov-09,24-Nov-09,24-Nov-09,ARV,Adult,SCMS from RDC,"Nevirapine 200mg, tablets, 60 Tabs",Nevirapine,Generic,200mg,Tablet,60,200,2.00,0.01,0,Hetero Unit III Hyderabad IN,FALSE,See DN-1488 (ID#:11074),null,0
"75,043",107-RW-T30,FPQ-14813,SCMS-268600,ASN-31454,Rwanda,PMO - US,Direct Drop,FCA,Air,10-09-14,12-12-14,27-Apr-15,27-Apr-15,27-Apr-15,ARV,Pediatric,SWORDS LABORATORIES,"Atazanavir 150mg [Reyataz], capsules, 60 Caps",Atazanavir,Reyataz,150mg,Capsule,60,132,4468.20,33.85,0.56,"BMS Evansville, US",TRUE,11,$663.77 ,4.59
"83,953",123-NG-T30,FPQ-4395,SO-32971,DN-1493,Nigeria,PMO - US,From RDC,N/A - From RDC,Air Charter,7/27/2009,N/A - From RDC,18-Dec-09,20-Nov-09,20-Nov-09,ARV,Adult,SCMS from RDC,"Stavudine 30mg, capsules, 60 Caps",Stavudine,Generic,30mg,Capsule,60,"4,050",5913.00,1.46,0.02,"Aurobindo Unit III, India",FALSE,See DN-1493 (ID#:83374),null,11.59
"75,091",153-NA-T30,FPQ-8795,SCMS-131100,ASN-13763,Namibia,PMO - US,Direct Drop,EXW,Air,12-05-11,01-12-12,14-Feb-12,14-Feb-12,14-Feb-12,HRDT,HIV test,"Trinity Biotech, Plc","HIV 1/2, Uni-Gold HIV Kit, 20 Tests","HIV 1/2, Uni-Gold HIV Kit",Uni-Gold,,Test kit,20,728,23296.00,32,1.6,"Trinity Biotech, Plc",TRUE,238,"$2,789.67 ",32.66
"75,102",161-ZA-T30,FPQ-7175,SCMS-104100,ASN-12991,South Africa,PMO - US,Direct Drop,DDP,Ocean,03-10-11,3/28/2011,12-Jan-12,12-Jan-12,12-Jan-12,ARV,Adult,CIPLA LIMITED,"Nevirapine 200mg, tablets, 60 Tabs",Nevirapine,Generic,200mg,Tablet,60,"5,360",14579.20,2.72,0.05,"Cipla, Goa, India",TRUE,583,"$5,824.11 ",24.06
"75,114",108-VN-T30,FPQ-5317,SCMS-69430,ASN-7236,Vietnam,PMO - US,Direct Drop,EXW,Air,3/22/2010,3/26/2010,06-Jul-10,06-Jul-10,06-Jul-10,ARV,Adult,CIPLA LIMITED,"Lamivudine/Nevirapine/Stavudine 150/200/30mg, tablets, 60 Tabs",Lamivudine/Nevirapine/Stavudine,Generic,150/200/30mg,Tablet - FDC,60,"49,920",284044.80,5.69,0.09,"Cipla, Goa, India",TRUE,4799,"$10,959.54 ",612.4
"75,122",113-ZW-T30,FPQ-10036,SCMS-150570,ASN-16202,Zimbabwe,PMO - US,Direct Drop,EXW,Air,6/15/2012,07-11-12,10-Oct-12,10-Oct-12,10-Oct-12,HRDT,HIV test,BIOLYTICAL LABORATORIES INC.,"HIV 1/2, INSTI HIV Antibody Individual POC, 1 Test","HIV 1/2, INSTI HIV Antibody Individual POC, 1 Test",INSTi,,Test kit,1,"11,626",29065.00,2.5,2.5,bioLytical Laboratories,TRUE,613,"$8,434.27 ",40.75
"83,954",123-NG-T30,FPQ-4395,SO-32971,DN-1493,Nigeria,PMO - US,From RDC,N/A - From RDC,Air Charter,7/27/2009,N/A - From RDC,18-Dec-09,20-Nov-09,20-Nov-09,ARV,Adult,SCMS from RDC,"Zidovudine 300mg, tablets, 60 Tabs",Zidovudine,Generic,300mg,Tablet,60,"8,383",63123.99,7.53,0.13,"Aurobindo Unit III, India",FALSE,See DN-1493 (ID#:83374),null,123.72
"75,139",108-VN-T30,FPQ-4098,SCMS-51760,ASN-5445,Vietnam,PMO - US,Direct Drop,EXW,Air,08-12-09,8/14/2009,27-Nov-09,27-Nov-09,27-Nov-09,ARV,Adult,Aurobindo Pharma Limited,"Stavudine 30mg, capsules, 60 Caps",Stavudine,Generic,30mg,Capsule,60,"3,024",4384.80,1.45,0.02,"Aurobindo Unit III, India",TRUE,202,"$1,615.88 ",8.59
"75,153",133-NG-T30,FPQ-12812,SCMS-210340,ASN-23200,Nigeria,PMO - US,Direct Drop,EXW,Air,8/13/2013,11-01-13,03-Jan-14,03-Jan-14,13-Jan-14,HRDT,HIV test,"CHEMBIO DIAGNOSTIC SYSTEMS, INC.","HIV 1/2, Stat-Pak HIV, Kit, 20 Tests","HIV 1/2, Stat-Pak HIV, Kit",Stat-Pak,,Test kit,20,"3,337",106784.00,32,1.6,Chembio Diagnostics Sys. Inc.,TRUE,1252,"$5,758.84 ",132.09
"86,242",123-NG-T30,FPQ-4395,SO-32971,DN-1493,Nigeria,PMO - US,From RDC,N/A - From RDC,Air Charter,7/27/2009,N/A - From RDC,18-Dec-09,20-Nov-09,20-Nov-09,ARV,Adult,SCMS from RDC,"Nevirapine 200mg, tablets, 60 Tabs",Nevirapine,Generic,200mg,Tablet,60,"20,025",58072.50,2.9,0.05,"Aurobindo Unit III, India",FALSE,See DN-1493 (ID#:83374),null,113.82
"11,698",111-MZ-T01,Pre-PQ Process,SO-323,DN-15,Mozambique,PMO - US,From RDC,N/A - From RDC,Air,Pre-PQ Process,N/A - From RDC,01-Feb-07,01-Feb-07,01-Feb-07,ARV,Adult,SCMS from RDC,"Stavudine 15mg, capsules, 60 Caps",Stavudine,Generic,15mg,Capsule,60,"3,287",7724.45,2.35,0.04,"Aurobindo Unit III, India",FALSE,See DN-15 (ID#:10804),null,
"75,198",105-GH-T30,FPQ-14052,SCMS-237810,ASN-28671,Ghana,PMO - US,Direct Drop,EXW,Air,04-12-14,5/23/2014,10-Nov-14,10-Nov-14,12-Nov-14,ARV,Adult,Aurobindo Pharma Limited,"Lamivudine/Nevirapine/Zidovudine 150/200/300mg, tablets, 60 Tabs",Lamivudine/Nevirapine/Zidovudine,Generic,150/300/200mg,Tablet - FDC,60,"25,097",205795.40,8.2,0.14,"Aurobindo Unit III, India",TRUE,3167,"$16,189.27 ",211.56
"11,402",107-RW-T01,Pre-PQ Process,SO-240,DN-150,Rwanda,PMO - US,From RDC,N/A - From RDC,Air,Pre-PQ Process,N/A - From RDC,22-May-07,22-May-07,22-May-07,HRDT,HIV test,SCMS from RDC,"HIV 1/2, Capillus HIV Kit, 100 Tests","HIV 1/2, Capillus HIV Kit",Capillus,,Test kit,100,60,8340.00,139,1.39,"Trinity Biotech, Plc",FALSE,See DN-150 (ID#:11401),null,
"75,229",110-ZM-T30,FPQ-8315,SCMS-120580,ASN-13542,Zambia,PMO - US,Direct Drop,EXW,Air,8/31/2011,9/19/2011,09-Mar-12,09-Mar-12,09-Mar-12,HRDT,HIV test,"Trinity Biotech, Plc","HIV 1/2, Uni-Gold HIV Kit, 20 Tests","HIV 1/2, Uni-Gold HIV Kit",Uni-Gold,,Test kit,20,"5,000",160000.00,32,1.6,"Trinity Biotech, Plc",TRUE,1647,"$20,626.58 ",264
"83,956",113-ZW-T30,FPQ-4472,SO-27190,DN-1500,Zimbabwe,PMO - US,From RDC,N/A - From RDC,Truck,3/17/2009,N/A - From RDC,15-Nov-09,09-Nov-09,09-Nov-09,ARV,Adult,SCMS from RDC,"Efavirenz 600mg, tablets, 30 Tabs",Efavirenz,Generic,600mg,Tablet,30,"4,000",23120.00,5.78,0.19,"Aurobindo Unit III, India",FALSE,See DN-1500 (ID#:82274),null,45.32
"83,957",113-ZW-T30,FPQ-4472,SO-27190,DN-1500,Zimbabwe,PMO - US,From RDC,N/A - From RDC,Truck,3/17/2009,N/A - From RDC,15-Nov-09,09-Nov-09,09-Nov-09,ARV,Adult,SCMS from RDC,"Lamivudine/Stavudine 150/30mg, tablets, 60 Tabs",Lamivudine/Stavudine,Generic,150/30mg,Tablet - FDC,60,"4,000",16000.00,4,0.07,"Cipla, Goa, India",FALSE,See DN-1500 (ID#:82274),null,31.36
"84,505",105-GY-T30,FPQ-4438,SO-34480,DN-1505,Guyana,PMO - US,From RDC,N/A - From RDC,Air,10/15/2009,N/A - From RDC,23-Nov-09,03-Nov-09,03-Nov-09,ARV,Adult,SCMS from RDC,"Lamivudine 150mg, tablets, 60 Tabs",Lamivudine,Generic,150mg,Tablet,60,455,1110.20,2.44,0.04,"Aurobindo Unit III, India",FALSE,See DN-1505 (ID#:84504),null,2.39
"75,345",104-CI-T30,FPQ-3967,SCMS-52600,ASN-5061,Côte d'Ivoire,PMO - US,Direct Drop,FCA,Air,8/21/2009,09-11-09,23-Oct-09,23-Oct-09,23-Oct-09,ARV,Adult,ABBVIE LOGISTICS (FORMERLY ABBOTT LOGISTICS BV),"Lopinavir/Ritonavir 200/50mg [Aluvia], tablets, 120 Tabs",Lopinavir/Ritonavir,Aluvia,200/50mg,Tablet,120,"12,560",454169.60,36.16,0.3,ABBVIE Ludwigshafen Germany,TRUE,3080,"$18,459.58 ",890.17
"75,352",901-CM-T30,FPQ-12837,SCMS-204370,ASN-22180,Cameroon,PMO - US,Direct Drop,EXW,Air,8/19/2013,9/25/2013,14-Nov-13,14-Nov-13,14-Nov-13,ARV,Adult,SUN PHARMACEUTICAL INDUSTRIES LTD (RANBAXY LABORATORIES LIMITED),"Lamivudine/Tenofovir Disoproxil Fumarate 300/300mg, tablets, 30 Tabs",Lamivudine/Tenofovir Disoproxil Fumarate,Generic,300/300mg,Tablet - FDC,30,"39,960",193406.40,4.84,0.16,Ranbaxy per Shasun Pharma Ltd,TRUE,4123,"$28,778.76 ",239.24
"84,503",114-UG-T30,FPQ-4475,SO-34160,DN-1506,Uganda,PMO - US,From RDC,N/A - From RDC,Air,09-02-09,N/A - From RDC,20-Nov-09,10-Nov-09,10-Nov-09,ARV,Adult,SCMS from RDC,"Lamivudine/Zidovudine 150/300mg, tablets, 60 Tabs",Lamivudine/Zidovudine,Generic,150/300mg,Tablet - FDC,60,300,2628.00,8.76,0.15,"Aurobindo Unit III, India",FALSE,See DN-1506 (ID#:83375),null,5.15
"75,422",110-ZM-T30,FPQ-14151,SCMS-240080,ASN-26467,Zambia,PMO - US,Direct Drop,EXW,Air,4/30/2014,5/21/2014,20-Jul-14,21-Jul-14,06-Aug-14,ARV,Adult,Aurobindo Pharma Limited,"Nevirapine 200mg, tablets, 60 Tabs",Nevirapine,Generic,200mg,Tablet,60,"38,939",87612.75,2.25,0.04,"Aurobindo Unit III, India",TRUE,3962,"$20,233.34 ",90.07
"85,070",104-CI-T30,FPQ-3964,SO-33040,DN-1510,Côte d'Ivoire,PMO - US,From RDC,N/A - From RDC,Air,7/24/2009,N/A - From RDC,01-Dec-09,05-Nov-09,05-Nov-09,ARV,Adult,SCMS from RDC,"Lamivudine/Zidovudine 150/300mg, tablets, 60 Tabs",Lamivudine/Zidovudine,Generic,150/300mg,Tablet - FDC,60,"41,336",362103.36,8.76,0.15,"Aurobindo Unit III, India",FALSE,See DN-1510 (ID#:84506),null,709.72
"75,494",107-RW-T30,FPQ-11772,SCMS-178950,ASN-18564,Rwanda,PMO - US,Direct Drop,EXW,Air,2/25/2013,2/25/2013,15-Mar-13,15-Mar-13,15-Mar-13,HRDT,HIV test,"Trinity Biotech, Plc","HIV 1/2, Uni-Gold HIV Kit, 20 Tests","HIV 1/2, Uni-Gold HIV Kit",Uni-Gold,,Test kit,20,500,16000.00,32,1.6,"Trinity Biotech, Plc",TRUE,166,"$3,478.50 ",19.79
"75,502",109-TZ-T30,FPQ-13048,SCMS-210910,ASN-23397,Tanzania,PMO - US,Direct Drop,EXW,Air,10-03-13,10/28/2013,28-Jan-14,28-Jan-14,28-Jan-14,ARV,Pediatric,Aurobindo Pharma Limited,"Efavirenz 50mg, capsule, 30 Caps",Efavirenz,Generic,50mg,Capsule,30,"11,912",18582.72,1.56,0.05,"Aurobindo Unit III, India",TRUE,802,"$5,740.54 ",22.99
"75,522",108-VN-T30,FPQ-12539,SCMS-210820,ASN-23668,Vietnam,PMO - US,Direct Drop,EXW,Air,07-11-13,10/14/2013,21-Jan-14,21-Jan-14,21-Jan-14,ARV,Adult,HETERO LABS LIMITED,"Efavirenz 600mg, tablets, 30 Tabs",Efavirenz,Generic,600mg,Tablet,30,"11,517",37315.08,3.24,0.11,Hetero Unit III Hyderabad IN,TRUE,1006,"$3,001.35 ",46.16
"75,534",107-RW-T30,FPQ-13851,SCMS-239010,ASN-26755,Rwanda,PMO - US,Direct Drop,CIP,Air,03-10-14,5/16/2014,24-Jul-14,24-Jul-14,25-Jul-14,ARV,Adult,MYLAN LABORATORIES LTD (FORMERLY MATRIX LABORATORIES),"Atazanavir/Ritonavir 300/100mg, tablets, 30 Tabs",Atazanavir/Ritonavir,Generic,300/100mg,Tablet,30,"18,000",360000.00,20,0.67,Mylan (formerly Matrix) Nashik,TRUE,2402,"$1,832.54 ",370.08
"84,507",123-NG-T30,FPQ-4395,SO-32971,DN-1519,Nigeria,PMO - US,From RDC,N/A - From RDC,Air Charter,7/27/2009,N/A - From RDC,18-Dec-09,18-Dec-09,18-Dec-09,ARV,Adult,SCMS from RDC,"Efavirenz 600mg, tablets, 30 Tabs",Efavirenz,Generic,600mg,Tablet,30,"77,386",447291.08,5.78,0.19,"Aurobindo Unit III, India",FALSE,See DN-1519 (ID#:82276),null,876.69
"75,581",108-VN-T30,FPQ-5094,SCMS-68480,ASN-7488,Vietnam,PMO - US,Direct Drop,EXW,Air,3/15/2010,3/24/2010,03-Aug-10,03-Aug-10,03-Aug-10,ARV,Adult,STRIDES ARCOLAB LIMITED,"Lamivudine 150mg, tablets, 60 Tabs",Lamivudine,Generic,150mg,Tablet,60,"8,738",20534.30,2.35,0.04,"Strides, Bangalore, India.",TRUE,420,"$6,683.69 ",44.27
"75,595",122-HT-T30,FPQ-8671,SCMS-131030,ASN-13447,Haiti,PMO - US,Direct Drop,EXW,Air,11-09-11,12/29/2011,23-Jan-12,23-Jan-12,23-Jan-12,MRDT,Malaria,"Standard Diagnostics, Inc.","Malaria Antigen P.f , HRP2, Kit, 25 Tests","Malaria Antigen P.f , HRP2, Kit",Generic,,Test kit,25,4,45.00,11.25,0.45,"Standard Diagnostics, Korea",TRUE,2,$702.42 ,0.06
"75,623",102-SD-T30,FPQ-5520,SCMS-71580,ASN-6862,Sudan,PMO - US,Direct Drop,EXW,Air,4/16/2010,4/22/2010,28-May-10,28-May-10,28-May-10,HRDT,HIV test,"Trinity Biotech, Plc","HIV 1/2, Uni-Gold HIV Kit, 20 Tests","HIV 1/2, Uni-Gold HIV Kit",Uni-Gold,,Test kit,20,750,24000.00,32,1.6,"Trinity Biotech, Plc",TRUE,253,"$2,849.79 ",51.74
"75,641",900-TZ-T30,FPQ-10394,SCMS-156500,ASN-16218,Tanzania,PMO - US,Direct Drop,EXW,Air,7/26/2012,08-09-12,09-Oct-12,09-Oct-12,09-Oct-12,ARV,Adult,Aurobindo Pharma Limited,"Efavirenz 600mg, tablets, 30 Tabs",Efavirenz,Generic,600mg,Tablet,30,"60,757",200498.10,3.3,0.11,"Aurobindo Unit III, India",TRUE,5215,"$20,136.28 ",281.1
"75,671",106-HT-T30,FPQ-12590,SCMS-210470,ASN-24371,Haiti,PMO - US,Direct Drop,EXW,Ocean,8/21/2013,10/24/2013,09-May-14,09-May-14,12-May-14,ARV,Pediatric,Aurobindo Pharma Limited,"Efavirenz 50mg, capsule, 30 Caps",Efavirenz,Generic,50mg,Capsule,30,"2,688",4193.28,1.56,0.05,"Aurobindo Unit III, India",TRUE,154,"$2,520.54 ",5.19
"83,379",114-UG-T30,FPQ-4275,SO-33860,DN-1522,Uganda,PMO - US,From RDC,N/A - From RDC,Air,9/17/2009,N/A - From RDC,03-Dec-09,30-Nov-09,30-Nov-09,ARV,Adult,SCMS from RDC,"Lamivudine/Nevirapine/Zidovudine 150/200/300mg, tablets, 60 Tabs",Lamivudine/Nevirapine/Zidovudine,Generic,150/300/200mg,Tablet - FDC,60,"29,254",328229.88,11.22,0.19,Mylan (formerly Matrix) Nashik,FALSE,See DN-1522 (ID#:82845),null,643.33
"75,703",109-TZ-T30,FPQ-13945,SCMS-235390,ASN-29855,Tanzania,PMO - US,Direct Drop,EXW,Air,3/27/2014,05-06-14,23-Feb-15,23-Feb-15,24-Feb-15,HRDT,HIV test,"Trinity Biotech, Plc","HIV 1/2, Uni-Gold HIV Kit, 20 Tests","HIV 1/2, Uni-Gold HIV Kit",Uni-Gold,,Test kit,20,168,5376.00,32,1.6,"Trinity Biotech, Plc",TRUE,55,"$1,112.11 ",5.53
"75,706",105-GH-T30,FPQ-13809,SCMS-234010,ASN-27059,Ghana,PMO - US,Direct Drop,FCA,Air,03-07-14,4/14/2014,07-Aug-14,07-Aug-14,15-Aug-14,ARV,Pediatric,ABBVIE LOGISTICS (FORMERLY ABBOTT LOGISTICS BV),"Lopinavir/Ritonavir 100/25mg [Aluvia], tablets, 60 Tabs",Lopinavir/Ritonavir,Generic,100/25mg,Tablet,60,934,5547.96,5.94,0.1,ABBVIE Ludwigshafen Germany,TRUE,110,"$2,060.79 ",5.7
"85,633",114-UG-T30,FPQ-4275,SO-33860,DN-1522,Uganda,PMO - US,From RDC,N/A - From RDC,Air,9/17/2009,N/A - From RDC,03-Dec-09,30-Nov-09,30-Nov-09,ARV,Adult,SCMS from RDC,"Lamivudine/Zidovudine 150/300mg, tablets, 60 Tabs",Lamivudine/Zidovudine,Generic,150/300mg,Tablet - FDC,60,"16,577",145214.52,8.76,0.15,Mylan (formerly Matrix) Nashik,FALSE,See DN-1522 (ID#:82845),null,284.62
"75,729",133-NG-T30,FPQ-7193,SCMS-103110,ASN-11268,Nigeria,PMO - US,Direct Drop,EXW,Air,2/16/2011,3/30/2011,07-Jul-11,07-Jul-11,07-Jul-11,HRDT,HIV test,"Orgenics, Ltd","HIV 1/2, Determine Complete HIV Kit, 100 Tests","HIV 1/2, Determine Complete HIV Kit",Determine,,Test kit,100,"2,891",257299.00,89,0.89,Inverness Japan,TRUE,1378,"$31,201.82 ",424.54
"75,733",103-SS-T30,FPQ-14517,SCMS-249920,ASN-29167,South Sudan,PMO - US,Direct Drop,EXW,Air,6/30/2014,7/31/2014,11-Dec-14,11-Dec-14,16-Dec-14,ARV,Pediatric,CIPLA LIMITED,"Lamivudine/Zidovudine 30/60mg, dispersible tablets, 60 Tabs",Lamivudine/Zidovudine,Generic,30/60mg,Chewable/dispersible tablet - FDC,60,635,1206.50,1.9,0.03,"Cipla, Goa, India",TRUE,59,"$1,944.99 ",1.24
"75,751",108-VN-T30,FPQ-5899,SCMS-77260,ASN-8928,Vietnam,PMO - US,Direct Drop,EXW,Air,6/23/2010,07-01-10,07-Dec-10,07-Dec-10,07-Dec-10,ARV,Adult,Aurobindo Pharma Limited,"Zidovudine 300mg, tablets, 60 Tabs",Zidovudine,Generic,300mg,Tablet,60,336,2436.00,7.25,0.12,"Aurobindo Unit III, India",TRUE,19,"$8,495.83 ",5.25
"75,799",105-GH-T30,FPQ-13809,SCMS-234050,ASN-26436,Ghana,PMO - US,Direct Drop,EXW,Air,03-07-14,4/14/2014,24-Jul-14,24-Jul-14,31-Jul-14,ARV,Adult,Aurobindo Pharma Limited,"Lopinavir/Ritonavir 200/50mg, tablets, 120 Tabs",Lopinavir/Ritonavir,Generic,200/50mg,Tablet,120,"3,393",73967.40,21.8,0.18,"Aurobindo Unit III, India",TRUE,915,"$6,006.37 ",76.04
"75,810",104-CI-T30,FPQ-9263,SCMS-139100,ASN-14678,Côte d'Ivoire,PMO - US,Direct Drop,EXW,Air,02-01-12,03-08-12,22-May-12,22-May-12,22-May-12,ARV,Adult,MYLAN LABORATORIES LTD (FORMERLY MATRIX LABORATORIES),"Atazanavir/Ritonavir 300/100mg, tablets, 30 Tabs",Atazanavir/Ritonavir,Generic,300/100mg,Tablet,30,"1,800",45000.00,25,0.83,Mylan (formerly Matrix) Nashik,TRUE,225,"$3,109.21 ",63.09
"85,071",104-CI-T30,FPQ-3964,SO-34500,DN-1523,Côte d'Ivoire,PMO - US,From RDC,N/A - From RDC,Air,7/24/2009,N/A - From RDC,01-Dec-09,02-Dec-09,02-Dec-09,ARV,Adult,SCMS from RDC,"Abacavir 300mg, tablets, 60 Tabs",Abacavir,Generic,300mg,Tablet,60,"4,000",85680.00,21.42,0.36,Mylan (formerly Matrix) Nashik,FALSE,See DN-1523 (ID#:83961),null,167.93
"75,879",109-TZ-T30,FPQ-7909,SCMS-114980,ASN-12025,Tanzania,PMO - US,Direct Drop,EXW,Air,6/24/2011,7/18/2011,29-Sep-11,30-Sep-11,30-Sep-11,HRDT,HIV test,"Standard Diagnostics, Inc.","HIV 1/2, Bioline 3.0 Kit, Lancets, Capillary pipets, Alcohol swabs included, 25 Tests","HIV 1/2, Bioline 3.0 Kit, Lancets, Capillary pipets, Alcohol swabs included",Bioline,,Test kit,25,"10,000",200000.00,20,0.8,"Standard Diagnostics, Korea",TRUE,3334,"$45,032.55 ",330
"75,882",113-ZW-T30,FPQ-13939,SCMS-234720,ASN-26117,Zimbabwe,PMO - US,Direct Drop,EXW,Air,04-01-14,05-08-14,14-Jun-14,14-Jun-14,16-Jun-14,ARV,Adult,Aurobindo Pharma Limited,"Lamivudine/Tenofovir Disoproxil Fumarate 300/300mg, tablets, 30 Tabs",Lamivudine/Tenofovir Disoproxil Fumarate,Generic,300/300mg,Tablet - FDC,30,"33,439",155491.35,4.65,0.16,"Aurobindo Unit VII, IN",TRUE,3232,"$25,955.06 ",159.85
"86,243",104-CI-T30,FPQ-3964,SO-34500,DN-1523,Côte d'Ivoire,PMO - US,From RDC,N/A - From RDC,Air,7/24/2009,N/A - From RDC,01-Dec-09,02-Dec-09,02-Dec-09,ARV,Adult,SCMS from RDC,"Efavirenz 600mg, tablets, 30 Tabs",Efavirenz,Generic,600mg,Tablet,30,"30,464",176081.92,5.78,0.19,"Aurobindo Unit III, India",FALSE,See DN-1523 (ID#:83961),null,345.12
"84,509",106-HT-T30,FPQ-4469,SO-34240,DN-1530,Haiti,PMO - US,From RDC,N/A - From RDC,Air,9/23/2009,N/A - From RDC,30-Nov-09,30-Nov-09,30-Nov-09,ARV,Adult,SCMS from RDC,"Stavudine 15mg, capsules, 60 Caps",Stavudine,Generic,15mg,Capsule,60,108,162.00,1.5,0.02,"Aurobindo Unit III, India",FALSE,See DN-1530 (ID#:83964),null,0.35
"75,925",901-CM-T30,FPQ-12528,SCMS-196520,ASN-21946,Cameroon,PMO - US,Direct Drop,EXW,Air,6/21/2013,07-01-13,09-Nov-13,09-Nov-13,13-Nov-13,ARV,Adult,HETERO LABS LIMITED,"Efavirenz/Lamivudine/Tenofovir Disoproxil Fumarate 600/300/300mg, tablets, 30 Tabs",Efavirenz/Lamivudine/Tenofovir Disoproxil Fumarate,Generic,600/300/300mg,Tablet - FDC,30,"82,471",865945.50,10.5,0.35,Hetero Unit III Hyderabad IN,TRUE,11615,"$102,199.13 ","1,071.17"
"85,073",106-HT-T30,FPQ-4469,SO-34240,DN-1530,Haiti,PMO - US,From RDC,N/A - From RDC,Air,9/23/2009,N/A - From RDC,30-Nov-09,30-Nov-09,30-Nov-09,ARV,Pediatric,SCMS from RDC,"Nevirapine 10mg/ml, oral suspension, Bottle, 240 ml",Nevirapine,Generic,10mg/ml,Oral suspension,240,"4,704",9031.68,1.92,0.01,"Aurobindo Unit III, India",FALSE,See DN-1530 (ID#:83964),null,19.47
"75,980",102-KE-T30,FPQ-4587,SCMS-58380,ASN-5877,Kenya,PMO - US,Direct Drop,EXW,Air,11/18/2009,12-02-09,16-Feb-10,16-Feb-10,16-Feb-10,HRDT,HIV test,"Orgenics, Ltd","HIV 1/2, Determine Complete HIV Kit, 100 Tests","HIV 1/2, Determine Complete HIV Kit",Determine,,Test kit,100,"8,500",680000.00,80,0.8,Inverness Japan,TRUE,1462,"$14,419.86 ","1,466.08"
"85,634",106-HT-T30,FPQ-4469,SO-34240,DN-1530,Haiti,PMO - US,From RDC,N/A - From RDC,Air,9/23/2009,N/A - From RDC,30-Nov-09,30-Nov-09,30-Nov-09,ARV,Pediatric,SCMS from RDC,"Stavudine 1mg/ml, powder for oral solution, 200 ml",Stavudine,Generic,1mg/ml,Oral solution,200,100,140.00,1.4,0.01,"Aurobindo Unit III, India",FALSE,See DN-1530 (ID#:83964),null,0.3
"76,063",106-HT-T30,FPQ-11443,SCMS-180980,ASN-20515,Haiti,PMO - US,Direct Drop,EXW,Air,02-07-13,3/22/2013,14-Aug-13,14-Aug-13,14-Aug-13,ARV,Pediatric,MYLAN LABORATORIES LTD (FORMERLY MATRIX LABORATORIES),"Lamivudine/Zidovudine 30/60mg, tablets, 60 Tabs",Lamivudine/Zidovudine,Generic,30/60mg,Tablet - FDC,60,"3,192",6703.20,2.1,0.04,Mylan (formerly Matrix) Nashik,TRUE,157,"$2,010.69 ",8.29
"76,069",101-CD-T30,FPQ-12106,SCMS-186720,ASN-20032,"Congo, DRC",PMO - US,Direct Drop,EXW,Air,04-12-13,05-08-13,04-Nov-13,04-Nov-13,03-Dec-13,HRDT,HIV test,"Trinity Biotech, Plc","HIV 1/2, Uni-Gold HIV Kit, 20 Tests","HIV 1/2, Uni-Gold HIV Kit",Uni-Gold,,Test kit,20,469,15008.00,32,1.6,"Trinity Biotech, Plc",TRUE,170,"$3,125.65 ",18.56
"76,071",111-MZ-T30,FPQ-4080,SCMS-51390,ASN-5103,Mozambique,PMO - US,Direct Drop,EXW,Air,08-04-09,08-11-09,01-Dec-09,01-Dec-09,01-Dec-09,HRDT,HIV test,"Orgenics, Ltd","HIV 1/2, Determine Complete HIV Kit, 100 Tests","HIV 1/2, Determine Complete HIV Kit",Determine,,Test kit,100,"3,300",237600.00,72,0.72,Inverness Japan,TRUE,1593,"$29,373.14 ",465.7
"85,635",106-HT-T30,FPQ-4469,SO-34240,DN-1530,Haiti,PMO - US,From RDC,N/A - From RDC,Air,9/23/2009,N/A - From RDC,30-Nov-09,30-Nov-09,30-Nov-09,ARV,Pediatric,SCMS from RDC,"Efavirenz 200mg, capsule, 90 Caps",Efavirenz,Generic,200mg,Capsule,90,735,8908.20,12.12,0.13,"Aurobindo Unit III, India",FALSE,See DN-1530 (ID#:83964),null,19.21
"76,087",100-DO-T30,FPQ-6083,SCMS-92940,ASN-9058,Dominican Republic,PMO - US,Direct Drop,EXW,Air,7/16/2010,11/22/2010,18-Dec-10,18-Dec-10,18-Dec-10,ARV,Adult,Aurobindo Pharma Limited,"Didanosine 250mg, delayed-release capsules, 30 Caps",Didanosine,Generic,250mg,Delayed-release capsules,30,"1,000",13000.00,13,0.43,"Aurobindo Unit III, India",TRUE,68,"$1,001.12 ",28.03
"76,097",108-VN-T30,FPQ-4098,SCMS-51770,ASN-5448,Vietnam,PMO - US,Direct Drop,EXW,Air,08-12-09,8/14/2009,03-Dec-09,03-Dec-09,03-Dec-09,ARV,Adult,Aurobindo Pharma Limited,"Stavudine 30mg, capsules, 60 Caps",Stavudine,Generic,30mg,Capsule,60,"13,020",18879.00,1.45,0.02,"Aurobindo Unit III, India",TRUE,861,"$1,872.53 ",37
"76,112",107-RW-T30,FPQ-4011,SCMS-50280,ASN-6840,Rwanda,PMO - US,Direct Drop,CIP,Air,7/16/2009,8/31/2009,01-Jun-10,01-Jun-10,01-Jun-10,ARV,Adult,MYLAN LABORATORIES LTD (FORMERLY MATRIX LABORATORIES),"Lamivudine/Tenofovir Disoproxil Fumarate 300/300mg, tablets, 30 Tabs",Lamivudine/Tenofovir Disoproxil Fumarate,Generic,300/300mg,Tablet - FDC,30,"20,700",226665.00,10.95,0.36,Mylan (formerly Matrix) Nashik,TRUE,1795,"$21,340.35 ",444.26
"76,113",111-MZ-T30,FPQ-13395,SCMS-219220,ASN-25452,Mozambique,PMO - US,Direct Drop,EXW,Air,12-11-13,12/17/2013,02-May-14,02-May-14,07-May-14,ARV,Adult,HETERO LABS LIMITED,"Lamivudine/Nevirapine/Zidovudine 150/200/300mg, tablets, 60 Tabs",Lamivudine/Nevirapine/Zidovudine,Generic,150/300/200mg,Tablet - FDC,60,"33,792",274053.12,8.11,0.14,Hetero Unit III Hyderabad IN,TRUE,4610,"$16,835.52 ",281.73
"85,636",106-HT-T30,FPQ-4469,SO-34190,DN-1531,Haiti,PMO - US,From RDC,N/A - From RDC,Air,9/23/2009,N/A - From RDC,02-Dec-09,30-Nov-09,30-Nov-09,ARV,Pediatric,SCMS from RDC,"Zidovudine 100mg, capsules, 100 Caps",Zidovudine,Generic,100mg,Capsule,100,588,2940.00,5,0.05,"Aurobindo Unit III, India",FALSE,See DN-1531 (ID#:83965),null,6.34
"76,136",110-ZM-T30,FPQ-14827,SCMS-256510,ASN-29093,Zambia,PMO - US,Direct Drop,EXW,Air,8/19/2014,9/19/2014,11-Mar-15,11-Mar-15,31-Mar-15,HRDT,HIV test,"Orgenics, Ltd","HIV 1/2, Determine Complete HIV Kit, 100 Tests","HIV 1/2, Determine Complete HIV Kit",Determine,,Test kit,100,"6,322",505760.00,80,0.8,"Alere Medical Co., Ltd.",TRUE,2564,"$37,444.10 ",519.92
"76,142",109-TZ-T30,FPQ-11427,SCMS-175500,ASN-19443,Tanzania,PMO - US,Direct Drop,FCA,Air,1/15/2013,02-04-13,06-Jun-13,06-Jun-13,06-Jun-13,ARV,Pediatric,ABBVIE LOGISTICS (FORMERLY ABBOTT LOGISTICS BV),"Lopinavir/Ritonavir 80/20mg/ml [Kaletra], oral solution, cool, Bottle 5 x 60 ml",Lopinavir/Ritonavir,Kaletra,80/20mg/ml,Oral solution,300,237,7304.34,30.82,0.1,ABBVIE (Abbott) Logis. UK,TRUE,244,"$3,269.90 ",9.04
"83,967",114-UG-T30,FPQ-4454,SO-34270,DN-1541,Uganda,PMO - US,From RDC,N/A - From RDC,Air,9/25/2009,N/A - From RDC,07-Dec-09,30-Nov-09,30-Nov-09,ARV,Adult,SCMS from RDC,"Lamivudine/Zidovudine 150/300mg, tablets, 60 Tabs",Lamivudine/Zidovudine,Generic,150/300mg,Tablet - FDC,60,"3,350",29346.00,8.76,0.15,Mylan (formerly Matrix) Nashik,FALSE,See DN-1541 (ID#:82846),null,57.52
"76,180",110-ZM-T30,FPQ-10107,SCMS-153800,ASN-16720,Zambia,PMO - US,Direct Drop,EXW,Air,6/19/2012,7/31/2012,19-Oct-12,19-Oct-12,19-Oct-12,HRDT,HIV test,"Orgenics, Ltd","HIV 1/2, Determine Complete HIV Kit, 100 Tests","HIV 1/2, Determine Complete HIV Kit",Determine,,Test kit,100,"4,004",320320.00,80,0.8,"Alere Medical Co., Ltd.",TRUE,1907,"$34,940.02 ",449.09
"76,189",161-ZA-T30,FPQ-5303,SCMS-69050,ASN-8509,South Africa,PMO - US,Direct Drop,DDP,Air,3/18/2010,3/19/2010,15-Dec-10,15-Dec-10,15-Dec-10,ARV,Adult,Aurobindo Pharma Limited,"Zidovudine 300mg, tablets, 60 Tabs",Zidovudine,Generic,300mg,Tablet,60,"75,048",557606.64,7.43,0.12,"Aurobindo Unit III, India",TRUE,4023,"$3,315.23 ","1,202.20"
"85,638",114-UG-T30,FPQ-4470,SO-34010,DN-1548,Uganda,PMO - US,From RDC,N/A - From RDC,Air,8/17/2009,N/A - From RDC,30-Nov-09,02-Dec-09,02-Dec-09,ARV,Adult,SCMS from RDC,"Lamivudine/Zidovudine 150/300mg, tablets, 60 Tabs",Lamivudine/Zidovudine,Generic,150/300mg,Tablet - FDC,60,"3,360",29433.60,8.76,0.15,"Aurobindo Unit III, India",FALSE,See DN-1548 (ID#:85076),null,57.69
"76,217",111-MZ-T30,FPQ-10880,SCMS-164000,ASN-18530,Mozambique,PMO - US,Direct Drop,EXW,Air,10/18/2012,11-06-12,20-Mar-13,01-Apr-13,01-Apr-13,HRDT,HIV test,"Orgenics, Ltd","HIV 1/2, Determine Complete HIV Kit, 100 Tests","HIV 1/2, Determine Complete HIV Kit",Determine,,Test kit,100,"2,863",229040.00,80,0.8,"Alere Medical Co., Ltd.",TRUE,1298,"$13,146.21 ",283.32
"85,639",114-UG-T30,FPQ-4470,SO-34010,DN-1548,Uganda,PMO - US,From RDC,N/A - From RDC,Air,8/17/2009,N/A - From RDC,30-Nov-09,02-Dec-09,02-Dec-09,ARV,Adult,SCMS from RDC,"Nevirapine 200mg, tablets, 60 Tabs",Nevirapine,Generic,200mg,Tablet,60,"2,000",5800.00,2.9,0.05,"Aurobindo Unit III, India",FALSE,See DN-1548 (ID#:85076),null,11.37
"85,640",113-ZW-T30,FPQ-4472,SO-27200,DN-1554,Zimbabwe,PMO - US,From RDC,N/A - From RDC,Truck,3/17/2009,N/A - From RDC,18-Dec-09,07-Dec-09,07-Dec-09,ARV,Adult,SCMS from RDC,"Efavirenz 600mg, tablets, 30 Tabs",Efavirenz,Generic,600mg,Tablet,30,"4,000",23120.00,5.78,0.19,"Aurobindo Unit III, India",FALSE,See DN-1554 (ID#:84514),null,45.32
"86,247",113-ZW-T30,FPQ-4472,SO-27200,DN-1554,Zimbabwe,PMO - US,From RDC,N/A - From RDC,Truck,3/17/2009,N/A - From RDC,18-Dec-09,07-Dec-09,07-Dec-09,ARV,Adult,SCMS from RDC,"Lamivudine/Stavudine 150/30mg, tablets, 60 Tabs",Lamivudine/Stavudine,Generic,150/30mg,Tablet - FDC,60,"4,000",16000.00,4,0.07,"Cipla, Goa, India",FALSE,See DN-1554 (ID#:84514),null,31.36
"76,270",107-RW-T30,FPQ-8263,SCMS-119640,ASN-12455,Rwanda,PMO - US,Direct Drop,EXW,Air,8/19/2011,8/29/2011,04-Nov-11,04-Nov-11,04-Nov-11,HRDT,HIV test,"Orgenics, Ltd","HIV 1/2, Determine HIV Kit, without Lancets, 100 Tests","HIV 1/2, Determine HIV Kit, without Lancets",Determine,,Test kit,100,"2,530",196581.00,77.7,0.78,Inverness Japan,TRUE,575,"$26,849.57 ",324.36
"76,298",101-KE-T30,FPQ-10314,SCMS-153910,ASN-17659,Kenya,PMO - US,Direct Drop,CIP,Air,07-12-12,11-06-12,28-Feb-13,28-Feb-13,28-Feb-13,HRDT,HIV test,"Orgenics, Ltd","HIV 1/2, Determine Complete HIV Kit, 100 Tests","HIV 1/2, Determine Complete HIV Kit",Determine,,Test kit,100,"6,152",547528.00,89,0.89,"Alere Medical Co., Ltd.",TRUE,1059,$91.67 ,767.63
"76,318",108-VN-T30,FPQ-12539,SCMS-199770,ASN-22687,Vietnam,PMO - US,Direct Drop,EXW,Air,07-11-13,7/25/2013,13-Dec-13,13-Dec-13,13-Dec-13,ARV,Adult,MICRO LABS LIMITED,"Lamivudine 150mg, tablets, 60 Tabs",Lamivudine,Generic,150mg,Tablet,60,"6,493",11492.61,1.77,0.03,"Micro labs, Verna, Goa, India",TRUE,301,"$1,457.92 ",14.22
"83,385",106-HT-T30,FPQ-4384,SO-34670,DN-1559,Haiti,PMO - US,From RDC,N/A - From RDC,Air,10/23/2009,N/A - From RDC,09-Dec-09,01-Dec-09,01-Dec-09,ARV,Pediatric,SCMS from RDC,"Lamivudine 10mg/ml, oral solution, Bottle, 240 ml",Lamivudine,Generic,10mg/ml,Oral solution,240,704,1337.60,1.9,0.01,"Aurobindo Unit III, India",FALSE,See DN-1559 (ID#:82849),null,2.88
"84,516",106-HT-T30,FPQ-4384,SO-34670,DN-1559,Haiti,PMO - US,From RDC,N/A - From RDC,Air,10/23/2009,N/A - From RDC,09-Dec-09,01-Dec-09,01-Dec-09,ARV,Adult,SCMS from RDC,"Stavudine 20mg, capsules, 60 Caps",Stavudine,Generic,20mg,Capsule,60,252,420.84,1.67,0.03,"Aurobindo Unit III, India",FALSE,See DN-1559 (ID#:82849),null,0.91
"84,517",106-HT-T30,FPQ-4384,SO-34670,DN-1559,Haiti,PMO - US,From RDC,N/A - From RDC,Air,10/23/2009,N/A - From RDC,09-Dec-09,01-Dec-09,01-Dec-09,ARV,Adult,SCMS from RDC,"Stavudine 20mg, capsules, 60 Caps",Stavudine,Generic,20mg,Capsule,60,230,384.10,1.67,0.03,"Aurobindo Unit III, India",FALSE,See DN-1559 (ID#:82849),null,0.83
"12,368",117-ET-T01,Pre-PQ Process,SO-582,DN-157,Ethiopia,PMO - US,From RDC,N/A - From RDC,,Pre-PQ Process,N/A - From RDC,24-May-07,24-May-07,24-May-07,HRDT,HIV test,SCMS from RDC,"HIV 1/2, Uni-Gold HIV Kit, 20 Tests","HIV 1/2, Uni-Gold HIV Kit",Uni-Gold,,Test kit,20,200,6400.00,32,1.6,"Trinity Biotech, Plc",FALSE,See DN-157 (ID#:11403),null,
"76,340",104-CI-T30,FPQ-4518,SCMS-56980,ASN-5819,Côte d'Ivoire,PMO - US,Direct Drop,EXW,Air,11-04-09,11/13/2009,26-Jan-10,26-Jan-10,26-Jan-10,HRDT,HIV test,BIO-RAD LABORATORIES (FRANCE),"#108853** HIV, Genie II HIV-1/HIV-2 Kit, 40 Tests","HIV, Genie II HIV-1/HIV-2 Kit",Genie,,Test kit,40,"2,400",264000.00,110,2.75,Bio-Rad Laboratories,TRUE,2635,"$19,145.80 ",569.18
"76,374",107-RW-T30,FPQ-12518,SCMS-198221,ASN-23125,Rwanda,PMO - US,Direct Drop,EXW,Air,6/21/2013,08-12-13,14-Dec-13,14-Dec-13,14-Dec-13,HRDT,HIV test,"SHANGHAI KEHUA BIOENGINEERING CO.,LTD.  (KHB)","HIV 1/2, SKB Colloidal Gold, Diagnostic Kit, Antibody, 50 Tests","HIV 1/2, Colloidal Gold, Diagnostic Kit, Antibody",Colloidal Gold,,Test kit,1,"20,481",501784.50,24.5,24.5,"KHB Test Kit Facility, Shanghai China",TRUE,13656,"$139,951.34 ",620.71
"85,645",111-MZ-T30,FPQ-4479,SO-34170,DN-1580,Mozambique,PMO - US,From RDC,N/A - From RDC,Air,2/26/2009,N/A - From RDC,19-Jan-10,26-Jan-10,26-Jan-10,ARV,Adult,SCMS from RDC,"Zidovudine 300mg, tablets, 60 Tabs",Zidovudine,Generic,300mg,Tablet,60,"6,552",50515.92,7.71,0.13,"Aurobindo Unit III, India",FALSE,See DN-1580 (ID#:82281),null,99.01
"76,442",102-CD-T30,FPQ-11020,SCMS-167990,ASN-17893,"Congo, DRC",PMO - US,Direct Drop,EXW,Air,11/15/2012,12-06-12,12-Jun-13,12-Jun-13,12-Jun-13,HRDT,HIV test,"Trinity Biotech, Plc","HIV 1/2, Uni-Gold HIV Kit, 20 Tests","HIV 1/2, Uni-Gold HIV Kit",Uni-Gold,,Test kit,20,185,5920.00,32,1.6,"Trinity Biotech, Plc",TRUE,64,"$1,592.72 ",7.32
"83,389",106-HT-T30,FPQ-4384,SO-34720,DN-1590,Haiti,PMO - US,From RDC,N/A - From RDC,Air Charter,10/23/2009,N/A - From RDC,25-Dec-09,17-Dec-09,17-Dec-09,ARV,Pediatric,SCMS from RDC,"Efavirenz 30mg/ml [Stocrin/Sustiva], oral solution, Bottle, 180 ml",Efavirenz,Stocrin/Sustiva,30mg/ml,Oral solution,180,123,2086.08,16.96,0.09,"MSD, Haarlem, NL",FALSE,See DN-1590 (ID#:83388),null,4.5
"76,483",102-SD-T30,FPQ-6119,SCMS-84000,ASN-9447,Sudan,PMO - US,Direct Drop,EXW,Air,8/30/2010,09-02-10,10-Feb-11,10-Feb-11,10-Feb-11,HRDT,HIV test,"Orgenics, Ltd","HIV 1/2, Determine Complete HIV Kit, 100 Tests","HIV 1/2, Determine Complete HIV Kit",Determine,,Test kit,100,130,11570.00,89,0.89,Inverness Japan,TRUE,60,"$2,084.49 ",24.94
"83,390",106-HT-T30,FPQ-4384,SO-34720,DN-1590,Haiti,PMO - US,From RDC,N/A - From RDC,Air Charter,10/23/2009,N/A - From RDC,25-Dec-09,17-Dec-09,17-Dec-09,ARV,Adult,SCMS from RDC,"Indinavir 400mg [Crixivan], capsules, 180 Caps",Indinavir,Crixivan,400mg,Capsule,180,32,1600.00,50,0.28,"MSD, Haarlem, NL",FALSE,See DN-1590 (ID#:83388),null,3.45
"85,647",106-HT-T30,FPQ-4384,SO-34720,DN-1590,Haiti,PMO - US,From RDC,N/A - From RDC,Air Charter,10/23/2009,N/A - From RDC,25-Dec-09,17-Dec-09,17-Dec-09,ARV,Pediatric,SCMS from RDC,"Stavudine 1mg/ml, powder for oral solution, 200 ml",Stavudine,Generic,1mg/ml,Oral solution,200,250,350.00,1.4,0.01,"Aurobindo Unit III, India",FALSE,See DN-1590 (ID#:83388),null,0.75
"76,517",108-VN-T30,FPQ-7565,SCMS-107640,ASN-11611,Vietnam,PMO - US,Direct Drop,EXW,Air,4/21/2011,05-02-11,24-Aug-11,24-Aug-11,24-Aug-11,ARV,Adult,MYLAN LABORATORIES LTD (FORMERLY MATRIX LABORATORIES),"Lamivudine/Nevirapine/Zidovudine 150/200/300mg, tablets, 60 Tabs",Lamivudine/Nevirapine/Zidovudine,Generic,150/300/200mg,Tablet - FDC,60,"42,000",461580.00,10.99,0.18,Mylan (formerly Matrix) Nashik,TRUE,5941,"$19,632.73 ",761.61
"76,541",105-DO-T30,FPQ-13790,SCMS-231370,ASN-25280,Dominican Republic,PMO - US,Direct Drop,EXW,Air,2/26/2014,3/19/2014,11-Apr-14,11-Apr-14,24-Apr-14,HRDT,HIV test,"Trinity Biotech, Plc","HIV 1/2, Uni-Gold HIV Kit, 20 Tests","HIV 1/2, Uni-Gold HIV Kit",Uni-Gold,,Test kit,20,500,16000.00,32,1.6,"Trinity Biotech, Plc",TRUE,146,$790.78 ,16.45
"86,251",114-UG-T30,FPQ-4497,SO-34840,DN-1598,Uganda,PMO - US,From RDC,N/A - From RDC,Air,10/28/2009,N/A - From RDC,17-Feb-10,23-Dec-09,23-Dec-09,ARV,Adult,SCMS from RDC,"Lamivudine/Tenofovir Disoproxil Fumarate 300/300mg, tablets, 30 Tabs",Lamivudine/Tenofovir Disoproxil Fumarate,Generic,300/300mg,Tablet - FDC,30,"1,100",11000.00,10,0.33,Mylan (formerly Matrix) Nashik,FALSE,See DN-1598 (ID#:83392),null,23.72
"76,559",108-VN-T30,FPQ-10286,SCMS-156272,ASN-17807,Vietnam,PMO - US,Direct Drop,EXW,Air,7/25/2012,8/14/2012,01-Feb-13,01-Feb-13,01-Feb-13,ARV,Pediatric,MYLAN LABORATORIES LTD (FORMERLY MATRIX LABORATORIES),"Lamivudine/Zidovudine 30/60mg, tablets, 60 Tabs",Lamivudine/Zidovudine,Generic,30/60mg,Tablet - FDC,60,"1,966",4423.50,2.25,0.04,Mylan (formerly Matrix) Nashik,TRUE,91,"$1,143.04 ",6.2
"86,252",114-UG-T30,FPQ-4497,SO-34840,DN-1598,Uganda,PMO - US,From RDC,N/A - From RDC,Air,10/28/2009,N/A - From RDC,17-Feb-10,23-Dec-09,23-Dec-09,ARV,Adult,SCMS from RDC,"Zidovudine 300mg, tablets, 60 Tabs",Zidovudine,Generic,300mg,Tablet,60,140,1054.20,7.53,0.13,"Aurobindo Unit III, India",FALSE,See DN-1598 (ID#:83392),null,2.27
"76,586",133-NG-T30,FPQ-12456,SCMS-196550,ASN-21949,Nigeria,PMO - US,Direct Drop,EXW,Air,06-10-13,07-10-13,24-Oct-13,24-Oct-13,01-Nov-13,HRDT,HIV test,"Trinity Biotech, Plc","HIV 1/2, Uni-Gold HIV Kit, 20 Tests","HIV 1/2, Uni-Gold HIV Kit",Uni-Gold,,Test kit,20,"6,355",203360.00,32,1.6,"Trinity Biotech, Plc",TRUE,290,"$15,450.88 ",251.56
"11,086",100-CI-T01,Pre-PQ Process,SO-283,DN-16,Côte d'Ivoire,PMO - US,From RDC,N/A - From RDC,,Pre-PQ Process,N/A - From RDC,22-Feb-07,22-Feb-07,22-Feb-07,ARV,Adult,SCMS from RDC,"Efavirenz 600mg, tablets, 30 Tabs",Efavirenz,Generic,600mg,Tablet,30,"4,350",70687.50,16.25,0.54,"Aurobindo Unit III, India",FALSE,See DN-16 (ID#:10540),null,
"76,619",119-NA-T30,FPQ-4856,SCMS-62720,ASN-6401,Namibia,PMO - US,Direct Drop,EXW,Air,01-07-10,01-08-10,20-Apr-10,20-Apr-10,20-Apr-10,HRDT,HIV test,"Orgenics, Ltd","HIV 1/2, Determine HIV Kit, without Lancets, 100 Tests","HIV 1/2, Determine HIV Kit, without Lancets",Determine,,Test kit,100,500,35000.00,70,0.7,Inverness Japan,TRUE,115,"$1,498.16 ",75.46
"11,703",100-CI-T01,Pre-PQ Process,SO-283,DN-16,Côte d'Ivoire,PMO - US,From RDC,N/A - From RDC,,Pre-PQ Process,N/A - From RDC,22-Feb-07,22-Feb-07,22-Feb-07,ARV,Adult,SCMS from RDC,"Tenofovir Disoproxil Fumarate 300mg [Viread], tablets, 30 Tabs",Tenofovir Disoproxil Fumarate,Viread,300mg,Tablet,30,384,6528.00,17,0.57,Gilead(Nycomed) Oranienburg DE,FALSE,See DN-16 (ID#:10540),null,
"76,712",114-UG-T30,FPQ-4276,SCMS-55240,ASN-5607,Uganda,PMO - US,Direct Drop,FCA,Air,9/22/2009,11-03-09,19-Dec-09,19-Dec-09,19-Dec-09,ARV,Adult,ABBVIE LOGISTICS (FORMERLY ABBOTT LOGISTICS BV),"Lopinavir/Ritonavir 200/50mg [Aluvia], tablets, 120 Tabs",Lopinavir/Ritonavir,Aluvia,200/50mg,Tablet,120,110,3977.60,36.16,0.3,ABBVIE Ludwigshafen Germany,TRUE,33,$995.22 ,7.8
"12,025",100-CI-T01,Pre-PQ Process,SO-283,DN-16,Côte d'Ivoire,PMO - US,From RDC,N/A - From RDC,,Pre-PQ Process,N/A - From RDC,22-Feb-07,22-Feb-07,22-Feb-07,ARV,Adult,SCMS from RDC,"Efavirenz 600mg, tablets, 30 Tabs",Efavirenz,Generic,600mg,Tablet,30,495,8043.75,16.25,0.54,"Aurobindo Unit III, India",FALSE,See DN-16 (ID#:10540),null,
"12,026",100-CI-T01,Pre-PQ Process,SO-283,DN-16,Côte d'Ivoire,PMO - US,From RDC,N/A - From RDC,,Pre-PQ Process,N/A - From RDC,22-Feb-07,22-Feb-07,22-Feb-07,ARV,Adult,SCMS from RDC,"Lamivudine/Zidovudine 150/300mg, tablets, 60 Tabs",Lamivudine/Zidovudine,Generic,150/300mg,Tablet - FDC,60,"2,770",28392.50,10.25,0.17,"Aurobindo Unit III, India",FALSE,See DN-16 (ID#:10540),null,
"76,799",108-VN-T30,FPQ-3934,SCMS-48800,ASN-4828,Vietnam,PMO - US,Direct Drop,FCA,Air,07-06-09,7/14/2009,11-Sep-09,11-Sep-09,11-Sep-09,ARV,Adult,ABBVIE LOGISTICS (FORMERLY ABBOTT LOGISTICS BV),"Lopinavir/Ritonavir 200/50mg [Aluvia], tablets, 120 Tabs",Lopinavir/Ritonavir,Aluvia,200/50mg,Tablet,120,760,62472.00,82.2,0.68,ABBVIE Ludwigshafen Germany,TRUE,188,"$1,088.79 ",122.45
"76,809",133-NG-T30,FPQ-8117,SCMS-118190,ASN-12877,Nigeria,PMO - US,Direct Drop,EXW,Air,7/28/2011,8/15/2011,19-Dec-11,19-Dec-11,19-Dec-11,HRDT,HIV test,"Orgenics, Ltd","HIV 1/2, Determine Complete HIV Kit, 100 Tests","HIV 1/2, Determine Complete HIV Kit",Determine,,Test kit,100,"2,890",257210.00,89,0.89,"Alere Medical Co., Ltd.",TRUE,1377,"$32,575.03 ",424.4
"76,813",106-HT-T30,FPQ-4337,SCMS-56140,ASN-5572,Haiti,PMO - US,Direct Drop,FCA,Air,10/13/2009,11-06-09,21-Dec-09,21-Dec-09,21-Dec-09,ARV,Pediatric,ABBVIE LOGISTICS (FORMERLY ABBOTT LOGISTICS BV),"Lopinavir/Ritonavir 100/25mg [Aluvia], tablets, 60 Tabs",Lopinavir/Ritonavir,Generic,100/25mg,Tablet,60,45,406.80,9.04,0.15,ABBVIE Ludwigshafen Germany,TRUE,13,$928.11 ,0.8
"76,827",900-LR-T30,FPQ-7996,SCMS-115340,ASN-11741,Liberia,PMO - US,Direct Drop,EXW,Air,07-12-11,7/20/2011,02-Sep-11,02-Sep-11,02-Sep-11,HRDT,HIV test,"Trinity Biotech, Plc","HIV 1/2, Uni-Gold HIV Kit, 20 Tests","HIV 1/2, Uni-Gold HIV Kit",Uni-Gold,,Test kit,20,50,1600.00,32,1.6,"Trinity Biotech, Plc",TRUE,17,$515.11 ,2.64
"11,398",104-CI-T01,Pre-PQ Process,SO-517,DN-160,Côte d'Ivoire,PMO - US,From RDC,N/A - From RDC,,Pre-PQ Process,N/A - From RDC,15-Jun-07,15-Jun-07,15-Jun-07,ARV,Adult,SCMS from RDC,"Saquinavir 200mg [Invirase], capsules, 270 Caps",Saquinavir,Invirase,200mg,Capsule,270,638,50172.32,78.64,0.29,Roche Basel,FALSE,See DN-160 (ID#:11397),null,
"76,833",109-TZ-T30,FPQ-9211,SCMS-135870,ASN-13850,Tanzania,PMO - US,Direct Drop,EXW,Air,1/25/2012,1/27/2012,07-Mar-12,07-Mar-12,07-Mar-12,HRDT,HIV test,"Orgenics, Ltd","HIV 1/2, Determine Complete HIV Kit, 100 Tests","HIV 1/2, Determine Complete HIV Kit",Determine,,Test kit,100,"2,072",165760.00,80,0.8,"Alere Medical Co., Ltd.",TRUE,989,"$17,512.52 ",232.4
"76,840",161-ZA-T30,FPQ-6708,SCMS-93540,ASN-10568,South Africa,PMO - US,Direct Drop,DDP,Ocean,11/26/2010,12/14/2010,31-May-11,13-Jun-11,13-Jun-11,ARV,Adult,Aurobindo Pharma Limited,"Tenofovir Disoproxil Fumarate 300mg, tablets, 30 Tabs",Tenofovir Disoproxil Fumarate,Generic,300mg,Tablet,30,"77,473",515195.45,6.65,0.22,"Aurobindo Unit III, India",TRUE,7228,"$8,809.08 ",850.07
"12,656",104-CI-T01,Pre-PQ Process,SO-517,DN-160,Côte d'Ivoire,PMO - US,From RDC,N/A - From RDC,,Pre-PQ Process,N/A - From RDC,15-Jun-07,15-Jun-07,15-Jun-07,ARV,Adult,SCMS from RDC,"Nelfinavir (as mesilate) 250mg [Viracept], tablets, 270 Tabs",Nelfinavir (as mesilate),Viracept,250mg,Tablet,270,460,37453.20,81.42,0.3,Roche Madrid,FALSE,See DN-160 (ID#:11397),null,
"83,972",106-HT-T30,FPQ-4469,SO-35170,DN-1605,Haiti,PMO - US,From RDC,N/A - From RDC,Air,9/23/2009,N/A - From RDC,11-Jan-10,08-Jan-10,08-Jan-10,ARV,Adult,SCMS from RDC,"Efavirenz 600mg, tablets, 30 Tabs",Efavirenz,Generic,600mg,Tablet,30,"13,577",78475.06,5.78,0.19,"Aurobindo Unit III, India",FALSE,See DN-1605 (ID#:82284),null,169.19
"76,914",104-CI-T30,FPQ-8929,SCMS-131870,ASN-14307,Côte d'Ivoire,PMO - US,Direct Drop,EXW,Air,12-08-11,1/17/2012,10-Apr-12,10-Apr-12,10-Apr-12,HRDT,HIV test,"CHEMBIO DIAGNOSTIC SYSTEMS, INC.","HIV 1/2, Stat-Pak HIV, Kit, 20 Tests","HIV 1/2, Stat-Pak HIV, Kit",Stat-Pak,,Test kit,20,"1,593",46197.00,29,1.45,Chembio Diagnostics Sys. Inc.,TRUE,624,"$6,311.89 ",64.77
"76,917",101-CD-T30,FPQ-13555,SCMS-234300,ASN-27384,"Congo, DRC",PMO - US,Direct Drop,EXW,Air,3/19/2014,05-05-14,29-Sep-14,29-Sep-14,14-Oct-14,ARV,Adult,CIPLA LIMITED,"Lamivudine/Nevirapine/Zidovudine 150/200/300mg, tablets, 60 Tabs",Lamivudine/Nevirapine/Zidovudine,Generic,150/300/200mg,Tablet - FDC,60,"10,000",81000.00,8.1,0.13,"Cipla, Goa, India",TRUE,1463,"$12,498.65 ",83.27
"76,938",161-ZA-T30,FPQ-6262,SCMS-83830,ASN-9194,South Africa,PMO - US,Direct Drop,DDP,Ocean,8/31/2010,9/24/2010,06-Jan-11,27-Jan-11,27-Jan-11,ARV,Adult,Aurobindo Pharma Limited,"Tenofovir Disoproxil Fumarate 300mg, tablets, 30 Tabs",Tenofovir Disoproxil Fumarate,Generic,300mg,Tablet,30,"58,143",386650.95,6.65,0.22,"Aurobindo Unit III, India",TRUE,5427,"$7,905.96 ",833.62
"77,038",102-SZ-T30,FPQ-7281,SCMS-109440,ASN-11323,Swaziland,PMO - US,Direct Drop,EXW,Air,3/28/2011,6/16/2011,09-Aug-11,09-Aug-11,09-Aug-11,HRDT,HIV test,"Trinity Biotech, Plc","HIV 1/2, Uni-Gold HIV Kit, 20 Tests","HIV 1/2, Uni-Gold HIV Kit",Uni-Gold,,Test kit,20,"1,270",40640.00,32,1.6,"Trinity Biotech, Plc",TRUE,429,"$4,726.15 ",67.06
"84,523",106-HT-T30,FPQ-4384,SO-34700,DN-1609,Haiti,PMO - US,From RDC,N/A - From RDC,Air,10/23/2009,N/A - From RDC,18-Jan-10,27-Jan-10,27-Jan-10,ARV,Adult,SCMS from RDC,"Zidovudine 300mg, tablets, 60 Tabs",Zidovudine,Generic,300mg,Tablet,60,120,903.60,7.53,0.13,"Aurobindo Unit III, India",FALSE,See DN-1609 (ID#:82286),null,1.95
"77,737",107-RW-T30,FPQ-9270,SCMS-136330,ASN-13764,Rwanda,PMO - US,Direct Drop,EXW,Air,1/27/2012,1/31/2012,25-Feb-12,25-Feb-12,25-Feb-12,HRDT,HIV test,"Trinity Biotech, Plc","HIV 1/2, Uni-Gold HIV Kit, 20 Tests","HIV 1/2, Uni-Gold HIV Kit",Uni-Gold,,Test kit,20,"1,460",46720.00,32,1.6,"Trinity Biotech, Plc",TRUE,613,"$5,405.42 ",65.5
"86,256",106-HT-T30,FPQ-4469,SO-34230,DN-1617,Haiti,PMO - US,From RDC,N/A - From RDC,Air,9/23/2009,N/A - From RDC,05-Mar-10,24-Feb-10,24-Feb-10,ARV,Pediatric,SCMS from RDC,"Efavirenz 50mg, capsule, 30 Caps",Efavirenz,Generic,50mg,Capsule,30,"1,528",3422.72,2.24,0.07,"Aurobindo Unit III, India",FALSE,See DN-1617 (ID#:83395),null,7.38
"86,257",104-CI-T30,FPQ-3964,SO-34521,DN-1620,Côte d'Ivoire,PMO - US,From RDC,N/A - From RDC,Air,7/24/2009,N/A - From RDC,08-Feb-10,23-Jan-10,23-Jan-10,ARV,Adult,SCMS from RDC,"Lamivudine/Nevirapine/Zidovudine 150/200/300mg, tablets, 60 Tabs",Lamivudine/Nevirapine/Zidovudine,Generic,150/300/200mg,Tablet - FDC,60,"35,000",392700.00,11.22,0.19,"Aurobindo Unit III, India",FALSE,See DN-1620 (ID#:83974),null,769.69
"77,082",106-HT-T30,FPQ-13494,SCMS-225413,ASN-28731,Haiti,PMO - US,Direct Drop,EXW,Air,1/21/2014,2/19/2014,06-Nov-14,06-Nov-14,19-Nov-14,HRDT,HIV test,"Orgenics, Ltd","HIV 1/2, Determine Complete HIV Kit, 100 Tests","HIV 1/2, Determine Complete HIV Kit",Determine,,Test kit,100,"4,000",400000.00,100,1,"Alere Medical Co., Ltd.",TRUE,1624,"$14,758.34 ",411.2
"77,712",109-TZ-T30,FPQ-6925,SCMS-97140,ASN-10066,Tanzania,PMO - US,Direct Drop,EXW,Air,12/27/2010,02-02-11,14-Apr-11,14-Apr-11,14-Apr-11,HRDT,HIV test,"Orgenics, Ltd","HIV 1/2, Determine Complete HIV Kit, 100 Tests","HIV 1/2, Determine Complete HIV Kit",Determine,,Test kit,100,30,2400.00,80,0.8,Inverness Japan,TRUE,14,"$1,489.33 ",3.96
"85,082",102-SD-T30,FPQ-3812,SO-34550,DN-1624,Sudan,PMO - US,From RDC,N/A - From RDC,Air,06-03-09,N/A - From RDC,30-Nov-09,22-Nov-09,22-Nov-09,HRDT,HIV test,SCMS from RDC,"HIV 1/2, Determine Complete HIV Kit, 100 Tests","HIV 1/2, Determine Complete HIV Kit",Determine,,Test kit,100,350,28000.00,80,0.8,Inverness Japan,FALSE,See DN-1624 (ID#:82856),null,54.88
"86,258",102-SD-T30,FPQ-3812,SO-34550,DN-1624,Sudan,PMO - US,From RDC,N/A - From RDC,Air,06-03-09,N/A - From RDC,30-Nov-09,22-Nov-09,22-Nov-09,HRDT,HIV test,SCMS from RDC,"HIV 1/2, Bioline 3.0 Kit, Lancets, Capillary pipets, Alcohol swabs included, 25 Tests","HIV 1/2, Bioline 3.0 Kit, Lancets, Capillary pipets, Alcohol swabs included",Bioline,,Test kit,25,100,2000.00,20,0.8,"Standard Diagnostics, Korea",FALSE,See DN-1624 (ID#:82856),null,3.92
"77,103",161-ZA-T30,FPQ-7175,SCMS-103460,ASN-11047,South Africa,PMO - US,Direct Drop,DDP,Ocean,03-10-11,3/24/2011,02-Sep-11,02-Sep-11,02-Sep-11,ARV,Adult,Aurobindo Pharma Limited,"Zidovudine 300mg, tablets, 60 Tabs",Zidovudine,Generic,300mg,Tablet,60,"33,207",242411.10,7.3,0.12,"Aurobindo Unit III, India",TRUE,1720,"$3,787.71 ",399.98
"77,113",104-CI-T30,FPQ-15251,SCMS-263380,ASN-30907,Côte d'Ivoire,PMO - US,Direct Drop,EXW,Air,10/22/2014,12-10-14,09-Apr-15,09-Apr-15,10-Apr-15,HRDT,HIV test,"CHEMBIO DIAGNOSTIC SYSTEMS, INC.","HIV 1/2, Stat-Pak HIV, Kit, 20 Tests","HIV 1/2, Stat-Pak HIV, Kit",Stat-Pak,,Test kit,20,"1,230",38130.00,31,1.55,Chembio Diagnostics Sys. Inc.,TRUE,357,"$5,640.23 ",44.88
"77,136",109-TZ-T30,FPQ-12050,SCMS-186900,ASN-19907,Tanzania,PMO - US,Direct Drop,FCA,Air,04-12-13,05-08-13,01-Aug-13,01-Aug-13,01-Aug-13,ARV,Pediatric,ABBVIE LOGISTICS (FORMERLY ABBOTT LOGISTICS BV),"Lopinavir/Ritonavir 80/20mg/ml [Kaletra], oral solution, cool, Bottle 5 x 60 ml",Lopinavir/Ritonavir,Kaletra,80/20mg/ml,Oral solution,300,435,13406.70,30.82,0.1,ABBVIE (Abbott) Logis. UK,TRUE,470,"$4,267.13 ",16.58
"82,292",111-MZ-T30,FPQ-4471,SO-33590,DN-1628,Mozambique,PMO - US,From RDC,N/A - From RDC,Air,9/14/2009,N/A - From RDC,14-Apr-10,14-Apr-10,14-Apr-10,ARV,Adult,SCMS from RDC,"Lamivudine 150mg, tablets, 60 Tabs",Lamivudine,Generic,150mg,Tablet,60,"1,939",4731.16,2.44,0.04,"Aurobindo Unit III, India",FALSE,See DN-1628 (ID#:82291),null,9.27
"77,152",108-VN-T30,FPQ-5094,SCMS-68600,ASN-7405,Vietnam,PMO - US,Direct Drop,EXW,Air,3/15/2010,3/24/2010,22-Jul-10,22-Jul-10,22-Jul-10,ARV,Adult,MYLAN LABORATORIES LTD (FORMERLY MATRIX LABORATORIES),"Efavirenz 600mg, tablets, 30 Tabs",Efavirenz,Generic,600mg,Tablet,30,"31,579",135789.70,4.3,0.14,Mylan (formerly Matrix) Nashik,TRUE,2585,"$11,617.57 ",292.76
"77,181",114-UG-T30,FPQ-11153,SCMS-171920,ASN-18279,Uganda,PMO - US,Direct Drop,EXW,Air,12/13/2012,01-11-13,05-Mar-13,05-Mar-13,05-Mar-13,ARV,Pediatric,Aurobindo Pharma Limited,"Efavirenz 50mg, capsule, 30 Caps",Efavirenz,Generic,50mg,Capsule,30,196,439.04,2.24,0.07,"Aurobindo Unit III, India",TRUE,12,$917.35 ,0.54
"85,650",111-MZ-T30,FPQ-4471,SO-33590,DN-1628,Mozambique,PMO - US,From RDC,N/A - From RDC,Air,9/14/2009,N/A - From RDC,14-Apr-10,14-Apr-10,14-Apr-10,ARV,Adult,SCMS from RDC,"Lamivudine/Nevirapine/Zidovudine 150/200/300mg, tablets, 60 Tabs",Lamivudine/Nevirapine/Zidovudine,Generic,150/300/200mg,Tablet - FDC,60,"69,685",781865.70,11.22,0.19,Mylan (formerly Matrix) Nashik,FALSE,See DN-1628 (ID#:82291),null,"1,532.46"
"77,293",161-ZA-T30,FPQ-5303,SCMS-68990,ASN-7050,South Africa,PMO - US,Direct Drop,DDP,Air,3/18/2010,3/19/2010,09-Jun-10,09-Jun-10,09-Jun-10,ARV,Pediatric,Aurobindo Pharma Limited,"Nevirapine 10mg/ml, oral suspension w/syringe, Bottle, 240 ml",Nevirapine,Generic,10mg/ml,Oral suspension,240,"10,000",31500.00,3.15,0.01,"Aurobindo Unit III, India",TRUE,3869,"$4,088.43 ",67.91
"77,296",107-RW-T30,FPQ-3859,SCMS-48931,ASN-6763,Rwanda,PMO - US,Direct Drop,CIP,Air,6/30/2009,03-07-10,29-Apr-10,29-Apr-10,29-Apr-10,ARV,Adult,Aurobindo Pharma Limited,"Lopinavir/Ritonavir 200/50mg, tablets, 120 Tabs",Lopinavir/Ritonavir,Generic,200/50mg,Tablet,120,"4,240",158406.40,37.36,0.31,"Aurobindo Unit III, India",TRUE,1048,"$14,256.58 ",310.48
"77,309",102-SD-T30,FPQ-8261,SCMS-120443,ASN-12835,Sudan,PMO - US,Direct Drop,EXW,Air,8/29/2011,9/14/2011,06-Jan-12,06-Jan-12,06-Jan-12,HRDT,HIV test,"Orgenics, Ltd","HIV 1/2, Determine Complete HIV Kit, 100 Tests","HIV 1/2, Determine Complete HIV Kit",Determine,,Test kit,100,22,1958.00,89,0.89,"Alere Medical Co., Ltd.",TRUE,11,$978.41 ,3.23
"77,310",108-VN-T30,FPQ-7898,SCMS-113620,ASN-13101,Vietnam,PMO - US,Direct Drop,EXW,Air,6/27/2011,07-08-11,22-Dec-11,22-Dec-11,22-Dec-11,ARV,Adult,STRIDES ARCOLAB LIMITED,"Lamivudine/Nevirapine/Zidovudine 150/200/300mg, tablets, 60 Tabs",Lamivudine/Nevirapine/Zidovudine,Generic,150/300/200mg,Tablet - FDC,60,"20,970",222282.00,10.6,0.18,"Strides, Bangalore, India.",TRUE,2447,"$2,673.82 ",366.77
"77,324",107-RW-T30,FPQ-4047,SCMS-50810,ASN-5740,Rwanda,PMO - US,Direct Drop,CIP,Air,7/28/2009,8/18/2009,04-Jan-10,04-Jan-10,04-Jan-10,ARV,Adult,HETERO LABS LIMITED,"Lamivudine 150mg, tablets, 60 Tabs",Lamivudine,Generic,150mg,Tablet,60,"10,350",26806.50,2.59,0.04,Hetero Unit III Hyderabad IN,TRUE,582,"$2,990.64 ",52.54
"77,413",110-ZM-T30,FPQ-14151,SCMS-239790,ASN-26472,Zambia,PMO - US,Direct Drop,EXW,Air,4/30/2014,5/21/2014,20-Jul-14,20-Jul-14,01-Aug-14,ARV,Adult,Aurobindo Pharma Limited,"Nevirapine 200mg, tablets, 60 Tabs",Nevirapine,Generic,200mg,Tablet,60,"34,165",76871.25,2.25,0.04,"Aurobindo Unit III, India",TRUE,3503,"$19,461.76 ",79.02
"77,420",102-BI-T30,FPQ-11512,SCMS-176890,ASN-18723,Burundi,PMO - US,Direct Drop,EXW,Air,1/29/2013,2/14/2013,03-Apr-13,03-Apr-13,03-Apr-13,HRDT,HIV test,"CHEMBIO DIAGNOSTIC SYSTEMS, INC.","HIV 1/2, Stat-Pak Dipstick Assay Kit, 30 Tests","HIV 1/2, Stat-Pak Dipstick Assay Kit",Stat-Pak,,Test kit,30,514,14186.40,27.6,0.92,Chembio Diagnostics Sys. Inc.,TRUE,55,$758.65 ,17.55
"77,735",104-CI-T30,FPQ-12806,SCMS-206590,ASN-24449,Côte d'Ivoire,PMO - US,Direct Drop,EXW,Air,08-09-13,9/16/2013,03-Mar-14,03-Mar-14,26-Mar-14,ARV,Adult,MYLAN LABORATORIES LTD (FORMERLY MATRIX LABORATORIES),"Atazanavir/Ritonavir 300/100mg, tablets, 30 Tabs",Atazanavir/Ritonavir,Generic,300/100mg,Tablet,30,"2,100",42000.00,20,0.67,Mylan (formerly Matrix) Nashik,TRUE,293,"$3,169.34 ",51.95
"83,398",104-CI-T30,FPQ-3964,SO-33171,DN-1629,Côte d'Ivoire,PMO - US,From RDC,N/A - From RDC,Air,7/24/2009,N/A - From RDC,11-Feb-10,02-Feb-10,02-Feb-10,ARV,Pediatric,SCMS from RDC,"Didanosine 200mg, chewable/dispersible tablets, 60 Tabs",Didanosine,Generic,200mg,Chewable/dispersible tablet,60,"1,800",27900.00,15.5,0.26,"Aurobindo Unit III, India",FALSE,See DN-1629 (ID#:82857),null,54.68
"85,085",114-UG-T30,FPQ-4497,SO-34850,DN-1636,Uganda,PMO - US,From RDC,N/A - From RDC,Truck,10/28/2009,N/A - From RDC,11-Feb-10,29-Jan-10,29-Jan-10,ARV,Adult,SCMS from RDC,"Nevirapine 200mg, tablets, 60 Tabs",Nevirapine,Generic,200mg,Tablet,60,200,546.00,2.73,0.05,"Aurobindo Unit III, India",FALSE,See DN-1636 (ID#:83975),null,1.18
"77,494",114-UG-T30,FPQ-12477,SCMS-198721,ASN-22001,Uganda,PMO - US,Direct Drop,EXW,Ocean,07-08-13,8/27/2013,18-Dec-13,18-Dec-13,20-Dec-13,ARV,Adult,MYLAN LABORATORIES LTD (FORMERLY MATRIX LABORATORIES),"Lamivudine/Zidovudine 150/300mg, tablets, 60 Tabs",Lamivudine/Zidovudine,Generic,150/300mg,Tablet - FDC,60,"9,888",64173.12,6.49,0.11,Mylan (formerly Matrix) Nashik,TRUE,858,"$10,833.06 ",79.38
"77,509",161-ZA-T30,FPQ-7400,SCMS-104230,ASN-11476,South Africa,PMO - US,Direct Drop,DDP,Ocean,03-11-11,3/30/2011,23-Sep-11,23-Sep-11,23-Sep-11,ARV,Pediatric,GLAXOSMITHKLINE EXPORT LIMITED,"Abacavir 20mg/ml [Ziagen], oral solution, Bottle, 240 ml",Abacavir,Ziagen,20mg/ml,Oral solution,240,"20,000",185600.00,9.28,0.04,GSK Mississauga (Canada),TRUE,7670,"$7,175.68 ",306.24
"84,525",105-GY-T30,FPQ-4915,SO-35700,DN-1637,Guyana,PMO - US,From RDC,N/A - From RDC,Air,1/14/2010,N/A - From RDC,26-Feb-10,09-Feb-10,09-Feb-10,ARV,Adult,SCMS from RDC,"Zidovudine 300mg, tablets, 60 Tabs",Zidovudine,Generic,300mg,Tablet,60,"1,063",8004.39,7.53,0.13,"Aurobindo Unit III, India",FALSE,See DN-1637 (ID#:84524),null,17.26
"85,086",114-UG-T30,FPQ-4275,SO-35610,DN-1638,Uganda,PMO - US,From RDC,N/A - From RDC,Truck,9/17/2009,N/A - From RDC,25-Feb-10,18-Feb-10,18-Feb-10,ARV,Adult,SCMS from RDC,"Lamivudine/Nevirapine/Zidovudine 150/200/300mg, tablets, 60 Tabs",Lamivudine/Nevirapine/Zidovudine,Generic,150/300/200mg,Tablet - FDC,60,"21,658",243002.76,11.22,0.19,Mylan (formerly Matrix) Nashik,FALSE,See DN-1638 (ID#:84526),null,476.29
"85,087",114-UG-T30,FPQ-4275,SO-35610,DN-1638,Uganda,PMO - US,From RDC,N/A - From RDC,Truck,9/17/2009,N/A - From RDC,25-Feb-10,18-Feb-10,18-Feb-10,ARV,Adult,SCMS from RDC,"Lamivudine/Nevirapine/Zidovudine 150/200/300mg, tablets, 60 Tabs",Lamivudine/Nevirapine/Zidovudine,Generic,150/300/200mg,Tablet - FDC,60,"19,942",223749.24,11.22,0.19,"Aurobindo Unit III, India",FALSE,See DN-1638 (ID#:84526),null,438.55
"86,263",114-UG-T30,FPQ-4275,SO-35610,DN-1638,Uganda,PMO - US,From RDC,N/A - From RDC,Truck,9/17/2009,N/A - From RDC,25-Feb-10,18-Feb-10,18-Feb-10,ARV,Adult,SCMS from RDC,"Lamivudine/Nevirapine/Zidovudine 150/200/300mg, tablets, 60 Tabs",Lamivudine/Nevirapine/Zidovudine,Generic,150/300/200mg,Tablet - FDC,60,29,325.38,11.22,0.19,"Aurobindo Unit III, India",FALSE,See DN-1638 (ID#:84526),null,0.64
"77,552",133-NG-T30,FPQ-12456,SCMS-196561,ASN-22172,Nigeria,PMO - US,Direct Drop,EXW,Air,06-10-13,07-10-13,07-Nov-13,07-Nov-13,17-Nov-13,HRDT,HIV test,"Orgenics, Ltd","HIV 1/2, Determine Complete HIV Kit, 100 Tests","HIV 1/2, Determine Complete HIV Kit",Determine,,Test kit,100,"3,036",270204.00,89,0.89,"Alere Medical Co., Ltd.",TRUE,1233,"$20,602.30 ",334.24
"77,565",900-CM-T30,FPQ-10654,SCMS-161720,ASN-17261,Cameroon,PMO - US,Direct Drop,EXW,Air,9/20/2012,10-08-12,19-Dec-12,19-Dec-12,19-Dec-12,ARV,Adult,MYLAN LABORATORIES LTD (FORMERLY MATRIX LABORATORIES),"Efavirenz/Lamivudine/Tenofovir Disoproxil Fumarate 600/300/300mg, tablets, 30 Tabs",Efavirenz/Lamivudine/Tenofovir Disoproxil Fumarate,Generic,600/300/300mg,Tablet - FDC,30,"26,204",314185.96,11.99,0.4,Mylan (formerly Matrix) Nashik,TRUE,3176,"$27,939.91 ",440.49
"77,606",101-CD-T30,FPQ-12093,SCMS-189060,ASN-20772,"Congo, DRC",PMO - US,Direct Drop,FCA,Air,4/23/2013,5/23/2013,20-Nov-13,20-Nov-13,26-Nov-13,ARV,Pediatric,ABBVIE LOGISTICS (FORMERLY ABBOTT LOGISTICS BV),"Lopinavir/Ritonavir 80/20mg/ml [Kaletra], oral solution, cool, Bottle 5 x 60 ml",Lopinavir/Ritonavir,Kaletra,80/20mg/ml,Oral solution,300,10,308.20,30.82,0.1,ABBVIE (Abbott) Logis. UK,TRUE,38,"$1,573.41 ",0.38
"83,977",110-ZM-T30,FPQ-4273,SO-33690,DN-1643,Zambia,PMO - US,From RDC,N/A - From RDC,Truck,9/17/2009,N/A - From RDC,15-Mar-10,05-Mar-10,05-Mar-10,ARV,Adult,SCMS from RDC,"Lamivudine/Nevirapine/Stavudine 150/200/30mg, tablets, 60 Tabs",Lamivudine/Nevirapine/Stavudine,Generic,150/200/30mg,Tablet - FDC,60,"20,602",133294.94,6.47,0.11,"Cipla, Goa, India",FALSE,See DN-1643 (ID#:82293),null,261.26
"77,651",108-VN-T30,FPQ-4098,SCMS-51750,ASN-5059,Vietnam,PMO - US,Direct Drop,EXW,Air,08-12-09,8/14/2009,27-Oct-09,27-Oct-09,27-Oct-09,ARV,Adult,CIPLA LIMITED,"Lamivudine/Nevirapine/Stavudine 150/200/30mg, tablets, 60 Tabs",Lamivudine/Nevirapine/Stavudine,Generic,150/200/30mg,Tablet - FDC,60,"23,040",146995.20,6.38,0.11,"Cipla, Goa, India",TRUE,9,"$4,620.03 ",288.11
"83,978",110-ZM-T30,FPQ-4273,SO-33690,DN-1643,Zambia,PMO - US,From RDC,N/A - From RDC,Truck,9/17/2009,N/A - From RDC,15-Mar-10,05-Mar-10,05-Mar-10,ARV,Adult,SCMS from RDC,"Nevirapine 200mg, tablets, 60 Tabs",Nevirapine,Generic,200mg,Tablet,60,"50,000",136500.00,2.73,0.05,"Cipla, Goa, India",FALSE,See DN-1643 (ID#:82293),null,267.54
"77,671",901-GH-T30,FPQ-14101,SCMS-245400,ASN-29127,Ghana,PMO - US,Direct Drop,EXW,Air,4/30/2014,07-08-14,24-Dec-14,24-Dec-14,02-Jan-15,ARV,Pediatric,Aurobindo Pharma Limited,"Lamivudine 10mg/ml, oral solution, Bottle, 240 ml",Lamivudine,Generic,10mg/ml,Oral solution,240,"11,730",16773.90,1.43,0.01,"Aurobindo Unit III, India",TRUE,4673,"$22,212.75 ",17.24
"77,677",109-TZ-T30,FPQ-13803,SCMS-231060,ASN-25337,Tanzania,PMO - US,Direct Drop,EXW,Air,2/28/2014,03-07-14,24-Jun-14,24-Jun-14,24-Jun-14,ARV,Adult,MYLAN LABORATORIES LTD (FORMERLY MATRIX LABORATORIES),"Emtricitabine/Tenofovir Disoproxil Fumarate 200/300mg, tablets, 30 Tabs",Emtricitabine/Tenofovir Disoproxil Fumarate,Generic,200/300mg,Tablet - FDC,30,"5,000",28700.00,5.74,0.19,Mylan (formerly Matrix) Nashik,TRUE,449,"$2,865.22 ",29.5
"77,750",103-ZW-T30,FPQ-9905,SCMS-148290,ASN-16913,Zimbabwe,PMO - US,Direct Drop,FCA,Air,5/29/2012,7/18/2012,08-Nov-12,22-Nov-12,22-Nov-12,ARV,Pediatric,ABBVIE LOGISTICS (FORMERLY ABBOTT LOGISTICS BV),"Lopinavir/Ritonavir 80/20mg/ml [Kaletra], oral solution, cool, Bottle 5 x 60 ml",Lopinavir/Ritonavir,Kaletra,80/20mg/ml,Oral solution,300,"1,364",42038.48,30.82,0.1,ABBVIE (Abbott) Logis. UK,TRUE,1309,"$15,578.89 ",58.94
"77,751",103-SS-T30,FPQ-14411,SCMS-244550,ASN-26903,South Sudan,PMO - US,Direct Drop,EXW,Air,06-09-14,6/19/2014,29-Sep-14,29-Sep-14,03-Oct-14,ARV,Pediatric,Aurobindo Pharma Limited,"Nevirapine 50mg, dispersible tablets (tablets for oral suspension), 30 Tabs",Nevirapine,Generic,50mg,Chewable/dispersible tablet,30,"2,538",3172.50,1.25,0.04,"Aurobindo Unit III, India",TRUE,165,"$1,960.89 ",3.26
"77,772",114-UG-T30,FPQ-5277,SCMS-68320,ASN-6788,Uganda,PMO - US,Direct Drop,FCA,Air,03-12-10,3/18/2010,12-May-10,12-May-10,12-May-10,ARV,Adult,ABBVIE LOGISTICS (FORMERLY ABBOTT LOGISTICS BV),"Lopinavir/Ritonavir 200/50mg [Aluvia], tablets, 120 Tabs",Lopinavir/Ritonavir,Aluvia,200/50mg,Tablet,120,160,5785.60,36.16,0.3,ABBVIE Ludwigshafen Germany,TRUE,47,"$1,238.94 ",12.47
"77,780",114-UG-T30,FPQ-9365,SCMS-142230,ASN-14835,Uganda,PMO - US,Direct Drop,CIP,Air,3/15/2012,04-04-12,21-May-12,21-May-12,21-May-12,ARV,Adult,MERCK SHARP & DOHME IDEA GMBH (FORMALLY MERCK SHARP & DOHME B.V.),"Raltegravir 400mg [Isentress], tablets, 60 Tabs",Raltegravir,Isentress,400mg,Tablet,60,168,9324.00,55.5,0.92,"MSD, Haarlem, NL",TRUE,35,$886 ,13.07
"83,979",110-ZM-T30,FPQ-4273,SO-33690,DN-1643,Zambia,PMO - US,From RDC,N/A - From RDC,Truck,9/17/2009,N/A - From RDC,15-Mar-10,05-Mar-10,05-Mar-10,ARV,Adult,SCMS from RDC,"Lamivudine/Nevirapine/Stavudine 150/200/30mg, tablets, 60 Tabs",Lamivudine/Nevirapine/Stavudine,Generic,150/200/30mg,Tablet - FDC,60,"1,541",9970.27,6.47,0.11,"Strides, Bangalore, India.",FALSE,See DN-1643 (ID#:82293),null,19.54
"77,782",144-BW-T30,FPQ-4167,SCMS-54180,ASN-7168,Botswana,PMO - US,Direct Drop,EXW,Air,09-09-09,9/30/2009,30-Jun-10,30-Jun-10,30-Jun-10,HRDT,HIV test - Ancillary,Orasure Technologies Inc.,"#109435**HIV, OraQuick Controls Kit, 3 Vials","HIV, OraQuick Controls Kit, 3 Vials",OraQuick,,Test kit - Ancillary,3,10,250.00,25,8.33,"Orasure Technologies, Inc USA",TRUE,6,$418.94 ,0.49
"77,901",133-NG-T30,FPQ-10765,SCMS-162440,ASN-18172,Nigeria,PMO - US,Direct Drop,EXW,Air,10-05-12,10/16/2012,09-Jan-13,21-Feb-13,21-Feb-13,HRDT,HIV test,"Orgenics, Ltd","HIV 1/2, Determine Complete HIV Kit, 100 Tests","HIV 1/2, Determine Complete HIV Kit",Determine,,Test kit,100,"2,744",244216.00,89,0.89,"Alere Medical Co., Ltd.",TRUE,1235,"$88,176.17 ",342.39
"85,653",110-ZM-T30,FPQ-4273,SO-33690,DN-1643,Zambia,PMO - US,From RDC,N/A - From RDC,Truck,9/17/2009,N/A - From RDC,15-Mar-10,05-Mar-10,05-Mar-10,ARV,Adult,SCMS from RDC,"Lamivudine/Nevirapine/Stavudine 150/200/30mg, tablets, 60 Tabs",Lamivudine/Nevirapine/Stavudine,Generic,150/200/30mg,Tablet - FDC,60,"49,760",321947.20,6.47,0.11,"Cipla, Goa, India",FALSE,See DN-1643 (ID#:82293),null,631.02
"85,654",114-UG-T30,FPQ-5014,SO-35870,DN-1654,Uganda,PMO - US,From RDC,N/A - From RDC,Air,1/29/2010,N/A - From RDC,18-Mar-10,17-Mar-10,17-Mar-10,ARV,Adult,SCMS from RDC,"Lamivudine/Zidovudine 150/300mg, tablets, 60 Tabs",Lamivudine/Zidovudine,Generic,150/300mg,Tablet - FDC,60,"3,000",26280.00,8.76,0.15,Mylan (formerly Matrix) Nashik,FALSE,See DN-1654 (ID#:82295),null,56.66
"85,656",113-ZW-T30,FPQ-4472,SO-27210,DN-1657,Zimbabwe,PMO - US,From RDC,N/A - From RDC,Truck,3/17/2009,N/A - From RDC,31-Mar-10,12-Mar-10,12-Mar-10,ARV,Adult,SCMS from RDC,"Efavirenz 600mg, tablets, 30 Tabs",Efavirenz,Generic,600mg,Tablet,30,"4,000",20520.00,5.13,0.17,"Aurobindo Unit III, India",FALSE,See DN-1657 (ID#:83980),null,40.22
"82,860",113-ZW-T30,FPQ-4694,SO-35390,DN-1659,Zimbabwe,PMO - US,From RDC,N/A - From RDC,Truck,12-08-09,N/A - From RDC,31-Mar-10,12-Mar-10,12-Mar-10,ARV,Adult,SCMS from RDC,"Lamivudine/Zidovudine 150/300mg, tablets, 60 Tabs",Lamivudine/Zidovudine,Generic,150/300mg,Tablet - FDC,60,560,4905.60,8.76,0.15,"Aurobindo Unit III, India",FALSE,See DN-1659 (ID#:82859),null,10.58
"77,941",101-CD-T30,FPQ-12093,SCMS-189060,ASN-20768,"Congo, DRC",PMO - US,Direct Drop,FCA,Air,4/23/2013,5/23/2013,20-Nov-13,20-Nov-13,22-Nov-13,ARV,Pediatric,ABBVIE LOGISTICS (FORMERLY ABBOTT LOGISTICS BV),"Lopinavir/Ritonavir 80/20mg/ml [Kaletra], oral solution, cool, Bottle 5 x 60 ml",Lopinavir/Ritonavir,Kaletra,80/20mg/ml,Oral solution,300,60,1849.20,30.82,0.1,ABBVIE (Abbott) Logis. UK,TRUE,103,"$1,573.41 ",2.29
"77,952",107-RW-T30,FPQ-13874,SCMS-232310,ASN-25541,Rwanda,PMO - US,Direct Drop,EXW,Air,03-12-14,04-03-14,28-Apr-14,28-Apr-14,28-Apr-14,HRDT,HIV test,"SHANGHAI KEHUA BIOENGINEERING CO.,LTD.  (KHB)","HIV 1/2, SKB Colloidal Gold, Diagnostic Kit, Antibody, 50 Tests","HIV 1/2, Colloidal Gold, Diagnostic Kit, Antibody",Colloidal Gold,,Test kit,1,"5,994",146853.00,24.5,24.5,"KHB Test Kit Facility, Shanghai China",TRUE,3996,"$53,102.22 ",150.96
"77,964",133-NG-T30,FPQ-4891,SCMS-64780,ASN-6978,Nigeria,PMO - US,Direct Drop,EXW,Air,1/15/2010,02-05-10,05-May-10,18-Jun-10,18-Jun-10,HRDT,HIV test,"Orgenics, Ltd","HIV 1/2, Determine Complete HIV Kit, 100 Tests","HIV 1/2, Determine Complete HIV Kit",Determine,,Test kit,100,"2,334",186720.00,80,0.8,Inverness Japan,TRUE,1130,"$21,654.06 ",402.57
"78,026",108-VN-T30,FPQ-13524,SCMS-226260,ASN-26929,Vietnam,PMO - US,Direct Drop,EXW,Air,02-06-14,03-10-14,13-Aug-14,30-Jul-14,01-Aug-14,ARV,Adult,HETERO LABS LIMITED,"Efavirenz/Lamivudine/Tenofovir Disoproxil Fumarate 600/300/300mg, tablets, 30 Tabs",Efavirenz/Lamivudine/Tenofovir Disoproxil Fumarate,Generic,600/300/300mg,Tablet - FDC,30,"22,752",238896.00,10.5,0.35,Hetero Unit III Hyderabad IN,TRUE,3138,"$4,964.60 ",245.59
"78,050",104-CI-T30,FPQ-4509,SCMS-56640,ASN-6775,Côte d'Ivoire,PMO - US,Direct Drop,CIP,Air,10/29/2009,11-09-09,07-May-10,07-May-10,07-May-10,ARV,Pediatric,BRISTOL-MYERS SQUIBB,"Didanosine 50mg [Videx], chewable tablets, 60 Tabs",Didanosine,Videx,50mg,Chewable/dispersible tablet,60,"1,888",17936.00,9.5,0.16,"BMS Meymac, France",TRUE,368,$824.37 ,38.67
"78,071",108-VN-T30,FPQ-5065,SCMS-65030,ASN-6208,Vietnam,PMO - US,Direct Drop,EXW,Air,02-10-10,02-10-10,26-Mar-10,26-Mar-10,26-Mar-10,ARV,Adult,Aurobindo Pharma Limited,"Didanosine 250mg, delayed-release capsules, 30 Caps",Didanosine,Generic,250mg,Delayed-release capsules,30,252,3276.00,13,0.43,"Aurobindo Unit III, India",TRUE,17,$436.62 ,7.06
"78,087",103-CM-T30,FPQ-8396,SCMS-122250,ASN-12401,Cameroon,PMO - US,Direct Drop,EXW,Air,9/13/2011,9/21/2011,28-Oct-11,28-Oct-11,28-Oct-11,HRDT,HIV test,Orasure Technologies Inc.,"HIV 1/2, OraQuick Advance HIV Rapid Antibody Kit, 100 Tests","HIV 1/2, OraQuick Advance HIV Rapid Antibody Kit",OraQuick,,Test kit,100,20,7000.00,350,3.5,"Pacific Biotech, Thailand",TRUE,48,"$1,222.56 ",11.55
"78,090",161-ZA-T30,FPQ-6262,SCMS-83790,ASN-9182,South Africa,PMO - US,Direct Drop,DDP,Ocean,8/31/2010,9/24/2010,31-Dec-10,31-Dec-10,31-Dec-10,ARV,Pediatric,Aurobindo Pharma Limited,"Efavirenz 50mg, capsule, 30 Caps",Efavirenz,Generic,50mg,Capsule,30,"22,920",54778.80,2.39,0.08,"Aurobindo Unit III, India",TRUE,1291,"$4,429.37 ",118.1
"85,090",113-ZW-T30,FPQ-4694,SO-35390,DN-1659,Zimbabwe,PMO - US,From RDC,N/A - From RDC,Truck,12-08-09,N/A - From RDC,31-Mar-10,12-Mar-10,12-Mar-10,ARV,Adult,SCMS from RDC,"Efavirenz 600mg, tablets, 30 Tabs",Efavirenz,Generic,600mg,Tablet,30,"1,900",9747.00,5.13,0.17,"Aurobindo Unit III, India",FALSE,See DN-1659 (ID#:82859),null,21.01
"78,103",103-ZW-T30,FPQ-13969,SCMS-239231,ASN-27940,Zimbabwe,PMO - US,Direct Drop,EXW,Ocean,04-08-14,6/20/2014,03-Nov-14,03-Nov-14,03-Nov-14,ARV,Pediatric,MYLAN LABORATORIES LTD (FORMERLY MATRIX LABORATORIES),"Lamivudine/Nevirapine/Zidovudine 30/50/60mg, dispersible tablets, 60 Tabs",Lamivudine/Nevirapine/Zidovudine,Generic,30/50/60mg,Chewable/dispersible tablet - FDC,60,"204,713",736966.80,3.6,0.06,Mylan (formerly Matrix) Nashik,TRUE,11430,"$22,059.25 ",757.6
"78,116",108-VN-T30,FPQ-5094,SCMS-68490,ASN-7260,Vietnam,PMO - US,Direct Drop,EXW,Air,3/15/2010,3/24/2010,01-Jul-10,01-Jul-10,01-Jul-10,ARV,Adult,STRIDES ARCOLAB LIMITED,"Lamivudine/Nevirapine/Zidovudine 150/200/300mg, tablets, 60 Tabs",Lamivudine/Nevirapine/Zidovudine,Generic,150/300/200mg,Tablet - FDC,60,"24,349",267839.00,11,0.18,"Strides, Bangalore, India.",TRUE,2799,"$11,838.56 ",577.46
"78,120",108-VN-T30,FPQ-7427,SCMS-105500,ASN-12079,Vietnam,PMO - US,Direct Drop,EXW,Air,3/31/2011,4/14/2011,19-Oct-11,19-Oct-11,19-Oct-11,ARV,Adult,HETERO LABS LIMITED,"Nevirapine 200mg, tablets, 60 Tabs",Nevirapine,Generic,200mg,Tablet,60,"7,000",17010.00,2.43,0.04,Hetero Unit III Hyderabad IN,TRUE,512,"$6,015.18 ",28.07
"86,270",113-ZW-T30,FPQ-4694,SO-35390,DN-1659,Zimbabwe,PMO - US,From RDC,N/A - From RDC,Truck,12-08-09,N/A - From RDC,31-Mar-10,12-Mar-10,12-Mar-10,ARV,Adult,SCMS from RDC,"Lamivudine/Stavudine 150/30mg, tablets, 60 Tabs",Lamivudine/Stavudine,Generic,150/30mg,Tablet - FDC,60,"1,900",6460.00,3.4,0.06,"Cipla, Goa, India",FALSE,See DN-1659 (ID#:82859),null,13.93
"85,091",113-ZW-T30,FPQ-4688,SO-35410,DN-1660,Zimbabwe,PMO - US,From RDC,N/A - From RDC,Air,12-08-09,N/A - From RDC,31-Mar-10,12-Mar-10,12-Mar-10,ARV,Adult,SCMS from RDC,"Lamivudine/Nevirapine/Stavudine 150/200/30mg, tablets, 60 Tabs",Lamivudine/Nevirapine/Stavudine,Generic,150/200/30mg,Tablet - FDC,60,"35,802",218750.22,6.11,0.1,"Cipla, Goa, India",FALSE,See DN-1660 (ID#:82296),null,471.63
"86,271",113-ZW-T30,FPQ-4688,SO-35410,DN-1660,Zimbabwe,PMO - US,From RDC,N/A - From RDC,Air,12-08-09,N/A - From RDC,31-Mar-10,12-Mar-10,12-Mar-10,ARV,Adult,SCMS from RDC,"Lamivudine/Stavudine 150/30mg, tablets, 60 Tabs",Lamivudine/Stavudine,Generic,150/30mg,Tablet - FDC,60,"1,900",6460.00,3.4,0.06,"Cipla, Goa, India",FALSE,See DN-1660 (ID#:82296),null,13.93
"84,528",104-CI-T30,FPQ-4378,SO-34410,DN-1662,Côte d'Ivoire,PMO - US,From RDC,N/A - From RDC,Air,10/15/2009,N/A - From RDC,09-Mar-10,01-Mar-10,01-Mar-10,ARV,Pediatric,SCMS from RDC,"Zidovudine 100mg, capsules, 100 Caps",Zidovudine,Generic,100mg,Capsule,100,"2,152",10760.00,5,0.05,"Aurobindo Unit III, India",FALSE,See DN-1662 (ID#:83981),null,21.09
"78,198",104-CI-T30,FPQ-12714,SCMS-204990,ASN-22826,Côte d'Ivoire,PMO - US,Direct Drop,FCA,Air,7/30/2013,09-02-13,29-Nov-13,29-Nov-13,02-Dec-13,ARV,Adult,ABBVIE LOGISTICS (FORMERLY ABBOTT LOGISTICS BV),"Ritonavir 100mg [Norvir], film coated tablets, 60 Tabs",Ritonavir,Norvir,100mg,Tablet,60,"3,000",20550.00,6.85,0.11,ABBVIE Ludwigshafen Germany,TRUE,387,"$6,020.48 ",25.42
"78,201",161-ZA-T30,FPQ-5303,SCMS-68980,ASN-7688,South Africa,PMO - US,Direct Drop,DDP,Air,3/18/2010,3/19/2010,24-Aug-10,20-Sep-10,20-Sep-10,ARV,Adult,Aurobindo Pharma Limited,"Lamivudine 150mg, tablets, 60 Tabs",Lamivudine,Generic,150mg,Tablet,60,"16,999",43007.47,2.53,0.04,"Aurobindo Unit III, India",TRUE,912,"$1,791.42 ",92.72
"84,530",104-CI-T30,FPQ-4378,SO-34410,DN-1662,Côte d'Ivoire,PMO - US,From RDC,N/A - From RDC,Air,10/15/2009,N/A - From RDC,09-Mar-10,01-Mar-10,01-Mar-10,ARV,Pediatric,SCMS from RDC,"Efavirenz 50mg, capsule, 30 Caps",Efavirenz,Generic,50mg,Capsule,30,"1,596",3575.04,2.24,0.07,"Aurobindo Unit III, India",FALSE,See DN-1662 (ID#:83981),null,7.01
"84,531",104-CI-T30,FPQ-4378,SO-34410,DN-1662,Côte d'Ivoire,PMO - US,From RDC,N/A - From RDC,Air,10/15/2009,N/A - From RDC,09-Mar-10,01-Mar-10,01-Mar-10,ARV,Adult,SCMS from RDC,"Lamivudine/Zidovudine 150/300mg, tablets, 60 Tabs",Lamivudine/Zidovudine,Generic,150/300mg,Tablet - FDC,60,"6,584",57675.84,8.76,0.15,Mylan (formerly Matrix) Nashik,FALSE,See DN-1662 (ID#:83981),null,113.04
"78,261",900-UG-T30,FPQ-10089,SCMS-149400,ASN-15431,Uganda,PMO - US,Direct Drop,EXW,Air,06-07-12,06-12-12,18-Jul-12,18-Jul-12,18-Jul-12,ARV,Adult,Aurobindo Pharma Limited,"Lopinavir/Ritonavir 200/50mg, tablets, 120 Tabs",Lopinavir/Ritonavir,Generic,200/50mg,Tablet,120,"15,321",390685.50,25.5,0.21,"Aurobindo Unit III, India",TRUE,3888,"$17,405.65 ",547.74
"78,290",104-CI-T30,FPQ-9823,SCMS-147570,ASN-16723,Côte d'Ivoire,PMO - US,Direct Drop,EXW,Air,05-04-12,6/13/2012,30-Oct-12,30-Oct-12,30-Oct-12,HRDT,HIV test,"Orgenics, Ltd","HIV 1/2, Determine Complete HIV Kit, 100 Tests","HIV 1/2, Determine Complete HIV Kit",Determine,,Test kit,100,"3,100",248000.00,80,0.8,"Alere Medical Co., Ltd.",TRUE,1473,"$29,742.64 ",347.7
"84,532",104-CI-T30,FPQ-4378,SO-34410,DN-1662,Côte d'Ivoire,PMO - US,From RDC,N/A - From RDC,Air,10/15/2009,N/A - From RDC,09-Mar-10,01-Mar-10,01-Mar-10,ARV,Pediatric,SCMS from RDC,"Nevirapine 10mg/ml, oral suspension, Bottle, 240 ml",Nevirapine,Generic,10mg/ml,Oral suspension,240,"1,431",2747.52,1.92,0.01,"Aurobindo Unit III, India",FALSE,See DN-1662 (ID#:83981),null,5.39
"78,303",104-CI-T30,FPQ-8327,SCMS-123880,ASN-14080,Côte d'Ivoire,PMO - US,Direct Drop,CIP,Air,09-08-11,9/30/2011,10-Apr-12,10-Apr-12,10-Apr-12,ARV,Pediatric,MERCK SHARP & DOHME IDEA GMBH (FORMALLY MERCK SHARP & DOHME B.V.),"Efavirenz 30mg/ml [Stocrin/Sustiva], oral solution, Bottle, 180 ml",Efavirenz,Stocrin/Sustiva,30mg/ml,Oral solution,180,"2,052",34801.92,16.96,0.09,"MSD, Haarlem, NL",TRUE,605,"$1,416.03 ",57.42
"78,311",107-RW-T30,FPQ-10223,SCMS-152950,ASN-16590,Rwanda,PMO - US,Direct Drop,EXW,Air,07-05-12,7/16/2012,22-Oct-12,22-Oct-12,22-Oct-12,ARV,Adult,HETERO LABS LIMITED,"Lamivudine/Nevirapine/Stavudine 150/200/30mg, tablets, 60 Tabs",Lamivudine/Nevirapine/Stavudine,Generic,150/200/30mg,Tablet - FDC,60,"40,000",175600.00,4.39,0.07,Hetero Unit III Hyderabad IN,TRUE,4479,"$36,677.08 ",246.19
"78,314",107-RW-T30,FPQ-5792,SCMS-75810,ASN-9743,Rwanda,PMO - US,Direct Drop,EXW,Air,06-07-10,7/21/2010,17-Feb-11,17-Feb-11,17-Feb-11,HRDT,HIV test,"Orgenics, Ltd","HIV 1/2, Determine HIV Kit, without Lancets, 100 Tests","HIV 1/2, Determine HIV Kit, without Lancets",Determine,,Test kit,100,"5,000",388500.00,77.7,0.78,Inverness Japan,TRUE,1134,"$15,367.03 ",837.61
"78,329",104-CI-T30,FPQ-9874,SCMS-147580,ASN-17837,Côte d'Ivoire,PMO - US,Direct Drop,EXW,Air,05-11-12,6/13/2012,20-Feb-13,20-Feb-13,20-Feb-13,HRDT,HIV test,"CHEMBIO DIAGNOSTIC SYSTEMS, INC.","HIV 1/2, Stat-Pak HIV, Kit, 20 Tests","HIV 1/2, Stat-Pak HIV, Kit",Stat-Pak,,Test kit,20,"2,424",70296.00,29,1.45,Chembio Diagnostics Sys. Inc.,TRUE,621,"$7,811.66 ",98.55
"78,340",108-VN-T30,FPQ-7469,SCMS-106490,ASN-11850,Vietnam,PMO - US,Direct Drop,FCA,Air,3/31/2011,4/21/2011,23-Sep-11,23-Sep-11,23-Sep-11,ARV,Adult,ABBVIE LOGISTICS (FORMERLY ABBOTT LOGISTICS BV),"Lopinavir/Ritonavir 200/50mg [Aluvia], tablets, 120 Tabs",Lopinavir/Ritonavir,Aluvia,200/50mg,Tablet,120,"1,049",86227.80,82.2,0.68,ABBVIE Ludwigshafen Germany,TRUE,264,"$5,487.53 ",142.28
"78,346",108-VN-T30,FPQ-5317,SCMS-69730,ASN-8448,Vietnam,PMO - US,Direct Drop,EXW,Air,3/22/2010,3/29/2010,09-Nov-10,09-Nov-10,09-Nov-10,ARV,Adult,MYLAN LABORATORIES LTD (FORMERLY MATRIX LABORATORIES),"Efavirenz 600mg, tablets, 30 Tabs",Efavirenz,Generic,600mg,Tablet,30,"48,235",207410.50,4.3,0.14,Mylan (formerly Matrix) Nashik,TRUE,3919,"$11,372.45 ",447.18
"83,982",106-HT-T30,FPQ-4384,SO-35920,DN-1667,Haiti,PMO - US,From RDC,N/A - From RDC,Air,10/23/2009,N/A - From RDC,10-Mar-10,03-Mar-10,03-Mar-10,ARV,Adult,SCMS from RDC,"Stavudine 15mg, capsules, 60 Caps",Stavudine,Generic,15mg,Capsule,60,84,126.00,1.5,0.02,"Aurobindo Unit III, India",FALSE,See DN-1667 (ID#:82861),null,0.27
"78,362",101-CD-T30,FPQ-11103,SCMS-170610,ASN-18066,"Congo, DRC",PMO - US,Direct Drop,FCA,Air,12-07-12,01-03-13,15-Mar-13,15-Mar-13,15-Mar-13,ARV,Pediatric,ABBVIE LOGISTICS (FORMERLY ABBOTT LOGISTICS BV),"Lopinavir/Ritonavir 100/25mg [Aluvia], tablets, 60 Tabs",Lopinavir/Ritonavir,Generic,100/25mg,Tablet,60,60,356.40,5.94,0.1,ABBVIE Ludwigshafen Germany,TRUE,13,$707.19 ,0.44
"84,533",106-HT-T30,FPQ-4384,SO-35920,DN-1667,Haiti,PMO - US,From RDC,N/A - From RDC,Air,10/23/2009,N/A - From RDC,10-Mar-10,03-Mar-10,03-Mar-10,ARV,Pediatric,SCMS from RDC,"Abacavir 20mg/ml, oral solution, Bottle, 240 ml",Abacavir,Generic,20mg/ml,Oral solution,240,288,3916.80,13.6,0.06,"Aurobindo Unit III, India",FALSE,See DN-1667 (ID#:82861),null,8.44
"78,387",114-UG-T30,FPQ-5837,SCMS-80710,ASN-7974,Uganda,PMO - US,Direct Drop,DDU,Air,6/25/2010,08-11-10,01-Sep-10,01-Sep-10,01-Sep-10,ARV,Adult,ASPEN PHARMACARE,"Etravirine 100mg [Intelence], tablets, 120 Tabs",Etravirine,Intelence,100mg,Tablet,120,50,4199.01,83.98,0.7,"Janssen-Cilag, Latina, IT",TRUE,10,$435 ,9.05
"78,395",133-NG-T30,FPQ-12458,SCMS-196571,ASN-22752,Nigeria,PMO - US,Direct Drop,EXW,Air,06-10-13,07-10-13,25-Nov-13,25-Nov-13,20-Dec-13,HRDT,HIV test,"CHEMBIO DIAGNOSTIC SYSTEMS, INC.","HIV 1/2, Stat-Pak HIV, Kit, 20 Tests","HIV 1/2, Stat-Pak HIV, Kit",Stat-Pak,,Test kit,20,"5,439",174048.00,32,1.6,Chembio Diagnostics Sys. Inc.,TRUE,2097,"$9,634.16 ",215.3
"78,397",901-NA-T30,FPQ-14689,SCMS-253430,ASN-28398,Namibia,PMO - US,Direct Drop,EXW,Air,7/30/2014,8/29/2014,13-Oct-14,13-Oct-14,13-Oct-14,ARV,Adult,HETERO LABS LIMITED,"Efavirenz 600mg, tablets, 30 Tabs",Efavirenz,Generic,600mg,Tablet,30,"21,050",73675.00,3.5,0.12,"Hetero, Jadcherla, unit 5, IN",TRUE,1812,"$8,683.99 ",75.74
"78,403",106-HT-T30,FPQ-7649,SCMS-108900,ASN-13724,Haiti,PMO - US,Direct Drop,CIP,Air,4/27/2011,5/30/2011,14-Mar-12,14-Mar-12,14-Mar-12,ARV,Pediatric,MERCK SHARP & DOHME IDEA GMBH (FORMALLY MERCK SHARP & DOHME B.V.),"Efavirenz 30mg/ml [Stocrin/Sustiva], oral solution, Bottle, 180 ml",Efavirenz,Stocrin/Sustiva,30mg/ml,Oral solution,180,255,4324.80,16.96,0.09,"MSD, Haarlem, NL",TRUE,72,$290 ,7.14
"85,092",106-HT-T30,FPQ-4384,SO-35920,DN-1667,Haiti,PMO - US,From RDC,N/A - From RDC,Air,10/23/2009,N/A - From RDC,10-Mar-10,03-Mar-10,03-Mar-10,ARV,Adult,SCMS from RDC,"Stavudine 30mg, capsules, 60 Caps",Stavudine,Generic,30mg,Capsule,60,"2,610",3680.10,1.41,0.02,"Aurobindo Unit III, India",FALSE,See DN-1667 (ID#:82861),null,7.93
"78,419",103-ZW-T30,FPQ-9905,SCMS-148310,ASN-18001,Zimbabwe,PMO - US,Direct Drop,FCA,Air,5/29/2012,7/18/2012,09-Feb-13,14-Mar-13,14-Mar-13,ARV,Pediatric,ABBVIE LOGISTICS (FORMERLY ABBOTT LOGISTICS BV),"Lopinavir/Ritonavir 80/20mg/ml [Kaletra], oral solution, cool, Bottle 5 x 60 ml",Lopinavir/Ritonavir,Kaletra,80/20mg/ml,Oral solution,300,"1,021",31467.22,30.82,0.1,ABBVIE (Abbott) Logis. UK,TRUE,1013,"$13,257.79 ",44.12
"78,427",101-CD-T30,FPQ-11103,SCMS-170610,ASN-18067,"Congo, DRC",PMO - US,Direct Drop,FCA,Air,12-07-12,01-03-13,15-Mar-13,03-Apr-13,03-Apr-13,ARV,Pediatric,ABBVIE LOGISTICS (FORMERLY ABBOTT LOGISTICS BV),"Lopinavir/Ritonavir 100/25mg [Aluvia], tablets, 60 Tabs",Lopinavir/Ritonavir,Generic,100/25mg,Tablet,60,24,142.56,5.94,0.1,ABBVIE Ludwigshafen Germany,TRUE,8,$767.87 ,0.18
"78,435",119-NA-T30,FPQ-7679,SCMS-109960,ASN-11272,Namibia,PMO - US,Direct Drop,EXW,Air,05-12-11,5/31/2011,06-Jul-11,06-Jul-11,06-Jul-11,HRDT,HIV test,"Orgenics, Ltd","HIV 1/2, Determine HIV Kit, without Lancets, 100 Tests","HIV 1/2, Determine HIV Kit, without Lancets",Determine,,Test kit,100,100,7770.00,77.7,0.78,Inverness Japan,TRUE,24,$677.37 ,12.82
"78,479",106-HT-T30,FPQ-12590,SCMS-210430,ASN-22715,Haiti,PMO - US,Direct Drop,FCA,Air,8/21/2013,10/22/2013,12-Dec-13,12-Dec-13,13-Dec-13,ARV,Adult,ABBVIE LOGISTICS (FORMERLY ABBOTT LOGISTICS BV),"Lopinavir/Ritonavir 200/50mg [Aluvia], tablets, 120 Tabs",Lopinavir/Ritonavir,Aluvia,200/50mg,Tablet,120,"1,865",36031.80,19.32,0.16,ABBVIE Ludwigshafen Germany,TRUE,463,"$3,222.27 ",44.57
"78,526",900-CM-T30,FPQ-10654,SCMS-161700,ASN-16882,Cameroon,PMO - US,Direct Drop,EXW,Air,9/20/2012,10-05-12,02-Dec-12,02-Dec-12,02-Dec-12,ARV,Adult,CIPLA LIMITED,"Lamivudine/Nevirapine/Zidovudine 150/200/300mg, tablets, 60 Tabs",Lamivudine/Nevirapine/Zidovudine,Generic,150/300/200mg,Tablet - FDC,60,"62,219",520773.03,8.37,0.14,"Cipla, Goa, India",TRUE,8297,"$60,840.32 ",730.12
"78,532",102-BW-T30,FPQ-6645,SCMS-92600,ASN-9740,Botswana,PMO - US,Direct Drop,EXW,Air,11-11-10,12-02-10,02-Mar-11,02-Mar-11,02-Mar-11,HRDT,HIV test,"Standard Diagnostics, Inc.","HIV 1/2, Bioline 3.0 Kit, Lancets, Capillary pipets, Alcohol swabs included, 25 Tests","HIV 1/2, Bioline 3.0 Kit, Lancets, Capillary pipets, Alcohol swabs included",Bioline,,Test kit,25,40,800.00,20,0.8,"Standard Diagnostics, Korea",TRUE,14,$706.18 ,1.32
"85,093",106-HT-T30,FPQ-4384,SO-35920,DN-1667,Haiti,PMO - US,From RDC,N/A - From RDC,Air,10/23/2009,N/A - From RDC,10-Mar-10,03-Mar-10,03-Mar-10,ARV,Adult,SCMS from RDC,"Stavudine 20mg, capsules, 60 Caps",Stavudine,Generic,20mg,Capsule,60,106,151.58,1.43,0.02,"Aurobindo Unit III, India",FALSE,See DN-1667 (ID#:82861),null,0.33
"78,576",104-CI-T30,FPQ-4484,SCMS-56481,ASN-5619,Côte d'Ivoire,PMO - US,Direct Drop,EXW,Air,10/29/2009,11-03-09,21-Jan-10,21-Jan-10,21-Jan-10,HRDT,HIV test,"Orgenics, Ltd","HIV 1/2, Determine HIV Kit, without Lancets, 100 Tests","HIV 1/2, Determine HIV Kit, without Lancets",Determine,,Test kit,100,"3,500",245000.00,70,0.7,Inverness Japan,TRUE,794,"$12,506.12 ",528.22
"78,589",104-BW-T30,FPQ-15568,SCMS-275710,ASN-31390,Botswana,PMO - US,Direct Drop,EXW,Air,01-08-15,02-06-15,02-Jun-15,02-Jun-15,04-Jun-15,ARV,Adult,HETERO LABS LIMITED,"Efavirenz/Emtricitabine/Tenofovir Disoproxil Fumarate 600/200/300mg, tablets, 30 Tabs",Efavirenz/Emtricitabine/Tenofovir Disoproxil Fumarate,Generic,600/200/300mg,Tablet - FDC,30,"34,735",362286.05,10.43,0.35,"Hetero, Jadcherla, unit 5, IN",TRUE,4260,"$21,035.49 ",426.41
"78,603",108-VN-T30,FPQ-7565,SCMS-107660,ASN-12154,Vietnam,PMO - US,Direct Drop,EXW,Air,4/21/2011,05-02-11,18-Oct-11,18-Oct-11,18-Oct-11,ARV,Adult,HETERO LABS LIMITED,"Stavudine 30mg, capsules, 60 Caps",Stavudine,Generic,30mg,Capsule,60,"18,000",26100.00,1.45,0.02,Hetero Unit III Hyderabad IN,TRUE,1390,"$11,311.60 ",43.06
"78,671",161-ZA-T30,FPQ-6708,SCMS-93510,ASN-11510,South Africa,PMO - US,Direct Drop,DDP,Ocean,11/26/2010,12/14/2010,14-Oct-11,14-Oct-11,14-Oct-11,ARV,Pediatric,Aurobindo Pharma Limited,"Nevirapine 10mg/ml, oral suspension w/syringe, Bottle, 240 ml",Nevirapine,Generic,10mg/ml,Oral suspension,240,"8,500",18020.00,2.12,0.01,"Aurobindo Unit III, India",TRUE,3061,"$3,530.94 ",29.73
"78,698",161-ZA-T30,FPQ-7175,SCMS-103790,ASN-12624,South Africa,PMO - US,Direct Drop,DDP,Ocean,03-10-11,3/28/2011,25-Nov-11,25-Nov-11,25-Nov-11,ARV,Pediatric,CIPLA LIMITED,"Lamivudine 10mg/ml, oral solution, Bottle, 240 ml",Lamivudine,Generic,10mg/ml,Oral solution,240,"50,000",103000.00,2.06,0.01,"Cipla, Goa, India",TRUE,18467,"$6,617.84 ",169.95
"86,274",106-HT-T30,FPQ-4384,SO-35920,DN-1667,Haiti,PMO - US,From RDC,N/A - From RDC,Air,10/23/2009,N/A - From RDC,10-Mar-10,03-Mar-10,03-Mar-10,ARV,Adult,SCMS from RDC,"Lamivudine 150mg, tablets, 60 Tabs",Lamivudine,Generic,150mg,Tablet,60,"7,920",19324.80,2.44,0.04,"Aurobindo Unit III, India",FALSE,See DN-1667 (ID#:82861),null,41.66
"84,534",106-HT-T30,FPQ-4384,SO-35930,DN-1668,Haiti,PMO - US,From RDC,N/A - From RDC,Air,10/23/2009,N/A - From RDC,07-Apr-10,03-Mar-10,03-Mar-10,ARV,Adult,SCMS from RDC,"Stavudine 30mg, capsules, 60 Caps",Stavudine,Generic,30mg,Capsule,60,"7,056",10301.76,1.46,0.02,"Strides, Bangalore, India.",FALSE,See DN-1668 (ID#:83403),null,22.21
"78,715",161-ZA-T30,FPQ-7175,SCMS-103930,ASN-12290,South Africa,PMO - US,Direct Drop,DDP,Ocean,03-10-11,3/28/2011,23-Nov-11,23-Nov-11,23-Nov-11,ARV,Adult,STRIDES ARCOLAB LIMITED,"Lamivudine 150mg, tablets, 60 Tabs",Lamivudine,Generic,150mg,Tablet,60,"515,000",1251450.00,2.43,0.04,"Strides, Bangalore, India.",TRUE,23655,"$37,401.43 ","2,064.89"
"78,727",107-RW-T30,FPQ-4854,SCMS-63651,ASN-6747,Rwanda,PMO - US,Direct Drop,FCA,Air,01-06-10,1/20/2010,30-Apr-10,30-Apr-10,30-Apr-10,ARV,Pediatric,Hoffmann-La Roche ltd Basel,"Nelfinavir 50mg/g [Viracept], oral powder, 144g",Nelfinavir,Viracept,50mg/g,Oral powder,144,148,5429.50,36.69,0.25,Roche Basel,TRUE,27,"$1,253.71 ",11.71
"85,657",106-HT-T30,FPQ-4384,SO-35930,DN-1668,Haiti,PMO - US,From RDC,N/A - From RDC,Air,10/23/2009,N/A - From RDC,07-Apr-10,03-Mar-10,03-Mar-10,ARV,Adult,SCMS from RDC,"Zidovudine 300mg, tablets, 60 Tabs",Zidovudine,Generic,300mg,Tablet,60,"1,680",12650.40,7.53,0.13,Mylan (formerly Matrix) Nashik,FALSE,See DN-1668 (ID#:83403),null,27.27
"78,733",161-ZA-T30,FPQ-7175,SCMS-103400,ASN-12376,South Africa,PMO - US,Direct Drop,DDP,Ocean,03-10-11,3/24/2011,22-Nov-11,22-Nov-11,22-Nov-11,ARV,Adult,Aurobindo Pharma Limited,"Zidovudine 300mg, tablets, 60 Tabs",Zidovudine,Generic,300mg,Tablet,60,"9,829",71751.70,7.3,0.12,"Aurobindo Unit III, India",TRUE,509,"$3,341.45 ",118.39
"78,767",102-BI-T30,FPQ-12580,SCMS-199591,ASN-22168,Burundi,PMO - US,Direct Drop,EXW,Air,07-09-13,7/31/2013,20-Nov-13,20-Nov-13,22-Nov-13,HRDT,HIV test,"Orgenics, Ltd","HIV 1/2, Determine Complete HIV Kit, 100 Tests","HIV 1/2, Determine Complete HIV Kit",Determine,,Test kit,100,"1,268",101440.00,80,0.8,"Alere Medical Co., Ltd.",TRUE,516,"$9,802.95 ",125.48
"78,789",117-ET-T30,FPQ-7802,SCMS-110050,ASN-11253,Ethiopia,PMO - US,Direct Drop,EXW,Air,5/23/2011,5/26/2011,01-Jul-11,01-Jul-11,01-Jul-11,ARV,Adult,MYLAN LABORATORIES LTD (FORMERLY MATRIX LABORATORIES),"Lamivudine/Tenofovir Disoproxil Fumarate 300/300mg, tablets, 30 Tabs",Lamivudine/Tenofovir Disoproxil Fumarate,Generic,300/300mg,Tablet - FDC,30,"100,000",624000.00,6.24,0.21,Mylan (formerly Matrix) Nashik,TRUE,9565,"$60,713.12 ","1,029.60"
"78,805",108-VN-T30,FPQ-6818,SCMS-98052,ASN-11312,Vietnam,PMO - US,Direct Drop,EXW,Air,1/17/2011,2/15/2011,27-Jul-11,27-Jul-11,27-Jul-11,ARV,Adult,MYLAN LABORATORIES LTD (FORMERLY MATRIX LABORATORIES),"Tenofovir Disoproxil Fumarate 300mg, tablets, 30 Tabs",Tenofovir Disoproxil Fumarate,Generic,300mg,Tablet,30,"1,612",10478.00,6.5,0.22,Mylan (formerly Matrix) Nashik,TRUE,111,"$7,457.19 ",17.29
"78,818",109-TZ-T30,FPQ-7909,SCMS-114990,ASN-12159,Tanzania,PMO - US,Direct Drop,EXW,Air,6/24/2011,7/18/2011,29-Sep-11,05-Oct-11,05-Oct-11,HRDT,HIV test,"Standard Diagnostics, Inc.","HIV 1/2, Bioline 3.0 Kit, Lancets, Capillary pipets, Alcohol swabs included, 25 Tests","HIV 1/2, Bioline 3.0 Kit, Lancets, Capillary pipets, Alcohol swabs included",Bioline,,Test kit,25,"10,000",200000.00,20,0.8,"Standard Diagnostics, Korea",TRUE,3334,"$22,523.12 ",330
"84,535",104-CI-T30,FPQ-4378,SO-34451,DN-1670,Côte d'Ivoire,PMO - US,From RDC,N/A - From RDC,Air,10/15/2009,N/A - From RDC,16-Mar-10,10-Mar-10,10-Mar-10,ARV,Pediatric,SCMS from RDC,"Lamivudine 10mg/ml, oral solution, Bottle, 240 ml",Lamivudine,Generic,10mg/ml,Oral solution,240,"2,345",4455.50,1.9,0.01,"Cipla, Goa, India",FALSE,See DN-1670 (ID#:82862),null,8.73
"78,846",109-TZ-T30,FPQ-9259,SCMS-136830,ASN-14647,Tanzania,PMO - US,Direct Drop,EXW,Air,1/27/2012,02-03-12,13-Jul-12,13-Jul-12,13-Jul-12,HRDT,HIV test,"Trinity Biotech, Plc","HIV 1/2, Uni-Gold HIV Kit, 20 Tests","HIV 1/2, Uni-Gold HIV Kit",Uni-Gold,,Test kit,20,"9,250",296000.00,32,1.6,"Trinity Biotech, Plc",TRUE,3058,"$31,491.23 ",414.99
"78,909",133-NG-T30,FPQ-12812,SCMS-210351,ASN-23948,Nigeria,PMO - US,Direct Drop,EXW,Air,8/13/2013,11-01-13,18-Feb-14,12-Feb-14,15-Mar-14,HRDT,HIV test,"Orgenics, Ltd","HIV 1/2, Determine Complete HIV Kit, 100 Tests","HIV 1/2, Determine Complete HIV Kit",Determine,,Test kit,100,"9,258",823962.00,89,0.89,"Alere Medical Co., Ltd.",TRUE,3759,"$57,561.38 ","1,019.24"
"78,946",113-ZW-T30,FPQ-13939,SCMS-234720,ASN-26120,Zimbabwe,PMO - US,Direct Drop,EXW,Air,04-01-14,05-08-14,14-Jun-14,14-Jun-14,16-Jun-14,ARV,Adult,Aurobindo Pharma Limited,"Lamivudine/Tenofovir Disoproxil Fumarate 300/300mg, tablets, 30 Tabs",Lamivudine/Tenofovir Disoproxil Fumarate,Generic,300/300mg,Tablet - FDC,30,"24,540",114111.00,4.65,0.16,"Aurobindo Unit VII, IN",TRUE,2448,"$20,407.95 ",117.31
"78,949",100-ZW-T30,FPQ-5018,SCMS-65360,ASN-6755,Zimbabwe,PMO - US,Direct Drop,EXW,Air,02-02-10,2/17/2010,18-May-10,18-May-10,18-May-10,HRDT,HIV test,"Orgenics, Ltd","HIV 1/2, Determine Complete HIV Kit, 100 Tests","HIV 1/2, Determine Complete HIV Kit",Determine,,Test kit,100,"1,915",137880.00,72,0.72,Inverness Japan,TRUE,967,"$18,212.87 ",297.27
"78,985",110-ZM-T30,FPQ-4141,SCMS-53261,ASN-5855,Zambia,PMO - US,Direct Drop,EXW,Air,8/31/2009,09-11-09,28-Jan-10,27-Jan-10,27-Jan-10,HRDT,HIV test,"Orgenics, Ltd","HIV 1/2, Determine Complete HIV Kit, 100 Tests","HIV 1/2, Determine Complete HIV Kit",Determine,,Test kit,100,"2,282",164304.00,72,0.72,Inverness Japan,TRUE,1106,"$16,793.45 ",322.04
"83,404",104-CI-T30,FPQ-4378,SO-34412,DN-1671,Côte d'Ivoire,PMO - US,From RDC,N/A - From RDC,Air,10/15/2009,N/A - From RDC,09-Mar-10,10-Mar-10,10-Mar-10,ARV,Adult,SCMS from RDC,"Efavirenz 600mg, tablets, 30 Tabs",Efavirenz,Generic,600mg,Tablet,30,"31,092",179711.76,5.78,0.19,"Aurobindo Unit III, India",FALSE,See DN-1671 (ID#:82863),null,352.24
"83,405",104-CI-T30,FPQ-4378,SO-34412,DN-1671,Côte d'Ivoire,PMO - US,From RDC,N/A - From RDC,Air,10/15/2009,N/A - From RDC,09-Mar-10,10-Mar-10,10-Mar-10,ARV,Adult,SCMS from RDC,"Lamivudine/Stavudine 150/30mg, tablets, 60 Tabs",Lamivudine/Stavudine,Generic,150/30mg,Tablet - FDC,60,"11,060",37604.00,3.4,0.06,"Strides, Bangalore, India.",FALSE,See DN-1671 (ID#:82863),null,73.7
"79,081",103-SS-T30,FPQ-13172,SCMS-213410,ASN-22956,South Sudan,PMO - US,Direct Drop,EXW,Air,10/28/2013,11-06-13,20-Feb-14,20-Feb-14,26-Feb-14,HRDT,HIV test,"Trinity Biotech, Plc","HIV 1/2, Uni-Gold HIV Kit, 20 Tests","HIV 1/2, Uni-Gold HIV Kit",Uni-Gold,,Test kit,20,444,14208.00,32,1.6,"Trinity Biotech, Plc",TRUE,132,"$1,847.97 ",14.61
"79,109",110-ZM-T30,FPQ-10531,SCMS-158520,ASN-16853,Zambia,PMO - US,Direct Drop,EXW,Air,8/21/2012,09-05-12,31-Oct-12,31-Oct-12,31-Oct-12,HRDT,HIV test,"Orgenics, Ltd","HIV 1/2, Determine Complete HIV Kit, 100 Tests","HIV 1/2, Determine Complete HIV Kit",Determine,,Test kit,100,"8,200",656000.00,80,0.8,"Alere Medical Co., Ltd.",TRUE,3896,"$69,016.63 ",919.71
"85,659",104-CI-T30,FPQ-4378,SO-34412,DN-1671,Côte d'Ivoire,PMO - US,From RDC,N/A - From RDC,Air,10/15/2009,N/A - From RDC,09-Mar-10,10-Mar-10,10-Mar-10,ARV,Pediatric,SCMS from RDC,"Lamivudine 10mg/ml, oral solution, Bottle, 240 ml",Lamivudine,Generic,10mg/ml,Oral solution,240,"4,340",8246.00,1.9,0.01,"Cipla, Goa, India",FALSE,See DN-1671 (ID#:82863),null,16.16
"83,984",106-HT-T30,FPQ-4384,SO-34690,DN-1673,Haiti,PMO - US,From RDC,N/A - From RDC,Air,10/23/2009,N/A - From RDC,15-Mar-10,15-Mar-10,15-Mar-10,ARV,Pediatric,SCMS from RDC,"Lamivudine 10mg/ml, oral solution, Bottle, 240 ml",Lamivudine,Generic,10mg/ml,Oral solution,240,"3,136",5958.40,1.9,0.01,"Cipla, Goa, India",FALSE,See DN-1673 (ID#:83983),null,12.85
"79,141",102-KE-T30,FPQ-8446,SCMS-124890,ASN-13144,Kenya,PMO - US,Direct Drop,EXW,Air,10-05-11,10/13/2011,03-Feb-12,03-Feb-12,03-Feb-12,HRDT,HIV test,"Trinity Biotech, Plc","HIV 1/2, Uni-Gold HIV Kit, 20 Tests","HIV 1/2, Uni-Gold HIV Kit",Uni-Gold,,Test kit,20,516,16512.00,32,1.6,"Trinity Biotech, Plc",TRUE,174,"$2,061.80 ",27.24
"85,660",106-HT-T30,FPQ-4384,SO-34690,DN-1673,Haiti,PMO - US,From RDC,N/A - From RDC,Air,10/23/2009,N/A - From RDC,15-Mar-10,15-Mar-10,15-Mar-10,ARV,Pediatric,SCMS from RDC,"Efavirenz 50mg, capsule, 30 Caps",Efavirenz,Generic,50mg,Capsule,30,68,152.32,2.24,0.07,"Aurobindo Unit III, India",FALSE,See DN-1673 (ID#:83983),null,0.33
"79,193",106-HT-T30,FPQ-9621,SCMS-147120,ASN-15787,Haiti,PMO - US,Direct Drop,FCA,Air,4/20/2012,06-12-12,08-Aug-12,08-Aug-12,08-Aug-12,ARV,Pediatric,SYSMEX AMERICA INC,"Lopinavir/Ritonavir 100/25mg [Aluvia], tablets, 60 Tabs",Lopinavir/Ritonavir,Generic,100/25mg,Tablet,60,216,1596.24,7.39,0.12,ABBVIE Ludwigshafen Germany,TRUE,24,"$4,059.85 ",2.24
"79,232",107-RW-T30,FPQ-4011,SCMS-50270,ASN-7216,Rwanda,PMO - US,Direct Drop,CIP,Air,7/16/2009,8/31/2009,25-Jun-10,25-Jun-10,25-Jun-10,ARV,Adult,MYLAN LABORATORIES LTD (FORMERLY MATRIX LABORATORIES),"Lamivudine/Tenofovir Disoproxil Fumarate 300/300mg, tablets, 30 Tabs",Lamivudine/Tenofovir Disoproxil Fumarate,Generic,300/300mg,Tablet - FDC,30,"72,091",789396.45,10.95,0.36,Mylan (formerly Matrix) Nashik,TRUE,6842,"$73,790.43 ","1,547.22"
"85,094",114-UG-T30,FPQ-4325,SO-35970,DN-1677,Uganda,PMO - US,From RDC,N/A - From RDC,Air,9/23/2009,N/A - From RDC,19-Mar-10,17-Mar-10,17-Mar-10,ARV,Adult,SCMS from RDC,"Efavirenz 600mg, tablets, 30 Tabs",Efavirenz,Generic,600mg,Tablet,30,"26,697",136955.61,5.13,0.17,"Aurobindo Unit III, India",FALSE,See DN-1677 (ID#:82297),null,268.43
"86,276",111-MZ-T30,FPQ-4711,SO-35720,DN-1679,Mozambique,PMO - US,From RDC,N/A - From RDC,Truck,12/23/2009,N/A - From RDC,28-Apr-10,28-Apr-10,28-Apr-10,ARV,Adult,SCMS from RDC,"Lamivudine/Stavudine 150/30mg, tablets, 60 Tabs",Lamivudine/Stavudine,Generic,150/30mg,Tablet - FDC,60,"1,340",4556.00,3.4,0.06,"Cipla, Goa, India",FALSE,See DN-1679 (ID#:86275),null,9.82
"11,089",111-MZ-T01,Pre-PQ Process,SO-324,DN-17,Mozambique,PMO - US,From RDC,N/A - From RDC,Air,Pre-PQ Process,N/A - From RDC,09-Jan-07,09-Jan-07,09-Jan-07,ARV,Adult,SCMS from RDC,"Lamivudine/Zidovudine+Abacavir 150/300+300mg, tablets, co-blister, 60+60 Tabs",Lamivudine/Zidovudine+Abacavir,Generic,150/300+300mg,Tablet - FDC + co-blister,120,"1,217",69429.85,57.05,0.48,"Aurobindo Unit III, India",FALSE,See DN-17 (ID#:10541),null,
"79,325",104-CI-T30,FPQ-13125,SCMS-215050,ASN-23877,Côte d'Ivoire,PMO - US,Direct Drop,EXW,Air,10/25/2013,12-04-13,24-Jan-14,24-Jan-14,30-Jan-14,HRDT,HIV test,"Orgenics, Ltd","HIV 1/2, Determine Complete HIV Kit, 100 Tests","HIV 1/2, Determine Complete HIV Kit",Determine,,Test kit,100,"3,135",250800.00,80,0.8,"Alere Medical Co., Ltd.",TRUE,1272,"$16,856.60 ",257.82
"11,090",111-MZ-T01,Pre-PQ Process,SO-324,DN-17,Mozambique,PMO - US,From RDC,N/A - From RDC,Air,Pre-PQ Process,N/A - From RDC,09-Jan-07,09-Jan-07,09-Jan-07,ARV,Adult,SCMS from RDC,"Lamivudine/Zidovudine 150/300mg, tablets, 60 Tabs",Lamivudine/Zidovudine,Generic,150/300mg,Tablet - FDC,60,"6,156",68577.84,11.14,0.19,"Aurobindo Unit III, India",FALSE,See DN-17 (ID#:10541),null,
"10,833",112-NG-T01,Pre-PQ Process,SO-557,DN-172,Nigeria,PMO - US,From RDC,N/A - From RDC,,Pre-PQ Process,N/A - From RDC,26-Jun-07,26-Jun-07,26-Jun-07,ARV,Adult,SCMS from RDC,"Nevirapine 200mg, tablets, 60 Tabs",Nevirapine,Generic,200mg,Tablet,60,"1,198",4276.86,3.57,0.06,"Strides, Bangalore, India.",FALSE,See DN-172 (ID#:10566),null,
"12,063",112-NG-T01,Pre-PQ Process,SO-557,DN-172,Nigeria,PMO - US,From RDC,N/A - From RDC,,Pre-PQ Process,N/A - From RDC,26-Jun-07,26-Jun-07,26-Jun-07,ARV,Adult,SCMS from RDC,"Lamivudine/Zidovudine 150/300mg, tablets, 60 Tabs",Lamivudine/Zidovudine,Generic,150/300mg,Tablet - FDC,60,203,2168.04,10.68,0.18,"Aurobindo Unit III, India",FALSE,See DN-172 (ID#:10566),null,
"12,064",112-NG-T01,Pre-PQ Process,SO-557,DN-172,Nigeria,PMO - US,From RDC,N/A - From RDC,,Pre-PQ Process,N/A - From RDC,26-Jun-07,26-Jun-07,26-Jun-07,ARV,Adult,SCMS from RDC,"Lamivudine/Nevirapine/Stavudine 150/200/30mg, tablets, 60 Tabs",Lamivudine/Nevirapine/Stavudine,Generic,150/200/30mg,Tablet - FDC,60,"1,799",13492.50,7.5,0.12,"Cipla, Goa, India",FALSE,See DN-172 (ID#:10566),null,
"79,445",102-SD-T30,FPQ-8264,SCMS-121841,ASN-12829,Sudan,PMO - US,Direct Drop,EXW,Air,09-07-11,9/14/2011,06-Jan-12,06-Jan-12,06-Jan-12,HRDT,HIV test - Ancillary,"Orgenics, Ltd","Capillary Tubes, for Determine, EDTA, 50uL,100 Pcs","HIV, Capillary Tubes, for Determine, EDTA, 50uL,100 Pcs",Determine,,Test kit - Ancillary,100,4,32.00,8,0.08,"Alere Medical Co., Ltd.",TRUE,Weight Captured Separately,$878.34 ,0.05
"83,412",114-UG-T30,FPQ-4325,SO-35660,DN-1752,Uganda,PMO - US,From RDC,N/A - From RDC,Truck,9/23/2009,N/A - From RDC,01-Apr-10,25-Mar-10,25-Mar-10,ARV,Adult,SCMS from RDC,"Lamivudine/Zidovudine 150/300mg, tablets, 60 Tabs",Lamivudine/Zidovudine,Generic,150/300mg,Tablet - FDC,60,118,1033.68,8.76,0.15,Mylan (formerly Matrix) Nashik,FALSE,See DN-1752 (ID#:82311),null,2.03
"79,491",106-HT-T30,FPQ-11285,SCMS-176120,ASN-19476,Haiti,PMO - US,Direct Drop,CIP,Air,1/16/2013,02-05-13,14-May-13,14-May-13,14-May-13,ARV,Adult,MERCK SHARP & DOHME IDEA GMBH (FORMALLY MERCK SHARP & DOHME B.V.),"Raltegravir 400mg [Isentress], tablets, 60 Tabs",Raltegravir,Isentress,400mg,Tablet,60,120,6660.00,55.5,0.92,"MSD, Haarlem, NL",TRUE,11,$260 ,8.24
"83,414",104-CI-T30,FPQ-4378,SO-34370,DN-1759,Côte d'Ivoire,PMO - US,From RDC,N/A - From RDC,Air,10/15/2009,N/A - From RDC,06-Apr-10,01-Apr-10,01-Apr-10,ARV,Adult,SCMS from RDC,"Zidovudine 300mg, tablets, 60 Tabs",Zidovudine,Generic,300mg,Tablet,60,"9,009",67837.77,7.53,0.13,Mylan (formerly Matrix) Nashik,FALSE,See DN-1759 (ID#:82875),null,132.96
"79,521",161-ZA-T30,FPQ-7175,SCMS-103960,ASN-10871,South Africa,PMO - US,Direct Drop,DDP,Ocean,03-10-11,3/28/2011,06-Sep-11,06-Sep-11,06-Sep-11,ARV,Adult,STRIDES ARCOLAB LIMITED,"Lamivudine 150mg, tablets, 60 Tabs",Lamivudine,Generic,150mg,Tablet,60,"440,000",1069200.00,2.43,0.04,"Strides, Bangalore, India.",TRUE,19564,"$33,865.26 ","1,764.18"
"79,597",133-NG-T30,FPQ-14305,SCMS-240830,ASN-27470,Nigeria,PMO - US,Direct Drop,EXW,Air,5/16/2014,06-02-14,19-Aug-14,02-Sep-14,04-Sep-14,HRDT,HIV test,"Orgenics, Ltd","HIV 1/2, Determine Complete HIV Kit, 100 Tests","HIV 1/2, Determine Complete HIV Kit",Determine,,Test kit,100,"5,905",525545.00,89,0.89,"Alere Medical Co., Ltd.",TRUE,2402,"$35,747.28 ",540.26
"79,618",104-CI-T30,FPQ-11294,SCMS-173130,ASN-19138,Côte d'Ivoire,PMO - US,Direct Drop,EXW,Air,12/14/2012,1/15/2013,26-Apr-13,26-Apr-13,26-Apr-13,HRDT,HIV test,"Orgenics, Ltd","HIV 1/2, Determine Complete HIV Kit, 100 Tests","HIV 1/2, Determine Complete HIV Kit",Determine,,Test kit,100,"2,943",235440.00,80,0.8,"Alere Medical Co., Ltd.",TRUE,1280,"$23,270.25 ",291.24
"79,646",109-TZ-T30,FPQ-11427,SCMS-175460,ASN-18603,Tanzania,PMO - US,Direct Drop,EXW,Air,1/15/2013,2/20/2013,23-Apr-13,23-Apr-13,23-Apr-13,ARV,Adult,MYLAN LABORATORIES LTD (FORMERLY MATRIX LABORATORIES),"Atazanavir/Ritonavir 300/100mg, tablets, 30 Tabs",Atazanavir/Ritonavir,Generic,300/100mg,Tablet,30,"12,830",288675.00,22.5,0.75,Mylan (formerly Matrix) Nashik,TRUE,1710,"$8,344.86 ",357.09
"79,648",106-HT-T30,FPQ-13494,SCMS-225411,ASN-25473,Haiti,PMO - US,Direct Drop,EXW,Air,1/21/2014,2/19/2014,15-May-14,15-May-14,20-May-14,HRDT,HIV test,"Orgenics, Ltd","HIV 1/2, Determine Complete HIV Kit, 100 Tests","HIV 1/2, Determine Complete HIV Kit",Determine,,Test kit,100,"4,000",400000.00,100,1,"Alere Medical Co., Ltd.",TRUE,1623,"$15,230.88 ",411.2
"83,415",104-CI-T30,FPQ-4378,SO-34370,DN-1759,Côte d'Ivoire,PMO - US,From RDC,N/A - From RDC,Air,10/15/2009,N/A - From RDC,06-Apr-10,01-Apr-10,01-Apr-10,ARV,Adult,SCMS from RDC,"Tenofovir Disoproxil Fumarate 300mg, tablets, 30 Tabs",Tenofovir Disoproxil Fumarate,Generic,300mg,Tablet,30,250,2035.00,8.14,0.27,Mylan (formerly Matrix) Nashik,FALSE,See DN-1759 (ID#:82875),null,3.99
"79,701",109-TZ-T30,FPQ-12540,SCMS-198780,ASN-20861,Tanzania,PMO - US,Direct Drop,EXW,Air,07-03-13,7/16/2013,24-Sep-13,27-Sep-13,27-Sep-13,ARV,Adult,Aurobindo Pharma Limited,"Lamivudine/Nevirapine/Zidovudine 150/200/300mg, tablets, 60 Tabs",Lamivudine/Nevirapine/Zidovudine,Generic,150/300/200mg,Tablet - FDC,60,"7,255",58983.15,8.13,0.14,"Aurobindo Unit III, India",TRUE,917,"$4,676.61 ",72.96
"79,710",202-GT-T30,FPQ-6964,SCMS-96140,ASN-9516,Guatemala,PMO - US,Direct Drop,FCA,Air,12/29/2010,01-05-11,03-Mar-11,03-Mar-11,03-Mar-11,ARV,Adult,Hoffmann-La Roche ltd Basel,"Saquinavir 500mg [Invirase], tablets, 120 Tabs",Saquinavir,Invirase,500mg,Tablet,120,188,44639.99,237.45,1.98,Roche Madrid,TRUE,33,$660.30 ,73.66
"84,547",114-UG-T30,FPQ-5238,SO-36100,DN-1760,Uganda,PMO - US,From RDC,N/A - From RDC,Air,03-02-10,N/A - From RDC,26-May-10,08-Apr-10,08-Apr-10,ARV,Adult,SCMS from RDC,"Zidovudine 300mg, tablets, 60 Tabs",Zidovudine,Generic,300mg,Tablet,60,50,375.00,7.5,0.12,"Aurobindo Unit III, India",FALSE,See DN-1760 (ID#:82876),null,0.81
"79,757",108-VN-T30,FPQ-7469,SCMS-106480,ASN-11908,Vietnam,PMO - US,Direct Drop,FCA,Air,3/31/2011,4/21/2011,22-Sep-11,22-Sep-11,22-Sep-11,ARV,Adult,ABBVIE LOGISTICS (FORMERLY ABBOTT LOGISTICS BV),"Lopinavir/Ritonavir 200/50mg [Aluvia], tablets, 120 Tabs",Lopinavir/Ritonavir,Aluvia,200/50mg,Tablet,120,"4,951",406972.20,82.2,0.68,ABBVIE Ludwigshafen Germany,TRUE,1232,"$8,108.91 ",671.5
"85,102",114-UG-T30,FPQ-5239,SO-36160,DN-1761,Uganda,PMO - US,From RDC,N/A - From RDC,Air,03-02-10,N/A - From RDC,23-Jun-10,08-Apr-10,08-Apr-10,ARV,Adult,SCMS from RDC,"Lamivudine/Stavudine 150/30mg, tablets, 60 Tabs",Lamivudine/Stavudine,Generic,150/30mg,Tablet - FDC,60,70,238.00,3.4,0.06,"Cipla, Goa, India",FALSE,See DN-1761 (ID#:82312),null,0.51
"84,548",114-UG-T30,FPQ-5238,SO-36080,DN-1765,Uganda,PMO - US,From RDC,N/A - From RDC,Air,03-02-10,N/A - From RDC,26-May-10,12-Apr-10,12-Apr-10,ARV,Adult,SCMS from RDC,"Efavirenz 600mg, tablets, 30 Tabs",Efavirenz,Generic,600mg,Tablet,30,"5,000",25650.00,5.13,0.17,Mylan (formerly Matrix) Nashik,FALSE,See DN-1765 (ID#:82877),null,55.3
"82,879",114-UG-T30,FPQ-5239,SO-36170,DN-1766,Uganda,PMO - US,From RDC,N/A - From RDC,Air,03-02-10,N/A - From RDC,26-May-10,12-Apr-10,12-Apr-10,ARV,Adult,SCMS from RDC,"Nevirapine 200mg, tablets, 60 Tabs",Nevirapine,Generic,200mg,Tablet,60,"4,200",11466.00,2.73,0.05,"Aurobindo Unit III, India",FALSE,See DN-1766 (ID#:82878),null,24.72
"79,803",133-NG-T30,FPQ-14305,SCMS-240830,ASN-27472,Nigeria,PMO - US,Direct Drop,EXW,Air,5/16/2014,06-02-14,19-Aug-14,29-Aug-14,04-Sep-14,HRDT,HIV test,"Orgenics, Ltd","HIV 1/2, Determine Complete HIV Kit, 100 Tests","HIV 1/2, Determine Complete HIV Kit",Determine,,Test kit,100,"5,903",525367.00,89,0.89,"Alere Medical Co., Ltd.",TRUE,3473,"$35,117.35 ",540.08
"86,291",109-TZ-T30,FPQ-5237,SO-36220,DN-1768,Tanzania,PMO - US,From RDC,N/A - From RDC,Air,03-01-10,N/A - From RDC,21-Jul-10,21-Apr-10,21-Apr-10,ARV,Adult,SCMS from RDC,"Nevirapine 200mg, tablets, 60 Tabs",Nevirapine,Generic,200mg,Tablet,60,"3,529",9634.17,2.73,0.05,"Cipla, Goa, India",FALSE,See DN-1768 (ID#:86290),null,20.77
"79,837",104-CI-T30,FPQ-12806,SCMS-206520,ASN-23388,Côte d'Ivoire,PMO - US,Direct Drop,FCA,Air,08-09-13,9/17/2013,10-Jan-14,10-Jan-14,10-Jan-14,ARV,Pediatric,ABBVIE LOGISTICS (FORMERLY ABBOTT LOGISTICS BV),"Lopinavir/Ritonavir 100/25mg [Aluvia], tablets, 60 Tabs",Lopinavir/Ritonavir,Generic,100/25mg,Tablet,60,"4,400",26136.00,5.94,0.1,ABBVIE Ludwigshafen Germany,TRUE,505,"$5,335.60 ",32.33
"86,293",110-ZM-T30,FPQ-4273,SO-33720,DN-1775,Zambia,PMO - US,From RDC,N/A - From RDC,Truck,9/17/2009,N/A - From RDC,30-Apr-10,16-Apr-10,16-Apr-10,ARV,Adult,SCMS from RDC,"Efavirenz 600mg, tablets, 30 Tabs",Efavirenz,Generic,600mg,Tablet,30,"115,000",546250.00,4.75,0.16,Mylan (formerly Matrix) Nashik,FALSE,See DN-1775 (ID#:84550),null,"1,070.65"
"79,861",102-GY-T30,FPQ-8053,SCMS-115810,ASN-11777,Guyana,PMO - US,Direct Drop,EXW,Air,7/13/2011,08-01-11,31-Aug-11,31-Aug-11,31-Aug-11,HRDT,HIV test,"Trinity Biotech, Plc","HIV 1/2, Uni-Gold HIV Kit, 20 Tests","HIV 1/2, Uni-Gold HIV Kit",Uni-Gold,,Test kit,20,"4,588",146816.00,32,1.6,"Trinity Biotech, Plc",TRUE,1573,"$26,710.20 ",242.25
"79,871",133-NG-T30,FPQ-10349,SCMS-155301,ASN-17317,Nigeria,PMO - US,Direct Drop,EXW,Air,7/17/2012,08-10-12,21-Dec-12,21-Dec-12,21-Dec-12,HRDT,HIV test,"Trinity Biotech, Plc","HIV 1/2, Uni-Gold HIV Kit, 20 Tests","HIV 1/2, Uni-Gold HIV Kit",Uni-Gold,,Test kit,20,"6,042",193344.00,32,1.6,"Trinity Biotech, Plc",TRUE,1990,"$23,396.04 ",271.07
"79,879",104-CI-T30,FPQ-13602,SCMS-228050,ASN-26518,Côte d'Ivoire,PMO - US,Direct Drop,EXW,Air,1/22/2014,2/26/2014,24-Jun-14,24-Jun-14,25-Jun-14,HRDT,HIV test,"Orgenics, Ltd","HIV 1/2, Determine Complete HIV Kit, 100 Tests","HIV 1/2, Determine Complete HIV Kit",Determine,,Test kit,100,"1,500",120000.00,80,0.8,"Alere Medical Co., Ltd.",TRUE,606,"$8,158.80 ",123.36
"79,885",113-ZW-T30,FPQ-13939,SCMS-240570,ASN-27582,Zimbabwe,PMO - US,Direct Drop,EXW,Air Charter,04-01-14,5/27/2014,17-Sep-14,17-Sep-14,19-Sep-14,ARV,Adult,HETERO LABS LIMITED,"Lamivudine/Tenofovir Disoproxil Fumarate 300/300mg, tablets, 30 Tabs",Lamivudine/Tenofovir Disoproxil Fumarate,Generic,300/300mg,Tablet - FDC,30,"27,053",124984.86,4.62,0.15,Hetero Unit III Hyderabad IN,TRUE,4598,"$25,467.64 ",128.48
"85,107",151-NG-T30,FPQ-4537,SO-36008,DN-1794,Nigeria,PMO - US,From RDC,N/A - From RDC,Air Charter,11-06-09,N/A - From RDC,31-May-10,18-May-10,18-May-10,ARV,Adult,SCMS from RDC,"Lamivudine/Nevirapine/Zidovudine 150/200/300mg, tablets, 60 Tabs",Lamivudine/Nevirapine/Zidovudine,Generic,150/300/200mg,Tablet - FDC,60,"45,000",504900.00,11.22,0.19,"Aurobindo Unit III, India",FALSE,See DN-1794 (ID#:83421),null,"1,088.56"
"86,296",111-MZ-T30,FPQ-4711,SO-35750,DN-1795,Mozambique,PMO - US,From RDC,N/A - From RDC,Truck,12/23/2009,N/A - From RDC,21-Jun-10,14-Jun-10,14-Jun-10,ARV,Adult,SCMS from RDC,"Lamivudine/Stavudine 150/30mg, tablets, 60 Tabs",Lamivudine/Stavudine,Generic,150/30mg,Tablet - FDC,60,"8,670",29478.00,3.4,0.06,"Cipla, Goa, India",FALSE,See DN-1795 (ID#:82315),null,63.55
"86,297",111-MZ-T30,FPQ-4711,SO-35750,DN-1795,Mozambique,PMO - US,From RDC,N/A - From RDC,Truck,12/23/2009,N/A - From RDC,21-Jun-10,14-Jun-10,14-Jun-10,ARV,Adult,SCMS from RDC,"Zidovudine 300mg, tablets, 60 Tabs",Zidovudine,Generic,300mg,Tablet,60,"5,040",36338.40,7.21,0.12,Hetero Unit III Hyderabad IN,FALSE,See DN-1795 (ID#:82315),null,78.35
"84,561",104-CI-T30,FPQ-4659,SO-35560,DN-1799,Côte d'Ivoire,PMO - US,From RDC,N/A - From RDC,Air,12-08-09,N/A - From RDC,10-May-10,07-May-10,07-May-10,ARV,Adult,SCMS from RDC,"Lamivudine 150mg, tablets, 60 Tabs",Lamivudine,Generic,150mg,Tablet,60,"5,664",13820.16,2.44,0.04,"Aurobindo Unit III, India",FALSE,See DN-1799 (ID#:84560),null,29.8
"85,113",104-CI-T30,FPQ-4659,SO-35560,DN-1799,Côte d'Ivoire,PMO - US,From RDC,N/A - From RDC,Air,12-08-09,N/A - From RDC,10-May-10,07-May-10,07-May-10,ARV,Adult,SCMS from RDC,"Lamivudine 150mg, tablets, 60 Tabs",Lamivudine,Generic,150mg,Tablet,60,"9,316",22731.04,2.44,0.04,"Strides, Bangalore, India.",FALSE,See DN-1799 (ID#:84560),null,49.01
"85,114",104-CI-T30,FPQ-4659,SO-35560,DN-1799,Côte d'Ivoire,PMO - US,From RDC,N/A - From RDC,Air,12-08-09,N/A - From RDC,10-May-10,07-May-10,07-May-10,ARV,Adult,SCMS from RDC,"Abacavir 300mg, tablets, 60 Tabs",Abacavir,Generic,300mg,Tablet,60,"8,150",154850.00,19,0.32,Mylan (formerly Matrix) Nashik,FALSE,See DN-1799 (ID#:84560),null,333.86
"85,115",104-CI-T30,FPQ-4659,SO-35560,DN-1799,Côte d'Ivoire,PMO - US,From RDC,N/A - From RDC,Air,12-08-09,N/A - From RDC,10-May-10,07-May-10,07-May-10,ARV,Pediatric,SCMS from RDC,"Zidovudine 100mg, capsules, 100 Caps",Zidovudine,Generic,100mg,Capsule,100,"6,636",32118.24,4.84,0.05,"Aurobindo Unit III, India",FALSE,See DN-1799 (ID#:84560),null,69.25
"80,070",108-VN-T30,FPQ-6818,SCMS-98053,ASN-11409,Vietnam,PMO - US,Direct Drop,EXW,Air,1/17/2011,2/15/2011,27-Jul-11,27-Jul-11,27-Jul-11,ARV,Adult,MYLAN LABORATORIES LTD (FORMERLY MATRIX LABORATORIES),"Lamivudine/Nevirapine/Zidovudine 150/200/300mg, tablets, 60 Tabs",Lamivudine/Nevirapine/Zidovudine,Generic,150/300/200mg,Tablet - FDC,60,"11,594",127534.00,11,0.18,Mylan (formerly Matrix) Nashik,TRUE,1615,"$9,502.50 ",210.43
"80,072",108-VN-T30,FPQ-11417,SCMS-174360,ASN-19383,Vietnam,PMO - US,Direct Drop,EXW,Air,01-10-13,1/22/2013,28-May-13,28-May-13,28-May-13,ARV,Adult,MICRO LABS LIMITED,"Lamivudine 150mg, tablets, 60 Tabs",Lamivudine,Generic,150mg,Tablet,60,"34,900",63169.00,1.81,0.03,"Micro labs, Verna, Goa, India",TRUE,1588,"$11,413.52 ",78.14
"80,086",901-CM-T30,FPQ-12837,SCMS-204360,ASN-21529,Cameroon,PMO - US,Direct Drop,EXW,Air,8/19/2013,8/23/2013,26-Sep-13,26-Sep-13,26-Sep-13,ARV,Adult,CIPLA LIMITED,"Lamivudine/Zidovudine 150/300mg, tablets, 60 Tabs",Lamivudine/Zidovudine,Generic,150/300mg,Tablet - FDC,60,"7,854",51757.86,6.59,0.11,"Cipla, Goa, India",TRUE,803,"$7,032.50 ",64.02
"80,090",133-NG-T30,FPQ-10349,SCMS-155321,ASN-17165,Nigeria,PMO - US,Direct Drop,EXW,Air,7/17/2012,8/13/2012,28-Nov-12,28-Nov-12,28-Nov-12,HRDT,HIV test,"Orgenics, Ltd","HIV 1/2, Determine Complete HIV Kit, 100 Tests","HIV 1/2, Determine Complete HIV Kit",Determine,,Test kit,100,"1,139",101371.00,89,0.89,"Alere Medical Co., Ltd.",TRUE,542,"$13,117.86 ",142.12
"80,105",114-UG-T30,FPQ-13116,SCMS-212410,ASN-23225,Uganda,PMO - US,Direct Drop,EXW,Air,10/23/2013,10/30/2013,17-Jan-14,17-Jan-14,22-Jan-14,ARV,Pediatric,CIPLA LIMITED,"Lamivudine/Nevirapine/Zidovudine 30/50/60mg, dispersible tablets, 60 Tabs",Lamivudine/Nevirapine/Zidovudine,Generic,30/50/60mg,Chewable/dispersible tablet - FDC,60,"6,200",24800.00,4,0.07,"Cipla, Goa, India",TRUE,597,"$2,905.49 ",25.49
"80,112",133-NG-T30,FPQ-12456,SCMS-196560,ASN-21223,Nigeria,PMO - US,Direct Drop,EXW,Air,06-10-13,07-10-13,18-Sep-13,19-Sep-13,19-Sep-13,HRDT,HIV test,"Orgenics, Ltd","HIV 1/2, Determine Complete HIV Kit, 100 Tests","HIV 1/2, Determine Complete HIV Kit",Determine,,Test kit,100,"3,064",272696.00,89,0.89,"Alere Medical Co., Ltd.",TRUE,1245,"$13,383.47 ",337.32
"80,114",110-ZM-T30,FPQ-4692,SCMS-60730,ASN-6357,Zambia,PMO - US,Direct Drop,EXW,Air,12/16/2009,12/22/2009,29-Mar-10,29-Mar-10,29-Mar-10,HRDT,HIV test,"Trinity Biotech, Plc","HIV 1/2, Uni-Gold HIV Kit, 20 Tests","HIV 1/2, Uni-Gold HIV Kit",Uni-Gold,,Test kit,20,"7,200",230400.00,32,1.6,"Trinity Biotech, Plc",TRUE,2521,"$22,460.87 ",496.74
"85,116",104-CI-T30,FPQ-4659,SO-35560,DN-1799,Côte d'Ivoire,PMO - US,From RDC,N/A - From RDC,Air,12-08-09,N/A - From RDC,10-May-10,07-May-10,07-May-10,ARV,Adult,SCMS from RDC,"Lamivudine 150mg, tablets, 60 Tabs",Lamivudine,Generic,150mg,Tablet,60,"6,000",14640.00,2.44,0.04,Mylan (formerly Matrix) Nashik,FALSE,See DN-1799 (ID#:84560),null,31.56
"86,304",104-CI-T30,FPQ-4659,SO-35560,DN-1799,Côte d'Ivoire,PMO - US,From RDC,N/A - From RDC,Air,12-08-09,N/A - From RDC,10-May-10,07-May-10,07-May-10,ARV,Adult,SCMS from RDC,"Lamivudine/Zidovudine 150/300mg, tablets, 60 Tabs",Lamivudine/Zidovudine,Generic,150/300mg,Tablet - FDC,60,"45,024",384955.20,8.55,0.14,Mylan (formerly Matrix) Nashik,FALSE,See DN-1799 (ID#:84560),null,829.96
"80,167",111-MZ-T30,FPQ-10369,SCMS-157220,ASN-16480,Mozambique,PMO - US,Direct Drop,EXW,Air,7/23/2012,8/22/2012,09-Oct-12,09-Oct-12,09-Oct-12,HRDT,HIV test,"Trinity Biotech, Plc","HIV 1/2, Uni-Gold HIV Kit, 20 Tests","HIV 1/2, Uni-Gold HIV Kit",Uni-Gold,,Test kit,20,427,13664.00,32,1.6,"Trinity Biotech, Plc",TRUE,149,"$3,165.69 ",19.16
"83,998",105-GY-T30,FPQ-5470,SO-36640,DN-1800,Guyana,PMO - US,From RDC,N/A - From RDC,Air,04-07-10,N/A - From RDC,30-Jun-10,27-May-10,27-May-10,ARV,Pediatric,SCMS from RDC,"Zidovudine 100mg, capsules, 100 Caps",Zidovudine,Generic,100mg,Capsule,100,564,2729.76,4.84,0.05,"Aurobindo Unit III, India",FALSE,See DN-1800 (ID#:83422),null,5.89
"84,556",114-UG-T30,FPQ-4495,SO-34940,DN-1801,Uganda,PMO - US,From RDC,N/A - From RDC,Air,10/28/2009,N/A - From RDC,03-May-10,03-May-10,03-May-10,ARV,Adult,SCMS from RDC,"Efavirenz 600mg, tablets, 30 Tabs",Efavirenz,Generic,600mg,Tablet,30,"1,621",7699.75,4.75,0.16,Mylan (formerly Matrix) Nashik,FALSE,See DN-1801 (ID#:83423),null,16.6
"80,217",161-ZA-T30,FPQ-5303,SCMS-68951,ASN-7408,South Africa,PMO - US,Direct Drop,DDP,Air,3/18/2010,3/19/2010,14-Jul-10,14-Jul-10,14-Jul-10,ARV,Pediatric,Aurobindo Pharma Limited,"Lamivudine 10mg/ml, oral solution w/syringe, Bottle, 240 ml",Lamivudine,Generic,10mg/ml,Oral solution,240,"11,644",34932.00,3,0.01,"Aurobindo Unit III, India",TRUE,4442,"$3,283.59 ",75.31
"80,250",108-VN-T30,FPQ-4719,SCMS-62250,ASN-6598,Vietnam,PMO - US,Direct Drop,EXW,Air,01-04-10,01-07-10,17-May-10,17-May-10,17-May-10,ARV,Adult,MYLAN LABORATORIES LTD (FORMERLY MATRIX LABORATORIES),"Tenofovir Disoproxil Fumarate 300mg, tablets, 30 Tabs",Tenofovir Disoproxil Fumarate,Generic,300mg,Tablet,30,"1,344",10080.00,7.5,0.25,Mylan (formerly Matrix) Nashik,TRUE,86,"$3,573.32 ",21.73
"80,270",111-MZ-T30,FPQ-11915,SCMS-185200,ASN-21425,Mozambique,PMO - US,Direct Drop,EXW,Air,3/20/2013,04-11-13,09-Oct-13,09-Oct-13,06-Nov-13,ARV,Adult,STRIDES ARCOLAB LIMITED,"Lamivudine/Stavudine 150/30mg, tablets, 60 Tabs",Lamivudine/Stavudine,Generic,150/30mg,Tablet - FDC,60,"13,168",38450.56,2.92,0.05,"Strides, Bangalore, India.",TRUE,834,"$3,574.24 ",47.56
"11,393",110-ZM-T01,Pre-PQ Process,SO-498,DN-182,Zambia,PMO - US,From RDC,N/A - From RDC,,Pre-PQ Process,N/A - From RDC,14-Jun-07,14-Jun-07,14-Jun-07,ARV,Adult,SCMS from RDC,"Efavirenz 600mg, tablets, 30 Tabs",Efavirenz,Generic,600mg,Tablet,30,"25,874",420711.24,16.26,0.54,"Aurobindo Unit III, India",FALSE,See DN-182 (ID#:10562),null,
"80,299",153-NA-T30,FPQ-8795,SCMS-131110,ASN-14106,Namibia,PMO - US,Direct Drop,EXW,Air,12-05-11,01-12-12,22-Mar-12,22-Mar-12,22-Mar-12,HRDT,HIV test,"Orgenics, Ltd","HIV 1/2, Determine HIV Kit, without Lancets, 100 Tests","HIV 1/2, Determine HIV Kit, without Lancets",Determine,,Test kit,100,150,11655.00,77.7,0.78,Inverness Japan,TRUE,35,$840.46 ,16.34
"80,329",101-CD-T30,FPQ-9884,SCMS-149100,ASN-15470,"Congo, DRC",PMO - US,Direct Drop,EXW,Air,5/31/2012,6/14/2012,07-Dec-12,07-Dec-12,07-Dec-12,ANTM,Malaria,AMSTELFARMA B.V.,"Sulfadoxine/Pyrimethamine 500/25mg, tablets, 1000 Tabs",Sulfadoxine/Pyrimethamine,Generic,500/25mg,Tablet - FDC,"1,000",602,15230.60,25.3,0.03,"Micro Labs, Hosur, India",TRUE,488,"$7,393.13 ",21.35
"84,562",104-CI-T30,FPQ-4659,SO-35600,DN-1825,Côte d'Ivoire,PMO - US,From RDC,N/A - From RDC,Air,12-08-09,N/A - From RDC,31-May-10,20-May-10,20-May-10,ARV,Pediatric,SCMS from RDC,"Stavudine 1mg/ml, powder for oral solution, 200 ml",Stavudine,Generic,1mg/ml,Oral solution,200,"4,550",6370.00,1.4,0.01,"Aurobindo Unit III, India",FALSE,See DN-1825 (ID#:82884),null,13.73
"80,363",114-UG-T30,FPQ-13116,SCMS-220810,ASN-24339,Uganda,PMO - US,Direct Drop,EXW,Air,10/23/2013,12/27/2013,27-Feb-14,27-Feb-14,10-Mar-14,ARV,Pediatric,Aurobindo Pharma Limited,"Nevirapine 50mg, dispersible tablets (tablets for oral suspension), 30 Tabs",Nevirapine,Generic,50mg,Chewable/dispersible tablet,30,"1,200",1500.00,1.25,0.04,"Aurobindo Unit III, India",TRUE,64,$896.35 ,1.54
"80,394",101-CD-T30,FPQ-10044,SCMS-149130,ASN-15970,"Congo, DRC",PMO - US,Direct Drop,EXW,Air,06-05-12,6/27/2012,01-Mar-13,01-Mar-13,01-Mar-13,HRDT,HIV test,"Trinity Biotech, Plc","HIV 1/2, Uni-Gold HIV Kit, 20 Tests","HIV 1/2, Uni-Gold HIV Kit",Uni-Gold,,Test kit,20,292,9344.00,32,1.6,"Trinity Biotech, Plc",TRUE,99,"$2,162.55 ",13.1
"80,399",113-ZW-T30,FPQ-13939,SCMS-240580,ASN-27030,Zimbabwe,PMO - US,Direct Drop,EXW,Air Charter,04-01-14,5/26/2014,23-Jul-14,23-Jul-14,29-Jul-14,ARV,Adult,Aurobindo Pharma Limited,"Lamivudine/Tenofovir Disoproxil Fumarate 300/300mg, tablets, 30 Tabs",Lamivudine/Tenofovir Disoproxil Fumarate,Generic,300/300mg,Tablet - FDC,30,"28,899",134380.35,4.65,0.16,"Aurobindo Unit VII, IN",TRUE,2846,"$19,557.01 ",138.14
"80,423",114-UG-T30,FPQ-6504,SCMS-91720,ASN-9221,Uganda,PMO - US,Direct Drop,EXW,Air,10/31/2010,11/18/2010,31-Dec-10,31-Dec-10,31-Dec-10,ARV,Adult,ASPEN PHARMACARE,"Darunavir 300mg [Prezista], tablets, 120 Tabs",Darunavir,Prezista,300mg,Tablet,120,175,15750.00,90,0.75,"Aspen-OSD, Port Elizabeth, SA",TRUE,37,"$1,333.01 ",25.99
"80,470",108-VN-T30,FPQ-11418,SCMS-176160,ASN-19186,Vietnam,PMO - US,Direct Drop,FCA,Air,1/29/2013,02-11-13,17-May-13,17-May-13,17-May-13,ARV,Adult,ABBVIE LOGISTICS (FORMERLY ABBOTT LOGISTICS BV),"Lopinavir/Ritonavir 200/50mg [Aluvia], tablets, 120 Tabs",Lopinavir/Ritonavir,Aluvia,200/50mg,Tablet,120,"1,114",67753.48,60.82,0.51,ABBVIE Ludwigshafen Germany,TRUE,266,"$6,568.70 ",83.81
"84,563",113-ZW-T30,FPQ-4694,SO-35400,DN-1829,Zimbabwe,PMO - US,From RDC,N/A - From RDC,Truck,12-08-09,N/A - From RDC,31-May-10,31-May-10,31-May-10,ARV,Adult,SCMS from RDC,"Lamivudine/Nevirapine/Stavudine 150/200/30mg, tablets, 60 Tabs",Lamivudine/Nevirapine/Stavudine,Generic,150/200/30mg,Tablet - FDC,60,"112,100",655785.00,5.85,0.1,"Cipla, Goa, India",FALSE,See DN-1829 (ID#:82320),null,"1,413.87"
"80,526",107-RW-T30,FPQ-13853,SCMS-235970,ASN-26932,Rwanda,PMO - US,Direct Drop,FCA,Air,3/25/2014,4/29/2014,16-Jul-14,16-Jul-14,22-Jul-14,ARV,Pediatric,LAWRENCE LABORATORIES (SUBSIDIARY OF BRISTOL MYERS SQUIBB),"Atazanavir 150mg [Reyataz], capsules, 60 Caps",Atazanavir,Reyataz,150mg,Capsule,60,208,7040.80,33.85,0.56,"BMS Evansville, US",TRUE,16,$957.88 ,7.24
"85,672",113-ZW-T30,FPQ-4694,SO-35400,DN-1829,Zimbabwe,PMO - US,From RDC,N/A - From RDC,Truck,12-08-09,N/A - From RDC,31-May-10,31-May-10,31-May-10,ARV,Adult,SCMS from RDC,"Efavirenz 600mg, tablets, 30 Tabs",Efavirenz,Generic,600mg,Tablet,30,"5,900",28025.00,4.75,0.16,"Aurobindo Unit III, India",FALSE,See DN-1829 (ID#:82320),null,60.42
"80,559",114-UG-T30,FPQ-10558,SCMS-160440,ASN-16895,Uganda,PMO - US,Direct Drop,EXW,Air,8/24/2012,9/26/2012,09-Nov-12,09-Nov-12,09-Nov-12,ARV,Adult,MYLAN LABORATORIES LTD (FORMERLY MATRIX LABORATORIES),"Atazanavir/Ritonavir 300/100mg, tablets, 30 Tabs",Atazanavir/Ritonavir,Generic,300/100mg,Tablet,30,170,3825.00,22.5,0.75,Mylan (formerly Matrix) Nashik,TRUE,22,"$1,051.50 ",5.36
"80,616",104-CI-T30,FPQ-6897,SCMS-100980,ASN-10406,Côte d'Ivoire,PMO - US,Direct Drop,FCA,Air,01-05-11,3/24/2011,30-Jun-11,30-Jun-11,30-Jun-11,ARV,Adult,ABBVIE LOGISTICS (FORMERLY ABBOTT LOGISTICS BV),"Lopinavir/Ritonavir 200/50mg [Aluvia], tablets, 120 Tabs",Lopinavir/Ritonavir,Aluvia,200/50mg,Tablet,120,"9,517",320722.90,33.7,0.28,ABBVIE Ludwigshafen Germany,TRUE,2368,"$17,068.85 ",529.19
"80,639",106-HT-T30,FPQ-14895,SCMS-261020,ASN-30367,Haiti,PMO - US,Direct Drop,EXW,Air,9/24/2014,11/14/2014,26-Feb-15,26-Feb-15,27-Feb-15,ARV,Adult,HETERO LABS LIMITED,"Efavirenz 600mg, tablets, 30 Tabs",Efavirenz,Generic,600mg,Tablet,30,"56,352",197232.00,3.5,0.12,"Hetero, Jadcherla, unit 5, IN",TRUE,4792,"$30,046.84 ",202.75
"80,665",900-SZ-T30,FPQ-8386,SCMS-122650,ASN-12532,Swaziland,PMO - US,Direct Drop,EXW,Air,9/14/2011,9/22/2011,16-Nov-11,16-Nov-11,16-Nov-11,ARV,Adult,MYLAN LABORATORIES LTD (FORMERLY MATRIX LABORATORIES),"Efavirenz/Lamivudine/Tenofovir Disoproxil Fumarate 600/300/300mg, tablets, 30 Tabs",Efavirenz/Lamivudine/Tenofovir Disoproxil Fumarate,Generic,600/300/300mg,Tablet - FDC,30,"41,700",587970.00,14.1,0.47,Mylan (formerly Matrix) Nashik,TRUE,4900,"$29,478.42 ",970.15
"80,668",109-TZ-T30,FPQ-12050,SCMS-186890,ASN-19772,Tanzania,PMO - US,Direct Drop,FCA,Air,04-12-13,05-08-13,18-Jul-13,18-Jul-13,18-Jul-13,ARV,Pediatric,ABBVIE LOGISTICS (FORMERLY ABBOTT LOGISTICS BV),"Lopinavir/Ritonavir 100/25mg [Aluvia], tablets, 60 Tabs",Lopinavir/Ritonavir,Generic,100/25mg,Tablet,60,765,4544.10,5.94,0.1,ABBVIE Ludwigshafen Germany,TRUE,84,"$1,396.04 ",5.62
"80,688",104-CI-T30,FPQ-13155,SCMS-217000,ASN-23738,Côte d'Ivoire,PMO - US,Direct Drop,EXW,Air,10/22/2013,12-03-13,17-Jan-14,17-Jan-14,28-Feb-14,ARV,Pediatric,Aurobindo Pharma Limited,"Zidovudine 100mg, capsules, 100 Caps",Zidovudine,Generic,100mg,Capsule,100,650,2925.00,4.5,0.04,"Aurobindo Unit III, India",TRUE,72,"$1,766.56 ",3.01
"80,699",133-NG-T30,FPQ-10765,SCMS-162440,ASN-18602,Nigeria,PMO - US,Direct Drop,EXW,Air,10-05-12,10/16/2012,09-Jan-13,20-Mar-13,20-Mar-13,HRDT,HIV test,"Orgenics, Ltd","HIV 1/2, Determine Complete HIV Kit, 100 Tests","HIV 1/2, Determine Complete HIV Kit",Determine,,Test kit,100,"2,933",261037.00,89,0.89,"Alere Medical Co., Ltd.",TRUE,1271,"$26,859.39 ",365.97
"86,305",113-ZW-T30,FPQ-4472,SO-35910,DN-1831,Zimbabwe,PMO - US,From RDC,N/A - From RDC,Air,3/17/2009,N/A - From RDC,28-May-10,31-May-10,31-May-10,ARV,Adult,SCMS from RDC,"Lamivudine/Nevirapine/Stavudine 150/200/30mg, tablets, 60 Tabs",Lamivudine/Nevirapine/Stavudine,Generic,150/200/30mg,Tablet - FDC,60,"28,610",167368.50,5.85,0.1,"Strides, Bangalore, India.",FALSE,See DN-1831 (ID#:84564),null,328.04
"84,003",111-MZ-T30,FPQ-4711,SO-35730,DN-1832,Mozambique,PMO - US,From RDC,N/A - From RDC,Truck,12/23/2009,N/A - From RDC,30-Jun-10,14-Jun-10,14-Jun-10,ARV,Adult,SCMS from RDC,"Lamivudine/Nevirapine/Zidovudine 150/200/300mg, tablets, 60 Tabs",Lamivudine/Nevirapine/Zidovudine,Generic,150/300/200mg,Tablet - FDC,60,"46,000",516120.00,11.22,0.19,Mylan (formerly Matrix) Nashik,FALSE,See DN-1832 (ID#:82321),null,"1,112.75"
"80,730",113-ZW-T30,FPQ-13939,SCMS-234760,ASN-25888,Zimbabwe,PMO - US,Direct Drop,EXW,Air Charter,04-01-14,04-11-14,14-Jun-14,14-Jun-14,16-Jun-14,ARV,Adult,STRIDES ARCOLAB LIMITED,"Nevirapine 200mg, tablets, 60 Tabs",Nevirapine,Generic,200mg,Tablet,60,"7,000",15400.00,2.2,0.04,"Strides, Bangalore, India.",TRUE,437,"$11,814.57 ",15.83
"80,767",161-ZA-T30,FPQ-6262,SCMS-84200,ASN-9692,South Africa,PMO - US,Direct Drop,DDP,Ocean,8/31/2010,9/21/2010,23-Feb-11,11-Mar-11,11-Mar-11,ARV,Adult,CIPLA LIMITED,"Tenofovir Disoproxil Fumarate 300mg, tablets, 30 Tabs",Tenofovir Disoproxil Fumarate,Generic,300mg,Tablet,30,"12,722",89435.66,7.03,0.23,"Cipla, Goa, India",TRUE,875,"$6,038.22 ",192.82
"80,804",110-ZM-T30,FPQ-12634,SCMS-201920,ASN-21906,Zambia,PMO - US,Direct Drop,EXW,Air,7/17/2013,08-06-13,06-Nov-13,06-Nov-13,06-Nov-13,HRDT,HIV test,"Orgenics, Ltd","HIV 1/2, Determine Complete HIV Kit, 100 Tests","HIV 1/2, Determine Complete HIV Kit",Determine,,Test kit,100,"4,000",320000.00,80,0.8,"Alere Medical Co., Ltd.",TRUE,1623,"$20,644.03 ",395.84
"86,306",111-MZ-T30,FPQ-4711,SO-35730,DN-1832,Mozambique,PMO - US,From RDC,N/A - From RDC,Truck,12/23/2009,N/A - From RDC,30-Jun-10,14-Jun-10,14-Jun-10,ARV,Adult,SCMS from RDC,"Lamivudine/Nevirapine/Zidovudine 150/200/300mg, tablets, 60 Tabs",Lamivudine/Nevirapine/Zidovudine,Generic,150/300/200mg,Tablet - FDC,60,"13,446",150864.12,11.22,0.19,Mylan (formerly Matrix) Nashik,FALSE,See DN-1832 (ID#:82321),null,325.26
"85,673",106-HT-T30,FPQ-4384,SO-34650,DN-1833,Haiti,PMO - US,From RDC,N/A - From RDC,Air,10/23/2009,N/A - From RDC,19-May-10,19-May-10,19-May-10,ARV,Adult,SCMS from RDC,"Efavirenz 600mg, tablets, 30 Tabs",Efavirenz,Generic,600mg,Tablet,30,"6,576",31236.00,4.75,0.16,"Strides, Bangalore, India.",FALSE,See DN-1833 (ID#:84565),null,67.34
"80,860",104-CI-T30,FPQ-4381,SCMS-57610,ASN-5992,Côte d'Ivoire,PMO - US,Direct Drop,FCA,Air,11-05-09,11/23/2009,08-Feb-10,08-Feb-10,08-Feb-10,ARV,Adult,ABBVIE LOGISTICS (FORMERLY ABBOTT LOGISTICS BV),"Lopinavir/Ritonavir 200/50mg [Aluvia], tablets, 120 Tabs",Lopinavir/Ritonavir,Aluvia,200/50mg,Tablet,120,"6,000",216960.00,36.16,0.3,ABBVIE Ludwigshafen Germany,TRUE,1523,"$10,051.89 ",425.24
"80,864",110-ZM-T30,FPQ-14130,SCMS-239730,ASN-30242,Zambia,PMO - US,Direct Drop,EXW,Air,4/22/2014,5/19/2014,05-May-15,05-May-15,14-May-15,HRDT,HIV test,"Orgenics, Ltd","HIV 1/2, Determine Complete HIV Kit, 100 Tests","HIV 1/2, Determine Complete HIV Kit",Determine,,Test kit,100,"6,137",490960.00,80,0.8,"Alere Medical Co., Ltd.",TRUE,2492,"$32,728.96 ",504.71
"80,872",104-CI-T30,FPQ-12622,SCMS-201212,ASN-25596,Côte d'Ivoire,PMO - US,Direct Drop,EXW,Air,7/16/2013,8/15/2013,30-Apr-14,30-Apr-14,02-May-14,HRDT,HIV test,"Standard Diagnostics, Inc.","HIV 1/2, Bioline 3.0 Kit, Lancets, Capillary pipets, Alcohol swabs included, 25 Tests","HIV 1/2, Bioline 3.0 Kit, Lancets, Capillary pipets, Alcohol swabs included",Bioline,,Test kit,25,"1,400",28700.00,20.5,0.82,"Standard Diagnostics, Korea",TRUE,469,"$5,463.16 ",35.5
"84,566",106-HT-T30,FPQ-4384,SO-34660,DN-1837,Haiti,PMO - US,From RDC,N/A - From RDC,Air,10/23/2009,N/A - From RDC,31-May-10,01-Jun-10,01-Jun-10,ARV,Adult,SCMS from RDC,"Lamivudine/Zidovudine 150/300mg, tablets, 60 Tabs",Lamivudine/Zidovudine,Generic,150/300mg,Tablet - FDC,60,"14,875",130305.00,8.76,0.15,Mylan (formerly Matrix) Nashik,FALSE,See DN-1837 (ID#:83429),null,280.94
"83,430",105-GY-T30,FPQ-5599,SO-36700,DN-1838,Guyana,PMO - US,From RDC,N/A - From RDC,Air,4/28/2010,N/A - From RDC,07-Jun-10,27-May-10,27-May-10,ARV,Adult,SCMS from RDC,"Lamivudine 150mg, tablets, 60 Tabs",Lamivudine,Generic,150mg,Tablet,60,126,307.44,2.44,0.04,"Strides, Bangalore, India.",FALSE,See DN-1838 (ID#:82887),null,0.66
"85,117",105-GY-T30,FPQ-5599,SO-36700,DN-1838,Guyana,PMO - US,From RDC,N/A - From RDC,Air,4/28/2010,N/A - From RDC,07-Jun-10,27-May-10,27-May-10,ARV,Adult,SCMS from RDC,"Nevirapine 200mg, tablets, 60 Tabs",Nevirapine,Generic,200mg,Tablet,60,"1,815",4827.90,2.66,0.04,"Aurobindo Unit III, India",FALSE,See DN-1838 (ID#:82887),null,10.41
"12,364",111-MZ-T01,Pre-PQ Process,SO-578,DN-184,Mozambique,PMO - US,From RDC,N/A - From RDC,Air,Pre-PQ Process,N/A - From RDC,11-Jul-07,11-Jul-07,11-Jul-07,ARV,Adult,SCMS from RDC,"Abacavir/Lamivudine/Zidovudine 300/150/300mg [Trizivir], tablets, 60 Tabs",Abacavir/Lamivudine/Zidovudine,Trizivir,300/150/300mg,Tablet - FDC,60,"1,171",81970.00,70,1.17,GSK Ware (UK),FALSE,See DN-184 (ID#:12060),null,
"84,568",106-HT-T30,FPQ-4384,SO-34640,DN-1842,Haiti,PMO - US,From RDC,N/A - From RDC,Air,10/23/2009,N/A - From RDC,02-Jun-10,09-Jun-10,09-Jun-10,ARV,Adult,SCMS from RDC,"Stavudine 20mg, capsules, 60 Caps",Stavudine,Generic,20mg,Capsule,60,168,240.24,1.43,0.02,"Aurobindo Unit III, India",FALSE,See DN-1842 (ID#:84007),null,0.52
"81,018",103-ZW-T30,FPQ-9905,SCMS-149120,ASN-19611,Zimbabwe,PMO - US,Direct Drop,FCA,Air,5/29/2012,7/18/2012,19-Jun-13,19-Jun-13,19-Jun-13,ARV,Pediatric,ABBVIE LOGISTICS (FORMERLY ABBOTT LOGISTICS BV),"Lopinavir/Ritonavir 80/20mg/ml [Kaletra], oral solution, cool, Bottle 5 x 60 ml",Lopinavir/Ritonavir,Kaletra,80/20mg/ml,Oral solution,300,"2,346",72303.72,30.82,0.1,ABBVIE (Abbott) Logis. UK,TRUE,2172,"$31,073.95 ",101.37
"81,020",151-NG-T30,FPQ-5035,SCMS-67010,ASN-6723,Nigeria,PMO - US,Direct Drop,FCA,Air,2/15/2010,03-09-10,17-May-10,17-May-10,17-May-10,ARV,Adult,ABBVIE LOGISTICS (FORMERLY ABBOTT LOGISTICS BV),"Ritonavir 100mg [Norvir], capsules, cool, 4 x 84 Caps",Ritonavir,Norvir,100mg,Capsule,336,50,1918.00,38.36,0.11,ABBVIE (Abbott) Logis. UK,TRUE,154,"$1,176.03 ",4.14
"81,031",107-RW-T30,FPQ-14813,SCMS-260920,ASN-31240,Rwanda,PMO - US,Direct Drop,FCA,Air,10-09-14,12/15/2014,26-Mar-15,26-Mar-15,26-Mar-15,ARV,Pediatric,ABBVIE LOGISTICS (FORMERLY ABBOTT LOGISTICS BV),"Lopinavir/Ritonavir 80/20mg/ml [Kaletra], oral solution, cool, Bottle 5 x 60 ml",Lopinavir/Ritonavir,Kaletra,80/20mg/ml,Oral solution,300,86,2650.52,30.82,0.1,ABBVIE (Abbott) Logis. UK,TRUE,100,"$1,952.77 ",2.72
"81,050",114-UG-T30,FPQ-12477,SCMS-198701,ASN-21881,Uganda,PMO - US,Direct Drop,EXW,Ocean,07-08-13,09-10-13,07-Nov-13,07-Nov-13,13-Nov-13,ARV,Adult,STRIDES ARCOLAB LIMITED,"Efavirenz 600mg, tablets, 30 Tabs",Efavirenz,Generic,600mg,Tablet,30,"63,652",203049.88,3.19,0.11,"Strides, Bangalore, India.",TRUE,3963,"$12,961.76 ",251.17
"85,118",106-HT-T30,FPQ-4384,SO-34640,DN-1842,Haiti,PMO - US,From RDC,N/A - From RDC,Air,10/23/2009,N/A - From RDC,02-Jun-10,09-Jun-10,09-Jun-10,ARV,Adult,SCMS from RDC,"Lamivudine 150mg, tablets, 60 Tabs",Lamivudine,Generic,150mg,Tablet,60,"8,520",19851.60,2.33,0.04,"Strides, Bangalore, India.",FALSE,See DN-1842 (ID#:84007),null,42.8
"85,674",106-HT-T30,FPQ-4384,SO-34640,DN-1842,Haiti,PMO - US,From RDC,N/A - From RDC,Air,10/23/2009,N/A - From RDC,02-Jun-10,09-Jun-10,09-Jun-10,ARV,Pediatric,SCMS from RDC,"Abacavir 20mg/ml, oral solution, Bottle, 240 ml",Abacavir,Generic,20mg/ml,Oral solution,240,256,3481.60,13.6,0.06,"Aurobindo Unit III, India",FALSE,See DN-1842 (ID#:84007),null,7.51
"85,675",106-HT-T30,FPQ-4384,SO-34640,DN-1842,Haiti,PMO - US,From RDC,N/A - From RDC,Air,10/23/2009,N/A - From RDC,02-Jun-10,09-Jun-10,09-Jun-10,ARV,Pediatric,SCMS from RDC,"Efavirenz 200mg, capsule, 90 Caps",Efavirenz,Generic,200mg,Capsule,90,168,1631.28,9.71,0.11,"Aurobindo Unit III, India",FALSE,See DN-1842 (ID#:84007),null,3.52
"81,121",104-CI-T30,FPQ-14372,SCMS-250210,ASN-29261,Côte d'Ivoire,PMO - US,Direct Drop,EXW,Air,06-03-14,7/31/2014,01-Dec-14,01-Dec-14,01-Dec-14,ARV,Adult,MYLAN LABORATORIES LTD (FORMERLY MATRIX LABORATORIES),"Atazanavir/Ritonavir 300/100mg, tablets, 30 Tabs",Atazanavir/Ritonavir,Generic,300/100mg,Tablet,30,"1,000",20000.00,20,0.67,Mylan (formerly Matrix) Nashik,TRUE,140,"$2,782.77 ",20.56
"81,132",104-CI-T30,FPQ-11263,SCMS-174540,ASN-18253,Côte d'Ivoire,PMO - US,Direct Drop,FCA,Air,12/14/2012,1/24/2013,27-Feb-13,27-Feb-13,27-Feb-13,ARV,Pediatric,ABBVIE LOGISTICS (FORMERLY ABBOTT LOGISTICS BV),"Lopinavir/Ritonavir 80/20mg/ml [Kaletra], oral solution, cool, Bottle 5 x 60 ml",Lopinavir/Ritonavir,Kaletra,80/20mg/ml,Oral solution,300,320,9862.40,30.82,0.1,ABBVIE (Abbott) Logis. UK,TRUE,326,"$3,852.86 ",12.2
"81,197",144-BW-T30,FPQ-4167,SCMS-54160,ASN-5246,Botswana,PMO - US,Direct Drop,EXW,Air,09-09-09,9/30/2009,23-Nov-09,23-Nov-09,23-Nov-09,HRDT,HIV test - Ancillary,Orasure Technologies Inc.,"#109435**HIV, OraQuick Controls Kit, 3 Vials","HIV, OraQuick Controls Kit, 3 Vials",OraQuick,,Test kit - Ancillary,3,10,250.00,25,8.33,"Orasure Technologies, Inc USA",TRUE,6,$337.89 ,0.49
"85,119",106-HT-T30,FPQ-5523,SO-36740,DN-1847,Haiti,PMO - US,From RDC,N/A - From RDC,Air,4/19/2010,N/A - From RDC,30-Jun-10,09-Jun-10,09-Jun-10,ARV,Pediatric,SCMS from RDC,"Efavirenz 200mg, capsule, 90 Caps",Efavirenz,Generic,200mg,Capsule,90,"1,176",11842.32,10.07,0.11,"Aurobindo Unit III, India",FALSE,See DN-1847 (ID#:82889),null,25.53
"85,120",106-HT-T30,FPQ-5523,SO-36740,DN-1847,Haiti,PMO - US,From RDC,N/A - From RDC,Air,4/19/2010,N/A - From RDC,30-Jun-10,09-Jun-10,09-Jun-10,ARV,Adult,SCMS from RDC,"Stavudine 20mg, capsules, 60 Caps",Stavudine,Generic,20mg,Capsule,60,504,720.72,1.43,0.02,"Aurobindo Unit III, India",FALSE,See DN-1847 (ID#:82889),null,1.55
"84,569",114-UG-T30,FPQ-5239,SO-36130,DN-1856,Uganda,PMO - US,From RDC,N/A - From RDC,Air,03-02-10,N/A - From RDC,30-Jun-10,22-Jun-10,22-Jun-10,ARV,Adult,SCMS from RDC,"Lamivudine/Zidovudine 150/300mg, tablets, 60 Tabs",Lamivudine/Zidovudine,Generic,150/300mg,Tablet - FDC,60,700,6132.00,8.76,0.15,Hetero Unit III Hyderabad IN,FALSE,See DN-1856 (ID#:82891),null,13.22
"86,308",117-ET-T30,FPQ-5581,SO-36690,DN-1857,Ethiopia,PMO - US,From RDC,N/A - From RDC,Air,4/28/2010,N/A - From RDC,21-Jun-10,01-Jun-10,01-Jun-10,ARV,Adult,SCMS from RDC,"Lamivudine 150mg, tablets, 60 Tabs",Lamivudine,Generic,150mg,Tablet,60,"1,481",3613.64,2.44,0.04,Mylan (formerly Matrix) Nashik,FALSE,See DN-1857 (ID#:82892),null,7.79
"81,293",102-KE-T30,FPQ-4250,SCMS-55900,ASN-5689,Kenya,PMO - US,Direct Drop,EXW,Air,9/16/2009,10/23/2009,07-Jan-10,07-Jan-10,07-Jan-10,HRDT,HIV test,"Standard Diagnostics, Inc.","HIV 1/2, Bioline 3.0 Kit, Lancets, Capillary pipets, Alcohol swabs included, 25 Tests","HIV 1/2, Bioline 3.0 Kit, Lancets, Capillary pipets, Alcohol swabs included",Bioline,,Test kit,25,"8,525",170500.00,20,0.8,"Standard Diagnostics, Korea",TRUE,2842,"$21,825.60 ",334.18
"82,327",104-CI-T30,FPQ-4659,SO-35580,DN-1867,Côte d'Ivoire,PMO - US,From RDC,N/A - From RDC,Air,12-08-09,N/A - From RDC,28-Jun-10,21-Jun-10,21-Jun-10,ARV,Adult,SCMS from RDC,"Stavudine 20mg, capsules, 60 Caps",Stavudine,Generic,20mg,Capsule,60,"1,620",2316.60,1.43,0.02,"Aurobindo Unit III, India",FALSE,See DN-1867 (ID#:82326),null,4.99
"81,358",103-ZW-T30,FPQ-9905,SCMS-148290,ASN-16418,Zimbabwe,PMO - US,Direct Drop,FCA,Air,5/29/2012,7/18/2012,08-Nov-12,08-Nov-12,08-Nov-12,ARV,Pediatric,ABBVIE LOGISTICS (FORMERLY ABBOTT LOGISTICS BV),"Lopinavir/Ritonavir 80/20mg/ml [Kaletra], oral solution, cool, Bottle 5 x 60 ml",Lopinavir/Ritonavir,Kaletra,80/20mg/ml,Oral solution,300,"1,500",46230.00,30.82,0.1,ABBVIE (Abbott) Logis. UK,TRUE,1374,"$15,504.40 ",64.81
"84,571",104-CI-T30,FPQ-4659,SO-35590,DN-1868,Côte d'Ivoire,PMO - US,From RDC,N/A - From RDC,Air,12-08-09,N/A - From RDC,30-Jun-10,21-Jun-10,21-Jun-10,ARV,Pediatric,SCMS from RDC,"Efavirenz 50mg, capsule, 30 Caps",Efavirenz,Generic,50mg,Capsule,30,"1,596",3575.04,2.24,0.07,"Aurobindo Unit III, India",FALSE,See DN-1868 (ID#:83435),null,7.71
"81,380",161-ZA-T30,FPQ-5303,SCMS-68910,ASN-7470,South Africa,PMO - US,Direct Drop,DDP,Air,3/18/2010,3/19/2010,24-Aug-10,24-Aug-10,24-Aug-10,ARV,Adult,Aurobindo Pharma Limited,"Efavirenz 600mg, tablets, 30 Tabs",Efavirenz,Generic,600mg,Tablet,30,"53,234",248602.78,4.67,0.16,"Aurobindo Unit III, India",TRUE,4507,"$5,886.96 ",535.99
"11,724",113-ZW-T01,Pre-PQ Process,SO-279,DN-187,Zimbabwe,PMO - US,From RDC,N/A - From RDC,,Pre-PQ Process,N/A - From RDC,12-Jun-07,12-Jun-07,12-Jun-07,ARV,Adult,SCMS from RDC,"Zidovudine 300mg, tablets, 60 Tabs",Zidovudine,Generic,300mg,Tablet,60,534,5217.18,9.77,0.16,"Ranbaxy, Paonta Shahib, India",FALSE,See DN-187 (ID#:10825),null,8.35
"81,405",105-GH-T30,FPQ-13809,SCMS-234030,ASN-26372,Ghana,PMO - US,Direct Drop,EXW,Air,03-07-14,05-09-14,12-Jun-14,12-Jun-14,12-Jun-14,ARV,Pediatric,Aurobindo Pharma Limited,"Efavirenz 50mg, capsule, 30 Caps",Efavirenz,Generic,50mg,Capsule,30,"14,802",23091.12,1.56,0.05,"Aurobindo Unit III, India",TRUE,951,"$7,326.62 ",23.74
"81,421",161-ZA-T30,FPQ-6262,SCMS-84210,ASN-9173,South Africa,PMO - US,Direct Drop,DDP,Ocean,8/31/2010,9/21/2010,09-Feb-11,09-Feb-11,09-Feb-11,ARV,Adult,CIPLA LIMITED,"Tenofovir Disoproxil Fumarate 300mg, tablets, 30 Tabs",Tenofovir Disoproxil Fumarate,Generic,300mg,Tablet,30,"58,423",410713.69,7.03,0.23,"Cipla, Goa, India",TRUE,4007,"$6,639.33 ",885.5
"82,894",106-HT-T30,FPQ-5523,SO-36800,DN-1871,Haiti,PMO - US,From RDC,N/A - From RDC,Air,4/19/2010,N/A - From RDC,12-Jul-10,30-Jun-10,30-Jun-10,ARV,Pediatric,SCMS from RDC,"Zidovudine 10mg/ml, oral solution, Bottle, 240 ml",Zidovudine,Generic,10mg/ml,Oral solution,240,"4,448",8984.96,2.02,0.01,"Aurobindo Unit III, India",FALSE,See DN-1871 (ID#:82328),null,19.37
"83,436",104-CI-T30,FPQ-5201,SO-36340,DN-1873,Côte d'Ivoire,PMO - US,From RDC,N/A - From RDC,Air,03-03-10,N/A - From RDC,12-Jul-10,30-Jun-10,30-Jun-10,ARV,Pediatric,SCMS from RDC,"Zidovudine 10mg/ml, oral solution, Bottle, 240 ml",Zidovudine,Generic,10mg/ml,Oral solution,240,"7,284",14713.68,2.02,0.01,"Aurobindo Unit III, India",FALSE,See DN-1873 (ID#:82329),null,31.72
"81,456",106-HT-T30,FPQ-15102,SCMS-260790,ASN-31235,Haiti,PMO - US,Direct Drop,EXW,Air,10-10-14,11-05-14,21-Apr-15,21-Apr-15,28-Apr-15,HRDT,HIV test,"SHANGHAI KEHUA BIOENGINEERING CO.,LTD.  (KHB)","HIV 1/2, SKB Colloidal Gold, Diagnostic Kit, Antibody, 50 Tests","HIV 1/2, Colloidal Gold, Diagnostic Kit, Antibody",Colloidal Gold,,Test kit,1,"1,600",39200.00,24.5,24.5,"KHB Test Kit Facility, Shanghai China",TRUE,1130,"$10,893.85 ",46.14
"81,477",161-ZA-T30,FPQ-5648,SCMS-76020,ASN-8901,South Africa,PMO - US,Direct Drop,DDP,Ocean,06-02-10,6/17/2010,03-Dec-10,03-Dec-10,03-Dec-10,ARV,Adult,Aurobindo Pharma Limited,"Lamivudine 150mg, tablets, 60 Tabs",Lamivudine,Generic,150mg,Tablet,60,"75,000",181500.00,2.42,0.04,"Aurobindo Unit III, India",TRUE,2915,"$6,012.42 ",391.31
"81,495",106-HT-T30,FPQ-6194,SCMS-85980,ASN-8600,Haiti,PMO - US,Direct Drop,EXW,Air,08-07-10,9/24/2010,12-Nov-10,12-Nov-10,12-Nov-10,HRDT,HIV test,"SHANGHAI KEHUA BIOENGINEERING CO.,LTD.  (KHB)","HIV 1/2, SKB Colloidal Gold, Diagnostic Kit, Antibody, 50 Tests","HIV 1/2, Colloidal Gold, Diagnostic Kit, Antibody",Colloidal Gold,,Test kit,1,40,920.00,23,23,"KHB Test Kit Facility, Shanghai China",TRUE,30,$835.01 ,1.98
"81,496",108-VN-T30,FPQ-12539,SCMS-199750,ASN-22800,Vietnam,PMO - US,Direct Drop,EXW,Air,07-11-13,7/25/2013,13-Dec-13,13-Dec-13,13-Dec-13,ARV,Adult,CIPLA LIMITED,"Lamivudine/Nevirapine/Zidovudine 150/200/300mg, tablets, 60 Tabs",Lamivudine/Nevirapine/Zidovudine,Generic,150/300/200mg,Tablet - FDC,60,"6,238",50527.80,8.1,0.13,"Cipla, Goa, India",TRUE,866,"$1,464.24 ",62.5
"82,331",110-ZM-T30,FPQ-5702,SO-36850,DN-1875,Zambia,PMO - US,From RDC,N/A - From RDC,Truck,5/20/2010,N/A - From RDC,04-Nov-10,29-Jun-10,29-Jun-10,ARV,Adult,SCMS from RDC,"Efavirenz 600mg, tablets, 30 Tabs",Efavirenz,Generic,600mg,Tablet,30,"19,454",89488.40,4.6,0.15,"Aurobindo Unit III, India",FALSE,See DN-1875 (ID#:82330),null,192.94
"81,521",161-ZA-T30,FPQ-6262,SCMS-84210,ASN-9694,South Africa,PMO - US,Direct Drop,DDP,Ocean,8/31/2010,9/21/2010,09-Feb-11,14-Mar-11,14-Mar-11,ARV,Adult,CIPLA LIMITED,"Tenofovir Disoproxil Fumarate 300mg, tablets, 30 Tabs",Tenofovir Disoproxil Fumarate,Generic,300mg,Tablet,30,"57,577",404766.31,7.03,0.23,"Cipla, Goa, India",TRUE,3950,"$6,639.35 ",872.68
"81,535",106-HT-T30,FPQ-13494,SCMS-225421,ASN-25828,Haiti,PMO - US,Direct Drop,EXW,Air,1/21/2014,2/19/2014,23-Jun-14,23-Jun-14,01-Jul-14,HRDT,HIV test,"SHANGHAI KEHUA BIOENGINEERING CO.,LTD.  (KHB)","HIV 1/2, SKB Colloidal Gold, Diagnostic Kit, Antibody, 50 Tests","HIV 1/2, Colloidal Gold, Diagnostic Kit, Antibody",Colloidal Gold,,Test kit,1,350,8575.00,24.5,24.5,"KHB Test Kit Facility, Shanghai China",TRUE,240,"$2,836.14 ",8.82
"81,540",104-CI-T30,FPQ-13602,SCMS-228020,ASN-27955,Côte d'Ivoire,PMO - US,Direct Drop,EXW,Air,1/22/2014,2/26/2014,04-Sep-14,04-Sep-14,10-Sep-14,HRDT,HIV test,"Standard Diagnostics, Inc.","HIV 1/2, Bioline 3.0 Kit, Lancets, Capillary pipets, Alcohol swabs included, 25 Tests","HIV 1/2, Bioline 3.0 Kit, Lancets, Capillary pipets, Alcohol swabs included",Bioline,,Test kit,25,350,7175.00,20.5,0.82,"Standard Diagnostics, Korea",TRUE,111,"$1,857.39 ",7.38
"81,579",103-KE-T30,FPQ-10018,SCMS-149610,ASN-15670,Kenya,PMO - US,Direct Drop,EXW,Air,06-05-12,6/14/2012,09-Jul-12,30-Jul-12,30-Jul-12,HRDT,HIV test,"Orgenics, Ltd","HIV 1/2, Determine Complete HIV Kit, 100 Tests","HIV 1/2, Determine Complete HIV Kit",Determine,,Test kit,100,4,356.00,89,0.89,"Alere Medical Co., Ltd.",TRUE,1413,"$15,387.63 ",0.5
"84,012",110-ZM-T30,FPQ-5702,SO-36850,DN-1875,Zambia,PMO - US,From RDC,N/A - From RDC,Truck,5/20/2010,N/A - From RDC,04-Nov-10,29-Jun-10,29-Jun-10,ARV,Adult,SCMS from RDC,"Efavirenz 600mg, tablets, 30 Tabs",Efavirenz,Generic,600mg,Tablet,30,"100,000",460000.00,4.6,0.15,Hetero Unit III Hyderabad IN,FALSE,See DN-1875 (ID#:82330),null,991.76
"81,603",110-ZM-T30,FPQ-14130,SCMS-239720,ASN-26571,Zambia,PMO - US,Direct Drop,EXW,Air,4/22/2014,5/19/2014,23-Jul-14,23-Jul-14,17-Sep-14,HRDT,HIV test,"Orgenics, Ltd","HIV 1/2, Determine Complete HIV Kit, 100 Tests","HIV 1/2, Determine Complete HIV Kit",Determine,,Test kit,100,"8,000",640000.00,80,0.8,"Alere Medical Co., Ltd.",TRUE,3247,"$41,461.10 ",657.92
"81,627",108-VN-T30,FPQ-7427,SCMS-105510,ASN-11735,Vietnam,PMO - US,Direct Drop,EXW,Air,3/31/2011,4/14/2011,13-Sep-11,13-Sep-11,13-Sep-11,ARV,Adult,HETERO LABS LIMITED,"Efavirenz 600mg, tablets, 30 Tabs",Efavirenz,Generic,600mg,Tablet,30,"30,000",123900.00,4.13,0.14,Hetero Unit III Hyderabad IN,TRUE,2957,"$14,589.33 ",204.44
"85,678",104-CI-T30,FPQ-5201,SO-36350,DN-1878,Côte d'Ivoire,PMO - US,From RDC,N/A - From RDC,Air,03-03-10,N/A - From RDC,09-Jul-10,05-Jul-10,05-Jul-10,ARV,Pediatric,SCMS from RDC,"Abacavir 20mg/ml, oral solution, Bottle, 240 ml",Abacavir,Generic,20mg/ml,Oral solution,240,448,6092.80,13.6,0.06,"Aurobindo Unit III, India",FALSE,See DN-1878 (ID#:84572),null,13.14
"11,133",112-NG-T01,Pre-PQ Process,SO-663,DN-190,Nigeria,PMO - US,From RDC,N/A - From RDC,,Pre-PQ Process,N/A - From RDC,26-Jun-07,26-Jun-07,26-Jun-07,ARV,Adult,SCMS from RDC,"Stavudine 30mg, capsules, 60 Caps",Stavudine,Generic,30mg,Capsule,60,700,1064.00,1.52,0.03,"Strides, Bangalore, India.",FALSE,See DN-190 (ID#:10570),null,1.7
"12,352",104-CI-T01,Pre-PQ Process,SO-585,DN-193,Côte d'Ivoire,PMO - US,From RDC,N/A - From RDC,,Pre-PQ Process,N/A - From RDC,28-Jun-07,28-Jun-07,28-Jun-07,ARV,Adult,SCMS from RDC,"Abacavir 300mg, tablets, 60 Tabs",Abacavir,Generic,300mg,Tablet,60,"2,100",75180.00,35.8,0.6,"Aurobindo Unit III, India",FALSE,See DN-193 (ID#:11387),null,120.29
"81,698",108-VN-T30,FPQ-4265,SCMS-57130,ASN-6268,Vietnam,PMO - US,Direct Drop,EXW,Air,10/20/2009,11/13/2009,15-Mar-10,15-Mar-10,15-Mar-10,ARV,Adult,Aurobindo Pharma Limited,"Lamivudine/Nevirapine/Zidovudine 150/200/300mg, tablets, 60 Tabs",Lamivudine/Nevirapine/Zidovudine,Generic,150/300/200mg,Tablet - FDC,60,"12,700",141605.00,11.15,0.19,"Aurobindo Unit III, India",TRUE,1572,"$13,479.25 ",277.55
"81,700",161-ZA-T30,FPQ-5303,SCMS-68940,ASN-8125,South Africa,PMO - US,Direct Drop,DDP,Air,3/18/2010,3/19/2010,07-Sep-10,20-Sep-10,20-Sep-10,ARV,Adult,Aurobindo Pharma Limited,"Efavirenz 600mg, tablets, 30 Tabs",Efavirenz,Generic,600mg,Tablet,30,"31,875",148856.25,4.67,0.16,"Aurobindo Unit III, India",TRUE,3005,"$4,263.07 ",320.93
"81,726",108-VN-T30,FPQ-11560,SCMS-177630,ASN-20041,Vietnam,PMO - US,Direct Drop,EXW,Air,02-07-13,2/13/2013,13-Jul-13,13-Jul-13,13-Jul-13,ARV,Adult,MYLAN LABORATORIES LTD (FORMERLY MATRIX LABORATORIES),"Efavirenz/Lamivudine/Tenofovir Disoproxil Fumarate 600/300/300mg, tablets, 30 Tabs",Efavirenz/Lamivudine/Tenofovir Disoproxil Fumarate,Generic,600/300/300mg,Tablet - FDC,30,"2,865",32918.85,11.49,0.38,Mylan (formerly Matrix) Nashik,TRUE,332,"$6,973.87 ",40.72
"11,118",104-CI-T01,Pre-PQ Process,SO-586,DN-194,Côte d'Ivoire,PMO - US,From RDC,N/A - From RDC,,Pre-PQ Process,N/A - From RDC,28-Jun-07,28-Jun-07,28-Jun-07,ARV,Adult,SCMS from RDC,"Abacavir 300mg, tablets, 60 Tabs",Abacavir,Generic,300mg,Tablet,60,"2,000",71600.00,35.8,0.6,"Aurobindo Unit III, India",FALSE,See DN-194 (ID#:11117),null,114.56
"81,747",111-MZ-T30,FPQ-13395,SCMS-219220,ASN-25455,Mozambique,PMO - US,Direct Drop,EXW,Air,12-11-13,12/17/2013,02-May-14,02-May-14,07-May-14,ARV,Adult,HETERO LABS LIMITED,"Lamivudine/Nevirapine/Zidovudine 150/200/300mg, tablets, 60 Tabs",Lamivudine/Nevirapine/Zidovudine,Generic,150/300/200mg,Tablet - FDC,60,"24,816",201257.76,8.11,0.14,Hetero Unit III Hyderabad IN,TRUE,3392,"$16,835.52 ",206.89
"81,753",103-ZW-T30,FPQ-15293,SCMS-263540,ASN-31073,Zimbabwe,PMO - US,Direct Drop,FCA,Air,11-04-14,11-12-14,19-Mar-15,19-Mar-15,19-Mar-15,ARV,Pediatric,ABBVIE LOGISTICS (FORMERLY ABBOTT LOGISTICS BV),"Lopinavir/Ritonavir 80/20mg/ml [Kaletra], oral solution, cool, Bottle 5 x 60 ml",Lopinavir/Ritonavir,Kaletra,80/20mg/ml,Oral solution,300,"6,490",200021.80,30.82,0.1,ABBVIE (Abbott) Logis. UK,TRUE,5747,"$50,104.34 ",235.43
"81,757",111-MZ-T30,FPQ-8116,SCMS-118351,ASN-14785,Mozambique,PMO - US,Direct Drop,EXW,Air,08-04-11,04-05-12,20-Jun-12,20-Jun-12,20-Jun-12,HRDT,HIV test,"Trinity Biotech, Plc","HIV 1/2, Uni-Gold HIV Kit, 20 Tests","HIV 1/2, Uni-Gold HIV Kit",Uni-Gold,,Test kit,20,"7,500",240000.00,32,1.6,"Trinity Biotech, Plc",TRUE,2440,"$37,115.71 ",396
"81,767",108-VN-T30,FPQ-10266,SCMS-153070,ASN-16382,Vietnam,PMO - US,Direct Drop,EXW,Air,07-11-12,07-12-12,09-Oct-12,09-Oct-12,09-Oct-12,ARV,Adult,HETERO LABS LIMITED,"Lamivudine 150mg, tablets, 60 Tabs",Lamivudine,Generic,150mg,Tablet,60,"37,366",78468.60,2.1,0.04,Hetero Unit III Hyderabad IN,TRUE,2162,"$3,324.85 ",110.01
"85,130",114-UG-T30,FPQ-5239,SO-36131,DN-1943,Uganda,PMO - US,From RDC,N/A - From RDC,Air,03-02-10,N/A - From RDC,04-Aug-10,19-Jul-10,19-Jul-10,ARV,Adult,SCMS from RDC,"Emtricitabine/Tenofovir Disoproxil Fumarate 200/300mg, tablets, 30 Tabs",Emtricitabine/Tenofovir Disoproxil Fumarate,Generic,200/300mg,Tablet - FDC,30,"2,500",29375.00,11.75,0.39,Mylan (formerly Matrix) Nashik,FALSE,See DN-1943 (ID#:83443),null,63.33
"84,023",113-ZW-T30,FPQ-4694,SO-35351,DN-1948,Zimbabwe,PMO - US,From RDC,N/A - From RDC,Air,12-08-09,N/A - From RDC,30-Jul-10,22-Jul-10,22-Jul-10,ARV,Adult,SCMS from RDC,"Lamivudine/Stavudine 150/30mg, tablets, 60 Tabs",Lamivudine/Stavudine,Generic,150/30mg,Tablet - FDC,60,"5,900",19352.00,3.28,0.05,"Cipla, Goa, India",FALSE,See DN-1948 (ID#:82906),null,41.72
"84,024",113-ZW-T30,FPQ-4694,SO-35351,DN-1948,Zimbabwe,PMO - US,From RDC,N/A - From RDC,Air,12-08-09,N/A - From RDC,30-Jul-10,22-Jul-10,22-Jul-10,ARV,Adult,SCMS from RDC,"Zidovudine 300mg, tablets, 60 Tabs",Zidovudine,Generic,300mg,Tablet,60,"5,880",42394.80,7.21,0.12,"Aurobindo Unit III, India",FALSE,See DN-1948 (ID#:82906),null,91.4
"81,854",161-ZA-T30,FPQ-6262,SCMS-84230,ASN-9509,South Africa,PMO - US,Direct Drop,DDP,Ocean,8/31/2010,9/21/2010,14-Feb-11,09-Mar-11,09-Mar-11,ARV,Adult,STRIDES ARCOLAB LIMITED,"Lamivudine 150mg, tablets, 60 Tabs",Lamivudine,Generic,150mg,Tablet,60,"212,409",524650.23,2.47,0.04,"Strides, Bangalore, India.",TRUE,10302,"$13,677.69 ","1,131.15"
"81,855",117-ET-T30,FPQ-6976,SCMS-98311,ASN-11688,Ethiopia,PMO - US,Direct Drop,EXW,Air,1/13/2011,02-01-11,25-Aug-11,25-Aug-11,25-Aug-11,ARV,Adult,Aurobindo Pharma Limited,"Didanosine 250mg, delayed-release capsules, 30 Caps",Didanosine,Generic,250mg,Delayed-release capsules,30,"3,775",49075.00,13,0.43,"Aurobindo Unit III, India",TRUE,257,"$2,325.62 ",80.97
"81,888",133-NG-T30,FPQ-12812,SCMS-210351,ASN-23947,Nigeria,PMO - US,Direct Drop,EXW,Air,8/13/2013,11-01-13,18-Feb-14,13-Feb-14,12-Mar-14,HRDT,HIV test,"Orgenics, Ltd","HIV 1/2, Determine Complete HIV Kit, 100 Tests","HIV 1/2, Determine Complete HIV Kit",Determine,,Test kit,100,"9,363",833307.00,89,0.89,"Alere Medical Co., Ltd.",TRUE,3800,"$58,592.54 ","1,030.80"
"81,909",133-NG-T30,FPQ-12456,SCMS-196561,ASN-22343,Nigeria,PMO - US,Direct Drop,EXW,Air,06-10-13,07-10-13,07-Nov-13,05-Nov-13,17-Nov-13,HRDT,HIV test,"Orgenics, Ltd","HIV 1/2, Determine Complete HIV Kit, 100 Tests","HIV 1/2, Determine Complete HIV Kit",Determine,,Test kit,100,"3,031",269759.00,89,0.89,"Alere Medical Co., Ltd.",TRUE,1231,"$20,705.23 ",333.69
"81,920",106-HT-T30,FPQ-10555,SCMS-158630,ASN-16286,Haiti,PMO - US,Direct Drop,EXW,Air,8/24/2012,8/29/2012,04-Oct-12,04-Oct-12,04-Oct-12,ARV,Pediatric,Aurobindo Pharma Limited,"Lamivudine 10mg/ml, oral solution w/syringe, Bottle, 240 ml",Lamivudine,Generic,10mg/ml,Oral solution,240,"3,528",6526.80,1.85,0.01,"Aurobindo Unit III, India",TRUE,1296,"$9,230.19 ",9.15
"84,025",113-ZW-T30,FPQ-4694,SO-35351,DN-1948,Zimbabwe,PMO - US,From RDC,N/A - From RDC,Air,12-08-09,N/A - From RDC,30-Jul-10,22-Jul-10,22-Jul-10,ARV,Adult,SCMS from RDC,"Lamivudine/Zidovudine 150/300mg, tablets, 60 Tabs",Lamivudine/Zidovudine,Generic,150/300mg,Tablet - FDC,60,560,4905.60,8.76,0.15,"Aurobindo Unit III, India",FALSE,See DN-1948 (ID#:82906),null,10.58
"81,968",117-ET-T30,FPQ-9098,SCMS-133520,ASN-15537,Ethiopia,PMO - US,Direct Drop,EXW,Air,01-10-12,1/23/2012,05-Aug-12,05-Aug-12,05-Aug-12,HRDT,HIV test,"Trinity Biotech, Plc","HIV 1/2, Uni-Gold HIV Kit, 20 Tests","HIV 1/2, Uni-Gold HIV Kit",Uni-Gold,,Test kit,20,167,5344.00,32,1.6,"Trinity Biotech, Plc",TRUE,61,$925.05 ,7.49
"85,132",113-ZW-T30,FPQ-4694,SO-35351,DN-1948,Zimbabwe,PMO - US,From RDC,N/A - From RDC,Air,12-08-09,N/A - From RDC,30-Jul-10,22-Jul-10,22-Jul-10,ARV,Adult,SCMS from RDC,"Lamivudine/Nevirapine/Stavudine 150/200/30mg, tablets, 60 Tabs",Lamivudine/Nevirapine/Stavudine,Generic,150/200/30mg,Tablet - FDC,60,"2,100",12033.00,5.73,0.1,"Strides, Bangalore, India.",FALSE,See DN-1948 (ID#:82906),null,25.94
"81,988",161-ZA-T30,FPQ-5447,SCMS-70130,ASN-7086,South Africa,PMO - US,Direct Drop,DDP,Truck,04-01-10,4/23/2010,29-Apr-10,29-Apr-10,29-Apr-10,ARV,Pediatric,AUROBINDO PHARAM (SOUTH AFRICA),"Lamivudine 10mg/ml, oral solution w/syringe, Bottle, 240 ml",Lamivudine,Generic,10mg/ml,Oral solution,240,"16,500",50631.92,3.07,0.01,"Aurobindo Unit III, India",TRUE,Weight Captured Separately,"$3,908.56 ",109.16
"86,317",113-ZW-T30,FPQ-4694,SO-35351,DN-1948,Zimbabwe,PMO - US,From RDC,N/A - From RDC,Air,12-08-09,N/A - From RDC,30-Jul-10,22-Jul-10,22-Jul-10,ARV,Adult,SCMS from RDC,"Lamivudine/Stavudine 150/30mg, tablets, 60 Tabs",Lamivudine/Stavudine,Generic,150/30mg,Tablet - FDC,60,99,324.72,3.28,0.05,"Cipla, Goa, India",FALSE,See DN-1948 (ID#:82906),null,0.7
"82,004",102-GY-T30,FPQ-9180,SCMS-139640,ASN-14784,Guyana,PMO - US,Direct Drop,EXW,Air,1/17/2012,04-09-12,23-May-12,23-May-12,23-May-12,HRDT,HIV test,"Trinity Biotech, Plc","HIV 1/2, Uni-Gold HIV Kit, 20 Tests","HIV 1/2, Uni-Gold HIV Kit",Uni-Gold,,Test kit,20,"1,513",48416.00,32,1.6,"Trinity Biotech, Plc",TRUE,410,"$5,577.13 ",67.88
"82,005",161-ZA-T30,FPQ-5648,SCMS-75460,ASN-8262,South Africa,PMO - US,Direct Drop,DDP,Ocean,06-02-10,6/17/2010,04-Mar-11,04-Mar-11,04-Mar-11,ARV,Adult,Aurobindo Pharma Limited,"Lamivudine 150mg, tablets, 60 Tabs",Lamivudine,Generic,150mg,Tablet,60,"130,828",316603.76,2.42,0.04,"Aurobindo Unit III, India",TRUE,6525,"$10,984.82 ",682.6
"85,133",114-UG-T30,FPQ-5238,SO-36070,DN-1949,Uganda,PMO - US,From RDC,N/A - From RDC,Air,03-02-10,N/A - From RDC,04-Aug-10,02-Aug-10,02-Aug-10,ARV,Adult,SCMS from RDC,"Efavirenz 600mg, tablets, 30 Tabs",Efavirenz,Generic,600mg,Tablet,30,"3,000",13350.00,4.45,0.15,"Strides, Bangalore, India.",FALSE,See DN-1949 (ID#:83444),null,28.78
"85,134",114-UG-T30,FPQ-5238,SO-36070,DN-1949,Uganda,PMO - US,From RDC,N/A - From RDC,Air,03-02-10,N/A - From RDC,04-Aug-10,02-Aug-10,02-Aug-10,ARV,Adult,SCMS from RDC,"Nevirapine 200mg, tablets, 60 Tabs",Nevirapine,Generic,200mg,Tablet,60,"3,000",8190.00,2.73,0.05,"Cipla, Goa, India",FALSE,See DN-1949 (ID#:83444),null,17.66
"82,052",161-ZA-T30,FPQ-5648,SCMS-75980,ASN-8791,South Africa,PMO - US,Direct Drop,DDP,Ocean,06-02-10,6/17/2010,20-Dec-10,12-Jan-11,12-Jan-11,ARV,Adult,Aurobindo Pharma Limited,"Tenofovir Disoproxil Fumarate 300mg, tablets, 30 Tabs",Tenofovir Disoproxil Fumarate,Generic,300mg,Tablet,30,"11,711",80923.01,6.91,0.23,"Aurobindo Unit III, India",TRUE,1093,"$5,460.48 ",174.47
"82,275",110-ZM-T30,FPQ-4035,SO-34340,DN-1515,Zambia,PMO - US,From RDC,N/A - From RDC,Truck,08-05-09,N/A - From RDC,30-Nov-09,23-Nov-09,23-Nov-09,ARV,Adult,SCMS from RDC,"Efavirenz 600mg, tablets, 30 Tabs",Efavirenz,Generic,600mg,Tablet,30,"47,227",272972.06,5.78,0.19,"Aurobindo Unit III, India",TRUE,4959,"$9,973.51 ",535.03
"85,693",114-UG-T30,FPQ-5238,SO-36070,DN-1949,Uganda,PMO - US,From RDC,N/A - From RDC,Air,03-02-10,N/A - From RDC,04-Aug-10,02-Aug-10,02-Aug-10,ARV,Adult,SCMS from RDC,"Lamivudine/Zidovudine 150/300mg, tablets, 60 Tabs",Lamivudine/Zidovudine,Generic,150/300mg,Tablet - FDC,60,"3,000",26280.00,8.76,0.15,"Aurobindo Unit III, India",FALSE,See DN-1949 (ID#:83444),null,56.66
"86,319",117-ET-T30,FPQ-5967,SO-37100,DN-1951,Ethiopia,PMO - US,From RDC,N/A - From RDC,Air,6/28/2010,N/A - From RDC,21-Sep-10,19-Jul-10,19-Jul-10,ARV,Adult,SCMS from RDC,"Lamivudine/Nevirapine/Stavudine 150/200/30mg, tablets, 60 Tabs",Lamivudine/Nevirapine/Stavudine,Generic,150/200/30mg,Tablet - FDC,60,"11,485",65809.05,5.73,0.1,"Strides, Bangalore, India.",FALSE,See DN-1951 (ID#:84026),null,141.88
"83,446",117-ET-T30,FPQ-5967,SO-37102,DN-1952,Ethiopia,PMO - US,From RDC,N/A - From RDC,Air,6/28/2010,N/A - From RDC,21-Sep-10,14-Jul-10,14-Jul-10,ARV,Adult,SCMS from RDC,"Lamivudine/Nevirapine/Stavudine 150/200/30mg, tablets, 60 Tabs",Lamivudine/Nevirapine/Stavudine,Generic,150/200/30mg,Tablet - FDC,60,"3,439",19705.47,5.73,0.1,"Strides, Bangalore, India.",FALSE,See DN-1952 (ID#:82907),null,42.48
"82,105",108-VN-T30,FPQ-10267,SCMS-153080,ASN-16141,Vietnam,PMO - US,Direct Drop,EXW,Air,07-10-12,07-12-12,08-Oct-12,08-Oct-12,08-Oct-12,ARV,Adult,HETERO LABS LIMITED,"Nevirapine 200mg, tablets, 60 Tabs",Nevirapine,Generic,200mg,Tablet,60,"8,586",20005.38,2.33,0.04,Hetero Unit III Hyderabad IN,TRUE,544,"$1,454.64 ",28.05
"10,838",104-CI-T01,Pre-PQ Process,SO-603,DN-196,Côte d'Ivoire,PMO - US,From RDC,N/A - From RDC,,Pre-PQ Process,N/A - From RDC,28-Jun-07,28-Jun-07,28-Jun-07,ARV,Adult,SCMS from RDC,"Lamivudine/Stavudine 150/30mg, tablets, 30 Tabs",Lamivudine/Stavudine,Generic,150/30mg,Tablet - FDC,30,"54,263",108526.00,2,0.07,"Cipla, Goa, India",FALSE,See DN-196 (ID#:10573),null,173.64
"84,580",111-MZ-T30,FPQ-4711,SO-35740,DN-1962,Mozambique,PMO - US,From RDC,N/A - From RDC,Truck,12/23/2009,N/A - From RDC,31-Aug-10,18-Aug-10,18-Aug-10,ARV,Adult,SCMS from RDC,"Lamivudine/Nevirapine/Stavudine 150/200/30mg, tablets, 60 Tabs",Lamivudine/Nevirapine/Stavudine,Generic,150/200/30mg,Tablet - FDC,60,"30,630",175509.90,5.73,0.1,"Cipla, Goa, India",FALSE,See DN-1962 (ID#:83448),null,378.4
"82,137",161-ZA-T30,FPQ-5303,SCMS-68940,ASN-8246,South Africa,PMO - US,Direct Drop,DDP,Air,3/18/2010,3/19/2010,07-Sep-10,17-Nov-10,17-Nov-10,ARV,Adult,Aurobindo Pharma Limited,"Efavirenz 600mg, tablets, 30 Tabs",Efavirenz,Generic,600mg,Tablet,30,"39,049",182358.83,4.67,0.16,"Aurobindo Unit III, India",TRUE,3669,"$4,263.07 ",393.17
"82,909",106-HT-T30,FPQ-5523,SO-36760,DN-1964,Haiti,PMO - US,From RDC,N/A - From RDC,Air,4/19/2010,N/A - From RDC,10-Aug-10,23-Aug-10,23-Aug-10,ARV,Adult,SCMS from RDC,"Stavudine 15mg, capsules, 60 Caps",Stavudine,Generic,15mg,Capsule,60,336,504.00,1.5,0.02,"Aurobindo Unit III, India",FALSE,See DN-1964 (ID#:82908),null,1.09
"84,581",106-HT-T30,FPQ-5523,SO-36760,DN-1964,Haiti,PMO - US,From RDC,N/A - From RDC,Air,4/19/2010,N/A - From RDC,10-Aug-10,23-Aug-10,23-Aug-10,ARV,Pediatric,SCMS from RDC,"Lamivudine 10mg/ml, oral solution, Bottle, 240 ml",Lamivudine,Generic,10mg/ml,Oral solution,240,"3,840",7411.20,1.93,0.01,"Cipla, Goa, India",FALSE,See DN-1964 (ID#:82908),null,15.98
"85,695",106-HT-T30,FPQ-5523,SO-36760,DN-1964,Haiti,PMO - US,From RDC,N/A - From RDC,Air,4/19/2010,N/A - From RDC,10-Aug-10,23-Aug-10,23-Aug-10,ARV,Pediatric,SCMS from RDC,"Lamivudine 10mg/ml, oral solution, Bottle, 240 ml",Lamivudine,Generic,10mg/ml,Oral solution,240,"3,584",6917.12,1.93,0.01,"Cipla, Goa, India",FALSE,See DN-1964 (ID#:82908),null,14.91
"86,321",106-HT-T30,FPQ-5523,SO-36760,DN-1964,Haiti,PMO - US,From RDC,N/A - From RDC,Air,4/19/2010,N/A - From RDC,10-Aug-10,23-Aug-10,23-Aug-10,ARV,Pediatric,SCMS from RDC,"Zidovudine 10mg/ml, oral solution, Bottle, 240 ml",Zidovudine,Generic,10mg/ml,Oral solution,240,"4,672",9437.44,2.02,0.01,"Aurobindo Unit III, India",FALSE,See DN-1964 (ID#:82908),null,20.35
"82,203",106-HT-T30,FPQ-11285,SCMS-176250,ASN-18844,Haiti,PMO - US,Direct Drop,FCA,Air,1/16/2013,02-05-13,11-Apr-13,11-Apr-13,11-Apr-13,ARV,Pediatric,LAWRENCE LABORATORIES (SUBSIDIARY OF BRISTOL MYERS SQUIBB),"Didanosine 2g [Videx], powder for oral solution 10mg/ml, reconstitute to 200 ml",Didanosine,Videx,2g,Powder for oral solution,200,98,1233.82,12.59,0.06,Bristol-Myers Squibb Anagni IT,TRUE,22,$817.99 ,1.53
"83,450",104-CI-T30,FPQ-5201,SO-36311,DN-1982,Côte d'Ivoire,PMO - US,From RDC,N/A - From RDC,Air,03-03-10,N/A - From RDC,23-Aug-10,23-Aug-10,23-Aug-10,ARV,Adult,SCMS from RDC,"Efavirenz 600mg, tablets, 30 Tabs",Efavirenz,Generic,600mg,Tablet,30,"39,144",174190.80,4.45,0.15,"Strides, Bangalore, India.",FALSE,See DN-1982 (ID#:82910),null,375.56
"82,271",114-UG-T30,FPQ-4065,SO-33010,DN-1417,Uganda,PMO - US,From RDC,N/A - From RDC,Air,08-06-09,N/A - From RDC,08-Oct-09,08-Oct-09,08-Oct-09,ARV,Adult,SCMS from RDC,"Lamivudine/Zidovudine 150/300mg, tablets, 60 Tabs",Lamivudine/Zidovudine,Generic,150/300mg,Tablet - FDC,60,400,3504.00,8.76,0.15,"Aurobindo Unit III, India",TRUE,70,"$1,764.84 ",6.87
"82,272",154-NG-T30,FPQ-3815,SO-32260,DN-1452,Nigeria,PMO - US,From RDC,N/A - From RDC,Air Charter,5/26/2009,N/A - From RDC,30-Oct-09,20-Oct-09,20-Oct-09,ARV,Adult,SCMS from RDC,"Nevirapine 200mg, tablets, 60 Tabs",Nevirapine,Generic,200mg,Tablet,60,318,922.20,2.9,0.05,"Aurobindo Unit III, India",TRUE,105,"$9,341.59 ",1.81
"82,273",104-CI-T30,FPQ-4187,SO-33520,DN-1474,Côte d'Ivoire,PMO - US,From RDC,N/A - From RDC,Air,09-09-09,N/A - From RDC,23-Oct-09,23-Oct-09,23-Oct-09,ARV,Adult,SCMS from RDC,"Nevirapine 200mg, tablets, 60 Tabs",Nevirapine,Generic,200mg,Tablet,60,"2,600",7540.00,2.9,0.05,Hetero Unit III Hyderabad IN,TRUE,373,"$4,266.24 ",14.78
"82,274",113-ZW-T30,FPQ-4472,SO-27190,DN-1500,Zimbabwe,PMO - US,From RDC,N/A - From RDC,Truck,3/17/2009,N/A - From RDC,15-Nov-09,09-Nov-09,09-Nov-09,ARV,Adult,SCMS from RDC,"Lamivudine/Nevirapine/Stavudine 150/200/30mg, tablets, 60 Tabs",Lamivudine/Nevirapine/Stavudine,Generic,150/200/30mg,Tablet - FDC,60,"76,000",506160.00,6.66,0.11,"Cipla, Goa, India",TRUE,8701,"$15,332.68 ",992.07
"82,276",123-NG-T30,FPQ-4395,SO-32971,DN-1519,Nigeria,PMO - US,From RDC,N/A - From RDC,Air Charter,7/27/2009,N/A - From RDC,18-Dec-09,18-Dec-09,18-Dec-09,ARV,Adult,SCMS from RDC,"Zidovudine 300mg, tablets, 60 Tabs",Zidovudine,Generic,300mg,Tablet,60,"1,697",12778.41,7.53,0.13,"Aurobindo Unit III, India",TRUE,6725,"$33,279.39 ",25.05
"82,277",104-CI-T30,FPQ-3964,SO-34520,DN-1536,Côte d'Ivoire,PMO - US,From RDC,N/A - From RDC,Air,7/24/2009,N/A - From RDC,10-Dec-09,02-Dec-09,02-Dec-09,ARV,Adult,SCMS from RDC,"Lamivudine/Stavudine 150/30mg, tablets, 60 Tabs",Lamivudine/Stavudine,Generic,150/30mg,Tablet - FDC,60,"1,060",4028.00,3.8,0.06,"Strides, Bangalore, India.",TRUE,56,"$1,211.48 ",7.89
"82,278",104-CI-T30,FPQ-4378,SO-34470,DN-1539,Côte d'Ivoire,PMO - US,From RDC,N/A - From RDC,Air,10/15/2009,N/A - From RDC,02-Dec-09,02-Dec-09,02-Dec-09,ARV,Adult,SCMS from RDC,"Stavudine 30mg, capsules, 60 Caps",Stavudine,Generic,30mg,Capsule,60,"1,260",1839.60,1.46,0.02,"Aurobindo Unit III, India",TRUE,82,"$1,211.48 ",3.61
"82,279",104-CI-T30,FPQ-4187,SO-33492,DN-1555,Côte d'Ivoire,PMO - US,From RDC,N/A - From RDC,Air,09-09-09,N/A - From RDC,09-Dec-09,27-Nov-09,27-Nov-09,ARV,Adult,SCMS from RDC,"Lamivudine 150mg, tablets, 60 Tabs",Lamivudine,Generic,150mg,Tablet,60,"5,907",14413.08,2.44,0.04,"Aurobindo Unit III, India",TRUE,283,"$4,969.95 ",28.25
"82,280",114-UG-T30,FPQ-4275,SO-33990,DN-1579,Uganda,PMO - US,From RDC,N/A - From RDC,Air,9/17/2009,N/A - From RDC,15-Jan-10,10-Dec-09,10-Dec-09,ARV,Adult,SCMS from RDC,"Zidovudine 300mg, tablets, 60 Tabs",Zidovudine,Generic,300mg,Tablet,60,"4,730",35616.90,7.53,0.13,"Aurobindo Unit III, India",TRUE,260,"$1,898.84 ",69.81
"82,281",111-MZ-T30,FPQ-4479,SO-34170,DN-1580,Mozambique,PMO - US,From RDC,N/A - From RDC,Air,2/26/2009,N/A - From RDC,19-Jan-10,26-Jan-10,26-Jan-10,ARV,Adult,SCMS from RDC,"Zidovudine 300mg, tablets, 60 Tabs",Zidovudine,Generic,300mg,Tablet,60,92,709.32,7.71,0.13,"Aurobindo Unit III, India",TRUE,363,"$1,816.73 ",1.39
"82,282",110-ZM-T30,FPQ-4029,SO-34920,DN-1586,Zambia,PMO - US,From RDC,N/A - From RDC,Truck,08-05-09,N/A - From RDC,15-Jan-10,09-Dec-09,09-Dec-09,ARV,Adult,SCMS from RDC,"Zidovudine 300mg, tablets, 60 Tabs",Zidovudine,Generic,300mg,Tablet,60,"10,000",75300.00,7.53,0.13,"Aurobindo Unit III, India",TRUE,546,"$2,412.99 ",147.59
"82,283",114-UG-T30,FPQ-4275,SO-35160,DN-1601,Uganda,PMO - US,From RDC,N/A - From RDC,Air,9/17/2009,N/A - From RDC,15-Jan-10,22-Jan-10,22-Jan-10,ARV,Adult,SCMS from RDC,"Lamivudine/Nevirapine/Zidovudine 150/200/300mg, tablets, 60 Tabs",Lamivudine/Nevirapine/Zidovudine,Generic,150/300/200mg,Tablet - FDC,60,59,661.98,11.22,0.19,Mylan (formerly Matrix) Nashik,TRUE,12,"$1,311 ",1.3
"82,284",106-HT-T30,FPQ-4469,SO-35170,DN-1605,Haiti,PMO - US,From RDC,N/A - From RDC,Air,9/23/2009,N/A - From RDC,11-Jan-10,08-Jan-10,08-Jan-10,ARV,Pediatric,SCMS from RDC,"Zidovudine 10mg/ml, oral solution, Bottle, 240 ml",Zidovudine,Generic,10mg/ml,Oral solution,240,"3,648",7368.96,2.02,0.01,"Aurobindo Unit III, India",TRUE,2571,"$26,830.44 ",15.89
"82,285",111-MZ-T30,FPQ-4473,SO-26422,DN-1608,Mozambique,PMO - US,From RDC,N/A - From RDC,Truck,2/26/2009,N/A - From RDC,31-Mar-10,24-Mar-10,24-Mar-10,ARV,Adult,SCMS from RDC,"Tenofovir Disoproxil Fumarate 300mg, tablets, 30 Tabs",Tenofovir Disoproxil Fumarate,Generic,300mg,Tablet,30,"3,040",25931.20,8.53,0.28,Mylan (formerly Matrix) Nashik,TRUE,163,"$1,236.13 ",50.83
"82,286",106-HT-T30,FPQ-4384,SO-34700,DN-1609,Haiti,PMO - US,From RDC,N/A - From RDC,Air,10/23/2009,N/A - From RDC,18-Jan-10,27-Jan-10,27-Jan-10,ARV,Pediatric,SCMS from RDC,"Nevirapine 10mg/ml, oral suspension, Bottle, 240 ml",Nevirapine,Generic,10mg/ml,Oral suspension,240,"3,635",6979.20,1.92,0.01,"Aurobindo Unit III, India",TRUE,1345,"$14,489.10 ",15.05
"82,289",104-CI-T30,FPQ-4187,SO-33472,DN-1618,Côte d'Ivoire,PMO - US,From RDC,N/A - From RDC,Air,09-09-09,N/A - From RDC,05-Feb-10,23-Jan-10,23-Jan-10,ARV,Adult,SCMS from RDC,"Lamivudine/Nevirapine/Zidovudine 150/200/300mg, tablets, 60 Tabs",Lamivudine/Nevirapine/Zidovudine,Generic,150/300/200mg,Tablet - FDC,60,"30,060",337273.20,11.22,0.19,"Aurobindo Unit III, India",TRUE,3508,"$5,254.10 ",661.06
"82,290",106-HT-T30,FPQ-4469,SO-34200,DN-1626,Haiti,PMO - US,From RDC,N/A - From RDC,Air,9/23/2009,N/A - From RDC,05-Mar-10,03-Mar-10,03-Mar-10,ARV,Adult,SCMS from RDC,"Lamivudine/Zidovudine 150/300mg, tablets, 60 Tabs",Lamivudine/Zidovudine,Generic,150/300mg,Tablet - FDC,60,"12,000",105120.00,8.76,0.15,"Aurobindo Unit III, India",TRUE,1077,"$12,016.69 ",226.64
"82,291",111-MZ-T30,FPQ-4471,SO-33590,DN-1628,Mozambique,PMO - US,From RDC,N/A - From RDC,Air,9/14/2009,N/A - From RDC,14-Apr-10,14-Apr-10,14-Apr-10,ARV,Adult,SCMS from RDC,"Efavirenz 600mg, tablets, 30 Tabs",Efavirenz,Generic,600mg,Tablet,30,"10,000",57800.00,5.78,0.19,"Aurobindo Unit III, India",TRUE,2156,"$3,423.25 ",113.29
"83,451",104-CI-T30,FPQ-5201,SO-36311,DN-1982,Côte d'Ivoire,PMO - US,From RDC,N/A - From RDC,Air,03-03-10,N/A - From RDC,23-Aug-10,23-Aug-10,23-Aug-10,ARV,Adult,SCMS from RDC,"Abacavir 300mg, tablets, 60 Tabs",Abacavir,Generic,300mg,Tablet,60,"4,140",68061.60,16.44,0.27,Mylan (formerly Matrix) Nashik,FALSE,See DN-1982 (ID#:82910),null,146.74
"82,293",110-ZM-T30,FPQ-4273,SO-33690,DN-1643,Zambia,PMO - US,From RDC,N/A - From RDC,Truck,9/17/2009,N/A - From RDC,15-Mar-10,05-Mar-10,05-Mar-10,ARV,Adult,SCMS from RDC,"Lamivudine/Nevirapine/Stavudine 150/200/30mg, tablets, 60 Tabs",Lamivudine/Nevirapine/Stavudine,Generic,150/200/30mg,Tablet - FDC,60,"58,097",375887.59,6.47,0.11,"Cipla, Goa, India",TRUE,19451,"$16,898.20 ",736.74
"83,452",104-CI-T30,FPQ-5201,SO-36311,DN-1982,Côte d'Ivoire,PMO - US,From RDC,N/A - From RDC,Air,03-03-10,N/A - From RDC,23-Aug-10,23-Aug-10,23-Aug-10,ARV,Pediatric,SCMS from RDC,"Lamivudine 10mg/ml, oral solution, Bottle, 240 ml",Lamivudine,Generic,10mg/ml,Oral solution,240,"4,340",8376.20,1.93,0.01,"Aurobindo Unit III, India",FALSE,See DN-1982 (ID#:82910),null,18.06
"82,295",114-UG-T30,FPQ-5014,SO-35870,DN-1654,Uganda,PMO - US,From RDC,N/A - From RDC,Air,1/29/2010,N/A - From RDC,18-Mar-10,17-Mar-10,17-Mar-10,ARV,Adult,SCMS from RDC,"Nevirapine 200mg, tablets, 60 Tabs",Nevirapine,Generic,200mg,Tablet,60,600,1638.00,2.73,0.05,"Aurobindo Unit III, India",TRUE,306,"$3,945.33 ",3.53
"82,296",113-ZW-T30,FPQ-4688,SO-35410,DN-1660,Zimbabwe,PMO - US,From RDC,N/A - From RDC,Air,12-08-09,N/A - From RDC,31-Mar-10,12-Mar-10,12-Mar-10,ARV,Adult,SCMS from RDC,"Efavirenz 600mg, tablets, 30 Tabs",Efavirenz,Generic,600mg,Tablet,30,"1,900",9747.00,5.13,0.17,"Aurobindo Unit III, India",TRUE,4000,"$3,302.14 ",21.01
"82,297",114-UG-T30,FPQ-4325,SO-35970,DN-1677,Uganda,PMO - US,From RDC,N/A - From RDC,Air,9/23/2009,N/A - From RDC,19-Mar-10,17-Mar-10,17-Mar-10,ARV,Adult,SCMS from RDC,"Lamivudine 150mg, tablets, 60 Tabs",Lamivudine,Generic,150mg,Tablet,60,"3,519",8586.36,2.44,0.04,Mylan (formerly Matrix) Nashik,TRUE,2538,"$6,298.34 ",16.83
"82,298",104-CI-T30,FPQ-4378,SO-34450,DN-1680,Côte d'Ivoire,PMO - US,From RDC,N/A - From RDC,Air,10/15/2009,N/A - From RDC,22-Mar-10,11-Mar-10,11-Mar-10,ARV,Pediatric,SCMS from RDC,"Didanosine 200mg, chewable/dispersible tablets, 60 Tabs",Didanosine,Generic,200mg,Chewable/dispersible tablet,60,"1,907",29558.50,15.5,0.26,"Aurobindo Unit III, India",TRUE,395,"$1,042.58 ",57.93
"82,299",104-CI-T30,FPQ-4659,SO-35561,DN-1681,Côte d'Ivoire,PMO - US,From RDC,N/A - From RDC,Air,12-08-09,N/A - From RDC,10-May-10,11-Mar-10,11-Mar-10,ARV,Pediatric,SCMS from RDC,"Didanosine 200mg, chewable/dispersible tablets, 60 Tabs",Didanosine,Generic,200mg,Chewable/dispersible tablet,60,260,4030.00,15.5,0.26,"Aurobindo Unit III, India",TRUE,54,"$1,042.58 ",8.69
"84,583",104-CI-T30,FPQ-5201,SO-36311,DN-1982,Côte d'Ivoire,PMO - US,From RDC,N/A - From RDC,Air,03-03-10,N/A - From RDC,23-Aug-10,23-Aug-10,23-Aug-10,ARV,Adult,SCMS from RDC,"Zidovudine 300mg, tablets, 60 Tabs",Zidovudine,Generic,300mg,Tablet,60,"12,060",86952.60,7.21,0.12,"Aurobindo Unit III, India",FALSE,See DN-1982 (ID#:82910),null,187.47
"84,584",104-CI-T30,FPQ-5201,SO-36311,DN-1982,Côte d'Ivoire,PMO - US,From RDC,N/A - From RDC,Air,03-03-10,N/A - From RDC,23-Aug-10,23-Aug-10,23-Aug-10,ARV,Pediatric,SCMS from RDC,"Stavudine 1mg/ml, powder for oral solution, 200 ml",Stavudine,Generic,1mg/ml,Oral solution,200,"2,400",3240.00,1.35,0.01,"Aurobindo Unit III, India",FALSE,See DN-1982 (ID#:82910),null,6.99
"85,700",104-CI-T30,FPQ-5201,SO-36311,DN-1982,Côte d'Ivoire,PMO - US,From RDC,N/A - From RDC,Air,03-03-10,N/A - From RDC,23-Aug-10,23-Aug-10,23-Aug-10,ARV,Adult,SCMS from RDC,"Abacavir/Lamivudine 600/300mg, scored tablets, 30 Tabs",Abacavir/Lamivudine,Generic,600/300mg,Tablet - FDC,30,"1,500",33750.00,22.5,0.75,Mylan (formerly Matrix) Nashik,FALSE,See DN-1982 (ID#:82910),null,72.76
"86,326",104-CI-T30,FPQ-5201,SO-36311,DN-1982,Côte d'Ivoire,PMO - US,From RDC,N/A - From RDC,Air,03-03-10,N/A - From RDC,23-Aug-10,23-Aug-10,23-Aug-10,ARV,Adult,SCMS from RDC,"Emtricitabine/Tenofovir Disoproxil Fumarate 200/300mg [Truvada], tablets, 30 Tabs",Emtricitabine/Tenofovir Disoproxil Fumarate,Truvada,300/200mg,Tablet - FDC,30,"4,080",107100.00,26.25,0.88,"Aspen-OSD, Port Elizabeth, SA",FALSE,See DN-1982 (ID#:82910),null,230.91
"86,327",104-CI-T30,FPQ-5925,SO-37141,DN-1983,Côte d'Ivoire,PMO - US,From RDC,N/A - From RDC,Air,6/23/2010,N/A - From RDC,31-Aug-10,23-Aug-10,23-Aug-10,ARV,Adult,SCMS from RDC,"Stavudine 15mg, capsules, 60 Caps",Stavudine,Generic,15mg,Capsule,60,864,1296.00,1.5,0.02,"Aurobindo Unit III, India",FALSE,See DN-1983 (ID#:82347),null,2.79
"84,032",104-CI-T30,FPQ-5623,SO-36890,DN-1984,Côte d'Ivoire,PMO - US,From RDC,N/A - From RDC,Air,05-07-10,N/A - From RDC,31-Aug-10,23-Aug-10,23-Aug-10,ARV,Pediatric,SCMS from RDC,"Efavirenz 50mg, capsule, 30 Caps",Efavirenz,Generic,50mg,Capsule,30,"2,436",5456.64,2.24,0.07,"Aurobindo Unit III, India",FALSE,See DN-1984 (ID#:83453),null,11.76
"84,585",104-CI-T30,FPQ-5623,SO-36890,DN-1984,Côte d'Ivoire,PMO - US,From RDC,N/A - From RDC,Air,05-07-10,N/A - From RDC,31-Aug-10,23-Aug-10,23-Aug-10,ARV,Adult,SCMS from RDC,"Lamivudine 150mg, tablets, 60 Tabs",Lamivudine,Generic,150mg,Tablet,60,"6,594",15364.02,2.33,0.04,"Strides, Bangalore, India.",FALSE,See DN-1984 (ID#:83453),null,33.12
"85,137",104-CI-T30,FPQ-5623,SO-36890,DN-1984,Côte d'Ivoire,PMO - US,From RDC,N/A - From RDC,Air,05-07-10,N/A - From RDC,31-Aug-10,23-Aug-10,23-Aug-10,ARV,Adult,SCMS from RDC,"Lamivudine/Stavudine 150/30mg, tablets, 60 Tabs",Lamivudine/Stavudine,Generic,150/30mg,Tablet - FDC,60,"11,994",39340.32,3.28,0.05,Mylan (formerly Matrix) Nashik,FALSE,See DN-1984 (ID#:83453),null,84.82
"85,138",104-CI-T30,FPQ-5623,SO-36890,DN-1984,Côte d'Ivoire,PMO - US,From RDC,N/A - From RDC,Air,05-07-10,N/A - From RDC,31-Aug-10,23-Aug-10,23-Aug-10,ARV,Adult,SCMS from RDC,"Lamivudine/Stavudine 150/30mg, tablets, 60 Tabs",Lamivudine/Stavudine,Generic,150/30mg,Tablet - FDC,60,441,1446.48,3.28,0.05,"Strides, Bangalore, India.",FALSE,See DN-1984 (ID#:83453),null,3.12
"86,328",104-CI-T30,FPQ-5623,SO-36890,DN-1984,Côte d'Ivoire,PMO - US,From RDC,N/A - From RDC,Air,05-07-10,N/A - From RDC,31-Aug-10,23-Aug-10,23-Aug-10,ARV,Adult,SCMS from RDC,"Lamivudine 150mg, tablets, 60 Tabs",Lamivudine,Generic,150mg,Tablet,60,"12,386",28859.38,2.33,0.04,"Aurobindo Unit III, India",FALSE,See DN-1984 (ID#:83453),null,62.22
"84,033",100-DO-T30,FPQ-6079,SO-37200,DN-1985,Dominican Republic,PMO - US,From RDC,N/A - From RDC,Air,7/16/2010,N/A - From RDC,30-Aug-10,28-Aug-10,28-Aug-10,ARV,Adult,SCMS from RDC,"Lamivudine/Nevirapine/Zidovudine 150/200/300mg, tablets, 60 Tabs",Lamivudine/Nevirapine/Zidovudine,Generic,150/300/200mg,Tablet - FDC,60,"9,000",100980.00,11.22,0.19,"Aurobindo Unit III, India",FALSE,See DN-1985 (ID#:82911),null,217.71
"82,311",114-UG-T30,FPQ-4325,SO-35660,DN-1752,Uganda,PMO - US,From RDC,N/A - From RDC,Truck,9/23/2009,N/A - From RDC,01-Apr-10,25-Mar-10,25-Mar-10,ARV,Adult,SCMS from RDC,"Lamivudine/Zidovudine 150/300mg, tablets, 60 Tabs",Lamivudine/Zidovudine,Generic,150/300mg,Tablet - FDC,60,"17,896",156768.96,8.76,0.15,Hetero Unit III Hyderabad IN,TRUE,1188,"$4,097 ",307.27
"82,312",114-UG-T30,FPQ-5239,SO-36160,DN-1761,Uganda,PMO - US,From RDC,N/A - From RDC,Air,03-02-10,N/A - From RDC,23-Jun-10,08-Apr-10,08-Apr-10,ARV,Adult,SCMS from RDC,"Lamivudine/Stavudine 150/30mg, tablets, 60 Tabs",Lamivudine/Stavudine,Generic,150/30mg,Tablet - FDC,60,140,476.00,3.4,0.06,"Cipla, Goa, India",TRUE,17,"$1,073.46 ",1.03
"82,314",110-ZM-T30,FPQ-4273,SO-35840,DN-1776,Zambia,PMO - US,From RDC,N/A - From RDC,Truck,9/17/2009,N/A - From RDC,17-May-10,11-May-10,11-May-10,ARV,Pediatric,SCMS from RDC,"Didanosine 100mg, chewable/dispersible tablets, 60 Tabs",Didanosine,Generic,100mg,Chewable/dispersible tablet,60,"2,500",19300.00,7.72,0.13,"Aurobindo Unit III, India",TRUE,526,"$4,964.27 ",37.83
"82,315",111-MZ-T30,FPQ-4711,SO-35750,DN-1795,Mozambique,PMO - US,From RDC,N/A - From RDC,Truck,12/23/2009,N/A - From RDC,21-Jun-10,14-Jun-10,14-Jun-10,ARV,Adult,SCMS from RDC,"Efavirenz 600mg, tablets, 30 Tabs",Efavirenz,Generic,600mg,Tablet,30,"12,250",58187.50,4.75,0.16,Mylan (formerly Matrix) Nashik,TRUE,1866,"$10,959.63 ",125.45
"82,335",117-ET-T30,FPQ-5827,SO-37070,DN-1907,Ethiopia,PMO - US,From RDC,N/A - From RDC,Air,06-09-10,N/A - From RDC,15-Jul-10,08-Jul-10,08-Jul-10,ARV,Adult,SCMS from RDC,"Zidovudine 300mg, tablets, 60 Tabs",Zidovudine,Generic,300mg,Tablet,60,"2,000",14420.00,7.21,0.12,"Aurobindo Unit III, India",TRUE,88,$755.64 ,31.09
"82,316",114-UG-T30,FPQ-5239,SO-36150,DN-1796,Uganda,PMO - US,From RDC,N/A - From RDC,Air,03-02-10,N/A - From RDC,09-Jun-10,03-May-10,03-May-10,ARV,Adult,SCMS from RDC,"Lamivudine/Nevirapine/Zidovudine 150/200/300mg, tablets, 60 Tabs",Lamivudine/Nevirapine/Zidovudine,Generic,150/300/200mg,Tablet - FDC,60,"5,218",58545.96,11.22,0.19,"Aurobindo Unit III, India",TRUE,617,"$5,194.22 ",126.23
"82,317",151-NG-T30,FPQ-4537,SO-35020,DN-1805,Nigeria,PMO - US,From RDC,N/A - From RDC,Air Charter,11-06-09,N/A - From RDC,31-May-10,18-May-10,18-May-10,ARV,Adult,SCMS from RDC,"Efavirenz/Emtricitabine/Tenofovir Disoproxil Fumarate 600/200/300mg, tablets, 30 Tabs",Efavirenz/Emtricitabine/Tenofovir Disoproxil Fumarate,Generic,600/200/300mg,Tablet - FDC,30,"30,000",597600.00,19.92,0.66,Mylan (formerly Matrix) Nashik,TRUE,3289,"$9,736.10 ","1,288.43"
"82,318",114-UG-T30,FPQ-4495,SO-34941,DN-1817,Uganda,PMO - US,From RDC,N/A - From RDC,Air,10/28/2009,N/A - From RDC,03-May-10,03-May-10,03-May-10,ARV,Adult,SCMS from RDC,"Lamivudine/Nevirapine/Zidovudine 150/200/300mg, tablets, 60 Tabs",Lamivudine/Nevirapine/Zidovudine,Generic,150/300/200mg,Tablet - FDC,60,"18,000",201960.00,11.22,0.19,Mylan (formerly Matrix) Nashik,TRUE,2281,"$15,254.43 ",435.43
"82,319",114-UG-T30,FPQ-4496,SO-34980,DN-1797,Uganda,PMO - US,From RDC,N/A - From RDC,Air,10/28/2009,N/A - From RDC,03-May-10,03-May-10,03-May-10,ARV,Adult,SCMS from RDC,"Lamivudine/Nevirapine/Zidovudine 150/200/300mg, tablets, 60 Tabs",Lamivudine/Nevirapine/Zidovudine,Generic,150/300/200mg,Tablet - FDC,60,"4,400",49368.00,11.22,0.19,"Aurobindo Unit III, India",TRUE,527,"$4,549.95 ",106.44
"82,320",113-ZW-T30,FPQ-4694,SO-35400,DN-1829,Zimbabwe,PMO - US,From RDC,N/A - From RDC,Truck,12-08-09,N/A - From RDC,31-May-10,31-May-10,31-May-10,ARV,Adult,SCMS from RDC,"Lamivudine/Stavudine 150/30mg, tablets, 60 Tabs",Lamivudine/Stavudine,Generic,150/30mg,Tablet - FDC,60,"5,800",19024.00,3.28,0.05,"Cipla, Goa, India",TRUE,12791,"$3,833.17 ",41.02
"82,321",111-MZ-T30,FPQ-4711,SO-35730,DN-1832,Mozambique,PMO - US,From RDC,N/A - From RDC,Truck,12/23/2009,N/A - From RDC,30-Jun-10,14-Jun-10,14-Jun-10,ARV,Adult,SCMS from RDC,"Lamivudine/Nevirapine/Zidovudine 150/200/300mg, tablets, 60 Tabs",Lamivudine/Nevirapine/Zidovudine,Generic,150/300/200mg,Tablet - FDC,60,"109,554",1229195.88,11.22,0.19,"Aurobindo Unit III, India",TRUE,20316,"$25,790.82 ","2,650.15"
"82,322",117-ET-T30,FPQ-5668,SO-36810,DN-1844,Ethiopia,PMO - US,From RDC,N/A - From RDC,Air,05-07-10,N/A - From RDC,01-Jun-10,31-May-10,31-May-10,ARV,Adult,SCMS from RDC,"Nevirapine 200mg, tablets, 60 Tabs",Nevirapine,Generic,200mg,Tablet,60,"11,000",29260.00,2.66,0.04,"Aurobindo Unit III, India",TRUE,1070,"$6,153.80 ",63.08
"11,731",104-CI-T01,Pre-PQ Process,SO-519,DN-199,Côte d'Ivoire,PMO - US,From RDC,N/A - From RDC,,Pre-PQ Process,N/A - From RDC,05-Jul-07,05-Jul-07,05-Jul-07,ARV,Adult,SCMS from RDC,"Efavirenz 600mg, tablets, 30 Tabs",Efavirenz,Generic,600mg,Tablet,30,"61,468",999469.68,16.26,0.54,"Aurobindo Unit III, India",FALSE,See DN-199 (ID#:11391),null,"1,599.15"
"86,329",151-NG-T30,FPQ-5023,SO-36464,DN-1994,Nigeria,PMO - US,From RDC,N/A - From RDC,Air Charter,02-10-10,N/A - From RDC,12-Aug-10,17-Aug-10,17-Aug-10,ARV,Adult,SCMS from RDC,"Nevirapine 200mg, tablets, 60 Tabs",Nevirapine,Generic,200mg,Tablet,60,"1,400",3822.00,2.73,0.05,"Strides, Bangalore, India.",FALSE,See DN-1994 (ID#:85140),null,8.24
"82,325",110-ZM-T30,FPQ-4273,SO-33701,DN-1866,Zambia,PMO - US,From RDC,N/A - From RDC,Truck,9/17/2009,N/A - From RDC,30-Jun-10,29-Jun-10,29-Jun-10,ARV,Adult,SCMS from RDC,"Lamivudine/Zidovudine 150/300mg, tablets, 60 Tabs",Lamivudine/Zidovudine,Generic,150/300mg,Tablet - FDC,60,"22,560",197625.60,8.76,0.15,Hetero Unit III Hyderabad IN,TRUE,1928,"$11,054.56 ",387.35
"82,326",104-CI-T30,FPQ-4659,SO-35580,DN-1867,Côte d'Ivoire,PMO - US,From RDC,N/A - From RDC,Air,12-08-09,N/A - From RDC,28-Jun-10,21-Jun-10,21-Jun-10,ARV,Adult,SCMS from RDC,"Lamivudine/Nevirapine/Zidovudine 150/200/300mg, tablets, 60 Tabs",Lamivudine/Nevirapine/Zidovudine,Generic,150/300/200mg,Tablet - FDC,60,"62,410",700240.20,11.22,0.19,"Aurobindo Unit III, India",TRUE,7701,"$27,912.64 ","1,509.72"
"84,588",102-UG-T30,FPQ-6202,SO-37250,DN-1997,Uganda,PMO - US,From RDC,N/A - From RDC,Air,08-06-10,N/A - From RDC,29-Oct-10,27-Sep-10,27-Sep-10,ARV,Adult,SCMS from RDC,"Lamivudine/Zidovudine 150/300mg, tablets, 60 Tabs",Lamivudine/Zidovudine,Generic,150/300mg,Tablet - FDC,60,"63,148",539915.40,8.55,0.14,"Aurobindo Unit III, India",FALSE,See DN-1997 (ID#:82914),null,"1,164.06"
"82,328",106-HT-T30,FPQ-5523,SO-36800,DN-1871,Haiti,PMO - US,From RDC,N/A - From RDC,Air,4/19/2010,N/A - From RDC,12-Jul-10,30-Jun-10,30-Jun-10,ARV,Adult,SCMS from RDC,"Stavudine 30mg, capsules, 60 Caps",Stavudine,Generic,30mg,Capsule,60,"7,560",10659.60,1.41,0.02,"Strides, Bangalore, India.",TRUE,2027,"$19,372.86 ",22.98
"82,329",104-CI-T30,FPQ-5201,SO-36340,DN-1873,Côte d'Ivoire,PMO - US,From RDC,N/A - From RDC,Air,03-03-10,N/A - From RDC,12-Jul-10,30-Jun-10,30-Jun-10,ARV,Pediatric,SCMS from RDC,"Abacavir 20mg/ml, oral solution, Bottle, 240 ml",Abacavir,Generic,20mg/ml,Oral solution,240,672,9139.20,13.6,0.06,"Aurobindo Unit III, India",TRUE,2979,"$3,365.45 ",19.7
"82,330",110-ZM-T30,FPQ-5702,SO-36850,DN-1875,Zambia,PMO - US,From RDC,N/A - From RDC,Truck,5/20/2010,N/A - From RDC,04-Nov-10,29-Jun-10,29-Jun-10,ARV,Adult,SCMS from RDC,"Efavirenz 600mg, tablets, 30 Tabs",Efavirenz,Generic,600mg,Tablet,30,"2,750",12650.00,4.6,0.15,Mylan (formerly Matrix) Nashik,TRUE,10313,"$11,054.59 ",27.27
"85,142",102-UG-T30,FPQ-6202,SO-37250,DN-1997,Uganda,PMO - US,From RDC,N/A - From RDC,Air,08-06-10,N/A - From RDC,29-Oct-10,27-Sep-10,27-Sep-10,ARV,Adult,SCMS from RDC,"Lamivudine/Zidovudine 150/300mg, tablets, 60 Tabs",Lamivudine/Zidovudine,Generic,150/300mg,Tablet - FDC,60,"4,399",37611.45,8.55,0.14,Mylan (formerly Matrix) Nashik,FALSE,See DN-1997 (ID#:82914),null,81.09
"82,332",104-CI-T30,FPQ-5201,SO-36370,DN-1877,Côte d'Ivoire,PMO - US,From RDC,N/A - From RDC,Air,03-03-10,N/A - From RDC,09-Jul-10,05-Jul-10,05-Jul-10,ARV,Pediatric,SCMS from RDC,"Nevirapine 10mg/ml, oral suspension, Bottle, 240 ml",Nevirapine,Generic,10mg/ml,Oral suspension,240,"3,872",7085.76,1.83,0.01,"Aurobindo Unit III, India",TRUE,1438,"$5,121.68 ",15.28
"82,333",104-CI-T30,FPQ-5201,SO-36310,DN-1880,Côte d'Ivoire,PMO - US,From RDC,N/A - From RDC,Air,03-03-10,N/A - From RDC,09-Jul-10,05-Jul-10,05-Jul-10,ARV,Pediatric,SCMS from RDC,"Nevirapine 10mg/ml, oral suspension, Bottle, 240 ml",Nevirapine,Generic,10mg/ml,Oral suspension,240,"3,872",7085.76,1.83,0.01,"Aurobindo Unit III, India",TRUE,1451,"$5,121.68 ",15.28
"82,334",104-CI-T30,FPQ-4659,SO-35550,DN-1889,Côte d'Ivoire,PMO - US,From RDC,N/A - From RDC,Air,12-08-09,N/A - From RDC,09-Jul-10,05-Jul-10,05-Jul-10,ARV,Adult,SCMS from RDC,"Lopinavir/Ritonavir 200/50mg [Aluvia], tablets, 120 Tabs",Lopinavir/Ritonavir,Aluvia,200/50mg,Tablet,120,"3,240",117158.40,36.16,0.3,ABBVIE Ludwigshafen Germany,TRUE,731,"$5,121.69 ",252.59
"86,330",102-UG-T30,FPQ-6202,SO-37250,DN-1997,Uganda,PMO - US,From RDC,N/A - From RDC,Air,08-06-10,N/A - From RDC,29-Oct-10,27-Sep-10,27-Sep-10,ARV,Adult,SCMS from RDC,"Lamivudine/Nevirapine/Zidovudine 150/200/300mg, tablets, 60 Tabs",Lamivudine/Nevirapine/Zidovudine,Generic,150/300/200mg,Tablet - FDC,60,"75,000",841500.00,11.22,0.19,"Aurobindo Unit III, India",FALSE,See DN-1997 (ID#:82914),null,"1,814.27"
"84,590",102-UG-T30,FPQ-6202,SO-37260,DN-1998,Uganda,PMO - US,From RDC,N/A - From RDC,Air,08-06-10,N/A - From RDC,30-Sep-10,23-Aug-10,23-Aug-10,ARV,Adult,SCMS from RDC,"Lamivudine/Zidovudine 150/300mg, tablets, 60 Tabs",Lamivudine/Zidovudine,Generic,150/300mg,Tablet - FDC,60,"26,991",230773.05,8.55,0.14,"Aurobindo Unit III, India",FALSE,See DN-1998 (ID#:84589),null,497.55
"85,143",102-UG-T30,FPQ-6202,SO-37260,DN-1998,Uganda,PMO - US,From RDC,N/A - From RDC,Air,08-06-10,N/A - From RDC,30-Sep-10,23-Aug-10,23-Aug-10,ARV,Adult,SCMS from RDC,"Efavirenz 600mg, tablets, 30 Tabs",Efavirenz,Generic,600mg,Tablet,30,667,2968.15,4.45,0.15,Mylan (formerly Matrix) Nashik,FALSE,See DN-1998 (ID#:84589),null,6.4
"85,702",102-UG-T30,FPQ-6202,SO-37260,DN-1998,Uganda,PMO - US,From RDC,N/A - From RDC,Air,08-06-10,N/A - From RDC,30-Sep-10,23-Aug-10,23-Aug-10,ARV,Adult,SCMS from RDC,"Lamivudine/Zidovudine 150/300mg, tablets, 60 Tabs",Lamivudine/Zidovudine,Generic,150/300mg,Tablet - FDC,60,"2,999",25641.45,8.55,0.14,Hetero Unit III Hyderabad IN,FALSE,See DN-1998 (ID#:84589),null,55.28
"82,341",107-RW-T30,FPQ-5394,SO-36581,DN-1950,Rwanda,PMO - US,From RDC,N/A - From RDC,Air,3/25/2010,N/A - From RDC,30-Aug-10,03-Aug-10,03-Aug-10,ARV,Adult,SCMS from RDC,"Lamivudine/Nevirapine/Zidovudine 150/200/300mg, tablets, 60 Tabs",Lamivudine/Nevirapine/Zidovudine,Generic,150/300/200mg,Tablet - FDC,60,"44,131",495149.82,11.22,0.19,"Aurobindo Unit III, India",TRUE,5364,"$81,670.57 ","1,067.54"
"82,342",109-TZ-T30,FPQ-5436,SO-36630,DN-1953,Tanzania,PMO - US,From RDC,N/A - From RDC,Air,04-01-10,N/A - From RDC,26-Aug-10,23-Aug-10,23-Aug-10,ARV,Adult,SCMS from RDC,"Tenofovir Disoproxil Fumarate 300mg, tablets, 30 Tabs",Tenofovir Disoproxil Fumarate,Generic,300mg,Tablet,30,"3,000",21900.00,7.3,0.24,Mylan (formerly Matrix) Nashik,TRUE,269,"$1,647.25 ",47.22
"82,343",109-TZ-T30,FPQ-5436,SO-36620,DN-1954,Tanzania,PMO - US,From RDC,N/A - From RDC,Air,04-01-10,N/A - From RDC,31-Aug-10,23-Aug-10,23-Aug-10,ARV,Adult,SCMS from RDC,"Abacavir 300mg, tablets, 60 Tabs",Abacavir,Generic,300mg,Tablet,60,"23,340",383709.60,16.44,0.27,Mylan (formerly Matrix) Nashik,TRUE,2344,"$1,647.25 ",827.28
"82,345",151-NG-T30,FPQ-5023,SO-36413,DN-1967,Nigeria,PMO - US,From RDC,N/A - From RDC,Air Charter,02-10-10,N/A - From RDC,09-Aug-10,17-Aug-10,17-Aug-10,ARV,Adult,SCMS from RDC,"Emtricitabine/Tenofovir Disoproxil Fumarate 200/300mg, tablets, 30 Tabs",Emtricitabine/Tenofovir Disoproxil Fumarate,Generic,200/300mg,Tablet - FDC,30,"6,203",72885.25,11.75,0.39,Mylan (formerly Matrix) Nashik,TRUE,560,"$6,147.18 ",157.14
"82,346",151-NG-T30,FPQ-5688,SO-36932,DN-1976,Nigeria,PMO - US,From RDC,N/A - From RDC,Air Charter,5/27/2010,N/A - From RDC,31-Aug-10,17-Aug-10,17-Aug-10,ARV,Adult,SCMS from RDC,"Lamivudine/Nevirapine/Zidovudine 150/200/300mg, tablets, 60 Tabs",Lamivudine/Nevirapine/Zidovudine,Generic,150/300/200mg,Tablet - FDC,60,"32,040",359488.80,11.22,0.19,"Aurobindo Unit III, India",TRUE,4212,"$6,147.18 ",775.06
"82,347",104-CI-T30,FPQ-5925,SO-37141,DN-1983,Côte d'Ivoire,PMO - US,From RDC,N/A - From RDC,Air,6/23/2010,N/A - From RDC,31-Aug-10,23-Aug-10,23-Aug-10,ARV,Adult,SCMS from RDC,"Stavudine 30mg, capsules, 60 Caps",Stavudine,Generic,30mg,Capsule,60,"5,670",7994.70,1.41,0.02,"Strides, Bangalore, India.",TRUE,317,"$12,648.36 ",17.24
"82,349",117-ET-T30,FPQ-5668,SO-36812,DN-2007,Ethiopia,PMO - US,From RDC,N/A - From RDC,Air,05-07-10,N/A - From RDC,30-Aug-10,13-Sep-10,13-Sep-10,ARV,Adult,SCMS from RDC,"Lamivudine 150mg, tablets, 60 Tabs",Lamivudine,Generic,150mg,Tablet,60,"2,000",4660.00,2.33,0.04,"Aurobindo Unit III, India",TRUE,84,$530.36 ,10.05
"82,350",104-CI-T30,FPQ-5623,SO-36880,DN-2011,Côte d'Ivoire,PMO - US,From RDC,N/A - From RDC,Air,05-07-10,N/A - From RDC,30-Sep-10,25-Sep-10,25-Sep-10,ARV,Adult,SCMS from RDC,"Tenofovir Disoproxil Fumarate 300mg, tablets, 30 Tabs",Tenofovir Disoproxil Fumarate,Generic,300mg,Tablet,30,"2,200",16060.00,7.3,0.24,Mylan (formerly Matrix) Nashik,TRUE,6587,"$8,953.20 ",34.63
"82,351",105-GY-T30,FPQ-6306,SO-37390,DN-2016,Guyana,PMO - US,From RDC,N/A - From RDC,Air,8/27/2010,N/A - From RDC,23-Nov-10,19-Sep-10,19-Sep-10,ARV,Adult,SCMS from RDC,"Abacavir 300mg, tablets, 60 Tabs",Abacavir,Generic,300mg,Tablet,60,330,5425.20,16.44,0.27,Mylan (formerly Matrix) Nashik,TRUE,86,"$3,307.86 ",11.7
"82,352",110-ZM-T30,FPQ-5702,SO-36841,DN-2018,Zambia,PMO - US,From RDC,N/A - From RDC,Truck,5/20/2010,N/A - From RDC,04-Nov-10,12-Oct-10,12-Oct-10,ARV,Adult,SCMS from RDC,"Emtricitabine/Tenofovir Disoproxil Fumarate 200/300mg, tablets, 30 Tabs",Emtricitabine/Tenofovir Disoproxil Fumarate,Generic,200/300mg,Tablet - FDC,30,"140,554",1651509.50,11.75,0.39,Mylan (formerly Matrix) Nashik,TRUE,16961,"$16,981.15 ","3,560.65"
"82,353",106-HT-T30,FPQ-5523,SO-36780,DN-2021,Haiti,PMO - US,From RDC,N/A - From RDC,Air,4/19/2010,N/A - From RDC,20-Oct-10,21-Oct-10,21-Oct-10,ARV,Adult,SCMS from RDC,"Lamivudine/Zidovudine 150/300mg, tablets, 60 Tabs",Lamivudine/Zidovudine,Generic,150/300mg,Tablet - FDC,60,"64,241",549260.55,8.55,0.14,Hetero Unit III Hyderabad IN,TRUE,6234,"$31,214.27 ","1,184.21"
"82,354",111-MZ-T30,FPQ-5126,SO-35980,DN-2027,Mozambique,PMO - US,From RDC,N/A - From RDC,Truck,2/18/2010,N/A - From RDC,25-Nov-10,01-Dec-10,01-Dec-10,ARV,Adult,SCMS from RDC,"Lamivudine/Nevirapine/Zidovudine 150/200/300mg, tablets, 60 Tabs",Lamivudine/Nevirapine/Zidovudine,Generic,150/300/200mg,Tablet - FDC,60,"208,501",2339381.22,11.22,0.19,"Aurobindo Unit III, India",TRUE,28237,"$14,163.13 ","5,043.71"
"82,355",105-GY-T30,FPQ-6307,SO-37410,DN-2038,Guyana,PMO - US,From RDC,N/A - From RDC,Air,8/30/2010,N/A - From RDC,23-Nov-10,13-Nov-10,13-Nov-10,ARV,Pediatric,SCMS from RDC,"Didanosine 100mg, chewable/dispersible tablets, 60 Tabs",Didanosine,Generic,100mg,Chewable/dispersible tablet,60,336,2593.92,7.72,0.13,"Aurobindo Unit III, India",TRUE,89,"$1,221.83 ",5.59
"82,356",104-CI-T30,FPQ-5925,SO-37150,DN-2035,Côte d'Ivoire,PMO - US,From RDC,N/A - From RDC,Truck,6/23/2010,N/A - From RDC,30-Nov-10,26-Nov-10,26-Nov-10,ARV,Pediatric,SCMS from RDC,"Abacavir 20mg/ml, oral solution w/syringe, Bottle, 240 ml",Abacavir,Generic,20mg/ml,Oral solution,240,36,493.20,13.7,0.06,"Aurobindo Unit III, India",TRUE,7889,"$6,406.53 ",1.06
"85,704",110-ZM-T30,FPQ-5702,SO-36844,DN-2003,Zambia,PMO - US,From RDC,N/A - From RDC,Air,5/20/2010,N/A - From RDC,22-Sep-10,01-Sep-10,01-Sep-10,ARV,Adult,SCMS from RDC,"Lamivudine/Zidovudine 150/300mg, tablets, 60 Tabs",Lamivudine/Zidovudine,Generic,150/300mg,Tablet - FDC,60,"112,227",959540.85,8.55,0.14,Hetero Unit III Hyderabad IN,FALSE,See DN-2003 (ID#:85146),null,"2,068.77"
"82,358",104-CI-T30,FPQ-5623,SO-37750,DN-2036,Côte d'Ivoire,PMO - US,From RDC,N/A - From RDC,Air,05-07-10,N/A - From RDC,16-Nov-10,26-Nov-10,26-Nov-10,ARV,Pediatric,SCMS from RDC,"Abacavir 20mg/ml, oral solution, Bottle, 240 ml",Abacavir,Generic,20mg/ml,Oral solution,240,588,7996.80,13.6,0.06,"Aurobindo Unit III, India",TRUE,215,"$6,406.54 ",17.24
"82,359",111-MZ-T30,FPQ-6426,SO-37590,DN-2051,Mozambique,PMO - US,From RDC,N/A - From RDC,Truck,9/23/2010,N/A - From RDC,20-Dec-10,23-Dec-10,23-Dec-10,ARV,Adult,SCMS from RDC,"Lamivudine/Stavudine 150/30mg, tablets, 60 Tabs",Lamivudine/Stavudine,Generic,150/30mg,Tablet - FDC,60,"2,996",9587.20,3.2,0.05,"Cipla, Goa, India",TRUE,6022,"$6,500.45 ",20.67
"82,360",200-DO-T30,FPQ-6616,SO-38020,DN-2065,Dominican Republic,PMO - US,From RDC,N/A - From RDC,Air,10/25/2010,N/A - From RDC,31-Jan-11,08-Dec-10,08-Dec-10,ARV,Adult,SCMS from RDC,"Lamivudine 150mg, tablets, 60 Tabs",Lamivudine,Generic,150mg,Tablet,60,649,1512.17,2.33,0.04,Hetero Unit III Hyderabad IN,TRUE,1787,"$18,046.12 ",2.5
"82,361",104-CI-T30,FPQ-5925,SO-37660,DN-2071,Côte d'Ivoire,PMO - US,From RDC,N/A - From RDC,Air,6/23/2010,N/A - From RDC,14-Dec-10,15-Dec-10,15-Dec-10,ARV,Pediatric,SCMS from RDC,"Nevirapine 10mg/ml, oral suspension w/syringe, Bottle, 240 ml",Nevirapine,Generic,10mg/ml,Oral suspension,240,628,1224.60,1.95,0.01,"Aurobindo Unit III, India",TRUE,232,"$1,794.58 ",2.64
"82,362",106-HT-T30,FPQ-6484,SO-37760,DN-2073,Haiti,PMO - US,From RDC,N/A - From RDC,Air,10/13/2010,N/A - From RDC,20-Dec-10,05-Jan-11,05-Jan-11,ARV,Pediatric,SCMS from RDC,"Zidovudine 10mg/ml, oral solution, Bottle, 240 ml",Zidovudine,Generic,10mg/ml,Oral solution,240,"3,872",7821.44,2.02,0.01,"Aurobindo Unit III, India",TRUE,7755,"$74,839.90 ",16.86
"82,363",110-ZM-T30,FPQ-6665,SO-38200,DN-2081,Zambia,PMO - US,From RDC,N/A - From RDC,Air,11-08-10,N/A - From RDC,20-Jan-11,07-Feb-11,07-Feb-11,ARV,Adult,SCMS from RDC,"Lamivudine 150mg, tablets, 60 Tabs",Lamivudine,Generic,150mg,Tablet,60,"10,131",23605.23,2.33,0.04,"Aurobindo Unit III, India",TRUE,493,"$2,859.16 ",38.95
"82,364",114-UG-T30,FPQ-6614,SO-38140,DN-2083,Uganda,PMO - US,From RDC,N/A - From RDC,Air,10/31/2010,N/A - From RDC,08-Feb-11,17-Jan-11,17-Jan-11,ARV,Adult,SCMS from RDC,"Lamivudine/Nevirapine/Zidovudine 150/200/300mg, tablets, 60 Tabs",Lamivudine/Nevirapine/Zidovudine,Generic,150/300/200mg,Tablet - FDC,60,"4,176",46854.72,11.22,0.19,"Aurobindo Unit III, India",TRUE,567,"$2,768.96 ",77.31
"82,365",117-ET-T30,FPQ-6980,SO-38290,DN-2088,Ethiopia,PMO - US,From RDC,N/A - From RDC,Air,01-04-11,N/A - From RDC,21-Jan-11,12-Jan-11,12-Jan-11,ARV,Pediatric,SCMS from RDC,"Zidovudine 10mg/ml, oral solution, Bottle, 240 ml",Zidovudine,Generic,10mg/ml,Oral solution,240,"3,000",6060.00,2.02,0.01,"Aurobindo Unit III, India",TRUE,1190,"$6,770.60 ",10
"82,366",151-NG-T30,FPQ-6243,SO-38320,DN-2090,Nigeria,PMO - US,From RDC,N/A - From RDC,Air Charter,8/25/2010,N/A - From RDC,22-Feb-11,16-Feb-11,16-Feb-11,ARV,Adult,SCMS from RDC,"Lamivudine/Nevirapine/Zidovudine 150/200/300mg, tablets, 60 Tabs",Lamivudine/Nevirapine/Zidovudine,Generic,150/300/200mg,Tablet - FDC,60,"141,764",1590592.08,11.22,0.19,"Aurobindo Unit III, India",TRUE,70109,"$43,548 ","3,429.32"
"82,367",117-ET-T30,FPQ-7001,SO-38450,DN-2104,Ethiopia,PMO - US,From RDC,N/A - From RDC,Air,01-06-11,N/A - From RDC,14-Feb-11,28-Jan-11,28-Jan-11,ARV,Adult,SCMS from RDC,"Tenofovir Disoproxil Fumarate 300mg, tablets, 30 Tabs",Tenofovir Disoproxil Fumarate,Generic,300mg,Tablet,30,"1,467",9638.19,6.57,0.22,Mylan (formerly Matrix) Nashik,TRUE,9,"$1,401.76 ",15.9
"82,368",104-CI-T30,FPQ-6144,SO-37290,DN-2108,Côte d'Ivoire,PMO - US,From RDC,N/A - From RDC,Air,08-03-10,N/A - From RDC,31-Jan-11,22-Feb-11,22-Feb-11,ARV,Adult,SCMS from RDC,"Abacavir/Lamivudine 600/300mg, scored tablets, 30 Tabs",Abacavir/Lamivudine,Generic,600/300mg,Tablet - FDC,30,"2,610",58725.00,22.5,0.75,Mylan (formerly Matrix) Nashik,TRUE,1195,"$8,758.37 ",126.61
"82,369",114-UG-T30,FPQ-6614,SO-37990,DN-2077,Uganda,PMO - US,From RDC,N/A - From RDC,Air,10/31/2010,N/A - From RDC,08-Feb-11,23-Dec-10,23-Dec-10,ARV,Adult,SCMS from RDC,"Lamivudine/Zidovudine 150/300mg, tablets, 60 Tabs",Lamivudine/Zidovudine,Generic,150/300mg,Tablet - FDC,60,"2,316",19801.80,8.55,0.14,Hetero Unit III Hyderabad IN,TRUE,386,"$2,294.85 ",32.67
"82,370",114-UG-T30,FPQ-6427,SO-37560,DN-2121,Uganda,PMO - US,From RDC,N/A - From RDC,Truck,9/29/2010,N/A - From RDC,28-Feb-11,22-Mar-11,22-Mar-11,ARV,Adult,SCMS from RDC,"Lamivudine/Nevirapine/Zidovudine 150/200/300mg, tablets, 60 Tabs",Lamivudine/Nevirapine/Zidovudine,Generic,150/300/200mg,Tablet - FDC,60,"117,367",1316857.74,11.22,0.19,"Aurobindo Unit III, India",TRUE,17496,"$104,604.06 ","2,839.15"
"82,371",113-ZW-T30,FPQ-6470,SO-37830,DN-2127,Zimbabwe,PMO - US,From RDC,N/A - From RDC,Truck,10/13/2010,N/A - From RDC,31-Mar-11,17-Mar-11,17-Mar-11,ARV,Adult,SCMS from RDC,"Lamivudine/Tenofovir Disoproxil Fumarate 300/300mg, tablets, 30 Tabs",Lamivudine/Tenofovir Disoproxil Fumarate,Generic,300/300mg,Tablet - FDC,30,"97,100",856422.00,8.82,0.29,Mylan (formerly Matrix) Nashik,TRUE,14340,"$16,222.85 ","1,846.45"
"82,372",114-UG-T30,FPQ-7166,SO-38860,DN-2134,Uganda,PMO - US,From RDC,N/A - From RDC,Air,02-11-11,N/A - From RDC,09-Mar-11,15-Mar-11,15-Mar-11,ARV,Pediatric,SCMS from RDC,"Nevirapine 10mg/ml, oral suspension w/syringe, Bottle, 240 ml",Nevirapine,Generic,10mg/ml,Oral suspension,240,"1,000",1950.00,1.95,0.01,"Aurobindo Unit III, India",TRUE,369,"$6,218.58 ",3.22
"82,373",117-ET-T30,FPQ-7001,SO-38580,DN-2148,Ethiopia,PMO - US,From RDC,N/A - From RDC,Air,01-06-11,N/A - From RDC,30-Apr-11,18-Mar-11,18-Mar-11,ARV,Adult,SCMS from RDC,"Tenofovir Disoproxil Fumarate 300mg, tablets, 30 Tabs",Tenofovir Disoproxil Fumarate,Generic,300mg,Tablet,30,"6,993",45944.01,6.57,0.22,"Aurobindo Unit III, India",TRUE,629,"$4,277.04 ",75.81
"82,374",104-CI-T30,FPQ-6891,SO-38540,DN-2153,Côte d'Ivoire,PMO - US,From RDC,N/A - From RDC,Air,12/21/2010,N/A - From RDC,20-Apr-11,10-Jun-11,10-Jun-11,ARV,Adult,SCMS from RDC,"Tenofovir Disoproxil Fumarate 300mg, tablets, 30 Tabs",Tenofovir Disoproxil Fumarate,Generic,300mg,Tablet,30,859,5643.63,6.57,0.22,"Aurobindo Unit III, India",TRUE,12232,"$60,010.73 ",9.31
"82,378",113-ZW-T30,FPQ-6470,SO-39260,DN-2177,Zimbabwe,PMO - US,From RDC,N/A - From RDC,Truck,10/13/2010,N/A - From RDC,31-Mar-11,20-May-11,20-May-11,ARV,Adult,SCMS from RDC,"Lamivudine/Stavudine 150/30mg, tablets, 60 Tabs",Lamivudine/Stavudine,Generic,150/30mg,Tablet - FDC,60,"2,786",9138.08,3.28,0.05,"Cipla, Goa, India",TRUE,213,"$3,403.98 ",19.7
"82,379",106-HT-T30,FPQ-6484,SO-37790,DN-2186,Haiti,PMO - US,From RDC,N/A - From RDC,Air,10/13/2010,N/A - From RDC,14-Apr-11,04-May-11,04-May-11,ARV,Pediatric,SCMS from RDC,"Zidovudine 100mg, capsules, 100 Caps",Zidovudine,Generic,100mg,Capsule,100,"1,242",6011.28,4.84,0.05,"Aurobindo Unit III, India",TRUE,260,"$2,452.54 ",12.96
"82,380",106-HT-T30,FPQ-6484,SO-39310,DN-2188,Haiti,PMO - US,From RDC,N/A - From RDC,Air,10/13/2010,N/A - From RDC,12-May-11,04-May-11,04-May-11,ARV,Pediatric,SCMS from RDC,"Efavirenz 200mg, capsule, 90 Caps",Efavirenz,Generic,200mg,Capsule,90,"1,260",12234.60,9.71,0.11,"Aurobindo Unit III, India",TRUE,194,"$2,452.54 ",26.38
"82,381",114-UG-T30,FPQ-7162,SO-38810,DN-2191,Uganda,PMO - US,From RDC,N/A - From RDC,Truck,2/14/2011,N/A - From RDC,11-May-11,24-May-11,24-May-11,ARV,Adult,SCMS from RDC,"Lamivudine/Nevirapine/Zidovudine 150/200/300mg, tablets, 60 Tabs",Lamivudine/Nevirapine/Zidovudine,Generic,150/300/200mg,Tablet - FDC,60,"100,000",1122000.00,11.22,0.19,Mylan (formerly Matrix) Nashik,TRUE,14983,"$78,442.21 ","1,851.30"
"82,382",151-NG-T30,FPQ-7217,SO-39640,DN-2220,Nigeria,PMO - US,From RDC,N/A - From RDC,Air Charter,2/21/2011,N/A - From RDC,15-Jun-11,05-Jul-11,05-Jul-11,ARV,Adult,SCMS from RDC,"Efavirenz 600mg, tablets, 30 Tabs",Efavirenz,Generic,600mg,Tablet,30,"57,468",248261.76,4.32,0.14,Mylan (formerly Matrix) Nashik,TRUE,4915,"$13,398.06 ",409.63
"82,383",113-ZW-T30,FPQ-6470,SO-37860,DN-2223,Zimbabwe,PMO - US,From RDC,N/A - From RDC,Truck,10/13/2010,N/A - From RDC,31-May-11,30-Jun-11,30-Jun-11,ARV,Adult,SCMS from RDC,"Efavirenz 600mg, tablets, 30 Tabs",Efavirenz,Generic,600mg,Tablet,30,"6,392",27741.28,4.34,0.14,"Aurobindo Unit III, India",TRUE,571,"$4,428.06 ",59.81
"82,384",200-ZW-T30,FPQ-6483,SO-39520,DN-2224,Zimbabwe,PMO - US,From RDC,N/A - From RDC,Truck,10/13/2010,N/A - From RDC,31-May-11,30-Jun-11,30-Jun-11,ARV,Pediatric,SCMS from RDC,"Lamivudine/Nevirapine/Zidovudine 30/50/60mg, dispersible tablets, 60 Tabs",Lamivudine/Nevirapine/Zidovudine,Generic,30/50/60mg,Chewable/dispersible tablet - FDC,60,"35,000",148750.00,4.25,0.07,Mylan (formerly Matrix) Nashik,TRUE,2032,"$4,428.06 ",320.7
"82,385",105-GY-T30,FPQ-7621,SO-39720,DN-2231,Guyana,PMO - US,From RDC,N/A - From RDC,Air,05-04-11,N/A - From RDC,27-Oct-11,15-Jun-11,15-Jun-11,ARV,Pediatric,SCMS from RDC,"Zidovudine 100mg, capsules, 100 Caps",Zidovudine,Generic,100mg,Capsule,100,"1,043",4964.68,4.76,0.05,"Aurobindo Unit III, India",TRUE,332,"$4,398.32 ",8.19
"86,332",110-ZM-T30,FPQ-5702,SO-36844,DN-2003,Zambia,PMO - US,From RDC,N/A - From RDC,Air,5/20/2010,N/A - From RDC,22-Sep-10,01-Sep-10,01-Sep-10,ARV,Adult,SCMS from RDC,"Abacavir 300mg, tablets, 60 Tabs",Abacavir,Generic,300mg,Tablet,60,"13,455",230618.70,17.14,0.29,Mylan (formerly Matrix) Nashik,FALSE,See DN-2003 (ID#:85146),null,497.21
"82,387",151-NG-T30,FPQ-7217,SO-39850,DN-2245,Nigeria,PMO - US,From RDC,N/A - From RDC,Air Charter,2/21/2011,N/A - From RDC,15-Jun-11,06-Jul-11,06-Jul-11,ARV,Pediatric,SCMS from RDC,"Efavirenz 200mg, capsule, 90 Caps",Efavirenz,Generic,200mg,Capsule,90,"1,280",12403.20,9.69,0.11,"Aurobindo Unit III, India",TRUE,177,"$13,398.06 ",20.47
"82,388",110-ZM-T30,FPQ-7233,SO-39040,DN-2273,Zambia,PMO - US,From RDC,N/A - From RDC,Truck,03-01-11,N/A - From RDC,15-Aug-11,05-Aug-11,05-Aug-11,ARV,Pediatric,SCMS from RDC,"Nevirapine 10mg/ml, oral suspension, Bottle, 240 ml",Nevirapine,Generic,10mg/ml,Oral suspension,240,"20,000",36000.00,1.8,0.01,"Aurobindo Unit III, India",TRUE,7469,"$3,949.19 ",59.4
"82,389",113-ZW-T30,FPQ-6470,SO-37841,DN-2282,Zimbabwe,PMO - US,From RDC,N/A - From RDC,Truck,10/13/2010,N/A - From RDC,15-Aug-11,11-Aug-11,11-Aug-11,ARV,Adult,SCMS from RDC,"Lamivudine/Nevirapine/Stavudine 150/200/30mg, tablets, 60 Tabs",Lamivudine/Nevirapine/Stavudine,Generic,150/200/30mg,Tablet - FDC,60,"51,722",278264.36,5.38,0.09,"Cipla, Goa, India",TRUE,9134,"$16,064.09 ",599.94
"82,390",200-ZW-T30,FPQ-6483,SO-38901,DN-2288,Zimbabwe,PMO - US,From RDC,N/A - From RDC,Air,10/13/2010,N/A - From RDC,30-Sep-11,04-Aug-11,04-Aug-11,ARV,Pediatric,SCMS from RDC,"Didanosine 125mg, delayed-release capsules, 30 Caps",Didanosine,Generic,125mg,Delayed-release capsules,30,124,1054.00,8.5,0.28,"Aurobindo Unit III, India",TRUE,8,$940.23 ,2.27
"82,391",110-ZM-T30,FPQ-7233,SO-39031,DN-2289,Zambia,PMO - US,From RDC,N/A - From RDC,Air,03-01-11,N/A - From RDC,15-Aug-11,18-Jul-11,18-Jul-11,ARV,Adult,SCMS from RDC,"Emtricitabine/Tenofovir Disoproxil Fumarate 200/300mg, tablets, 30 Tabs",Emtricitabine/Tenofovir Disoproxil Fumarate,Generic,200/300mg,Tablet - FDC,30,"10,015",109363.80,10.92,0.36,Mylan (formerly Matrix) Nashik,TRUE,846,"$3,798.73 ",180.45
"82,392",114-UG-T30,FPQ-7162,SO-38801,DN-2297,Uganda,PMO - US,From RDC,N/A - From RDC,Truck,2/14/2011,N/A - From RDC,05-Aug-11,05-Aug-11,05-Aug-11,ARV,Adult,SCMS from RDC,"Nevirapine 200mg, tablets, 60 Tabs",Nevirapine,Generic,200mg,Tablet,60,451,1132.01,2.51,0.04,"Strides, Bangalore, India.",TRUE,698,"$3,865.63 ",1.87
"82,393",114-UG-T30,FPQ-7162,SO-38820,DN-2298,Uganda,PMO - US,From RDC,N/A - From RDC,Truck,2/14/2011,N/A - From RDC,29-Jul-11,02-Aug-11,02-Aug-11,ARV,Adult,SCMS from RDC,"Lamivudine/Zidovudine 150/300mg, tablets, 60 Tabs",Lamivudine/Zidovudine,Generic,150/300mg,Tablet - FDC,60,"15,107",124783.82,8.26,0.14,"Aurobindo Unit III, India",TRUE,1409,"$10,928.52 ",205.89
"82,394",113-ZW-T30,FPQ-6470,SO-37843,DN-2300,Zimbabwe,PMO - US,From RDC,N/A - From RDC,Truck,10/13/2010,N/A - From RDC,06-Sep-11,05-Sep-11,05-Sep-11,ARV,Adult,SCMS from RDC,"Lamivudine/Tenofovir Disoproxil Fumarate 300/300mg, tablets, 30 Tabs",Lamivudine/Tenofovir Disoproxil Fumarate,Generic,300/300mg,Tablet - FDC,30,"10,114",87283.82,8.63,0.29,Mylan (formerly Matrix) Nashik,TRUE,1019,"$4,969.87 ",188.18
"82,395",104-CI-T30,FPQ-7659,SO-40121,DN-2304,Côte d'Ivoire,PMO - US,From RDC,N/A - From RDC,Air,05-03-11,N/A - From RDC,27-Sep-11,12-Sep-11,12-Sep-11,ARV,Adult,SCMS from RDC,"Lamivudine/Nevirapine/Zidovudine 150/200/300mg, tablets, 60 Tabs",Lamivudine/Nevirapine/Zidovudine,Generic,150/300/200mg,Tablet - FDC,60,"160,058",1795850.76,11.22,0.19,Mylan (formerly Matrix) Nashik,TRUE,26409,"$60,432.88 ","2,963.15"
"82,397",111-MZ-T30,FPQ-7053,SO-40180,DN-2317,Mozambique,PMO - US,From RDC,N/A - From RDC,Truck,1/24/2011,N/A - From RDC,02-Nov-11,02-Nov-11,02-Nov-11,ARV,Adult,SCMS from RDC,"Lamivudine/Nevirapine/Zidovudine 150/200/300mg, tablets, 60 Tabs",Lamivudine/Nevirapine/Zidovudine,Generic,150/300/200mg,Tablet - FDC,60,"119,098",1336279.56,11.22,0.19,"Aurobindo Unit III, India",TRUE,15808,"$11,969.68 ","2,204.86"
"82,398",114-UG-T30,FPQ-8048,SO-40210,DN-2327,Uganda,PMO - US,From RDC,N/A - From RDC,Air,7/13/2011,N/A - From RDC,03-Nov-11,21-Aug-11,21-Aug-11,ARV,Adult,SCMS from RDC,"Tenofovir Disoproxil Fumarate 300mg, tablets, 30 Tabs",Tenofovir Disoproxil Fumarate,Generic,300mg,Tablet,30,"2,447",15709.74,6.42,0.21,Mylan (formerly Matrix) Nashik,TRUE,138,"$1,812.94 ",25.92
"82,399",114-UG-T30,FPQ-7166,SO-38871,DN-2334,Uganda,PMO - US,From RDC,N/A - From RDC,Air,02-11-11,N/A - From RDC,31-Aug-11,14-Sep-11,14-Sep-11,ARV,Pediatric,SCMS from RDC,"Nevirapine 10mg/ml, oral suspension w/syringe, Bottle, 240 ml",Nevirapine,Generic,10mg/ml,Oral suspension,240,"11,326",22085.70,1.95,0.01,"Aurobindo Unit III, India",TRUE,4274,"$24,213.81 ",36.44
"82,401",104-CI-T30,FPQ-7659,SO-40122,DN-2339,Côte d'Ivoire,PMO - US,From RDC,N/A - From RDC,Air,05-03-11,N/A - From RDC,12-Oct-11,12-Oct-11,12-Oct-11,ARV,Adult,SCMS from RDC,"Lamivudine/Nevirapine/Zidovudine 150/200/300mg, tablets, 60 Tabs",Lamivudine/Nevirapine/Zidovudine,Generic,150/300/200mg,Tablet - FDC,60,"12,169",136536.18,11.22,0.19,"Aurobindo Unit III, India",TRUE,7916,"$21,397.38 ",225.28
"82,402",105-GY-T30,FPQ-8023,SO-40440,DN-2348,Guyana,PMO - US,From RDC,N/A - From RDC,Air,8/19/2011,N/A - From RDC,18-Oct-11,03-Oct-11,03-Oct-11,ARV,Adult,SCMS from RDC,"Zidovudine 300mg, tablets, 60 Tabs",Zidovudine,Generic,300mg,Tablet,60,726,5096.52,7.02,0.12,Hetero Unit III Hyderabad IN,TRUE,199,"$3,127.35 ",8.41
"82,403",151-NG-T30,FPQ-7812,SO-39994,DN-2353,Nigeria,PMO - US,From RDC,N/A - From RDC,Air Charter,06-06-11,N/A - From RDC,03-Nov-11,28-Sep-11,28-Sep-11,ARV,Adult,SCMS from RDC,"Lamivudine 150mg, tablets, 60 Tabs",Lamivudine,Generic,150mg,Tablet,60,"4,300",10019.00,2.33,0.04,"Aurobindo Unit III, India",TRUE,220,"$18,495.90 ",16.53
"82,404",151-NG-T30,FPQ-7812,SO-39997,DN-2356,Nigeria,PMO - US,From RDC,N/A - From RDC,Air Charter,06-06-11,N/A - From RDC,03-Nov-11,28-Sep-11,28-Sep-11,ARV,Adult,SCMS from RDC,"Emtricitabine/Tenofovir Disoproxil Fumarate 200/300mg, tablets, 30 Tabs",Emtricitabine/Tenofovir Disoproxil Fumarate,Generic,200/300mg,Tablet - FDC,30,"115,089",1127872.20,9.8,0.33,Mylan (formerly Matrix) Nashik,TRUE,11004,"$18,495.90 ","1,860.99"
"82,405",151-NG-T30,FPQ-7812,SO-39998,DN-2358,Nigeria,PMO - US,From RDC,N/A - From RDC,Air Charter,06-06-11,N/A - From RDC,03-Nov-11,28-Sep-11,28-Sep-11,ARV,Adult,SCMS from RDC,"Lamivudine/Zidovudine 150/300mg, tablets, 60 Tabs",Lamivudine/Zidovudine,Generic,150/300mg,Tablet - FDC,60,"3,446",28463.96,8.26,0.14,Mylan (formerly Matrix) Nashik,TRUE,6622,"$18,495.90 ",46.97
"86,334",109-TZ-T30,FPQ-6226,SO-37300,DN-2008,Tanzania,PMO - US,From RDC,N/A - From RDC,Air,8/16/2010,N/A - From RDC,30-Sep-10,10-Sep-10,10-Sep-10,ARV,Adult,SCMS from RDC,"Efavirenz 600mg, tablets, 30 Tabs",Efavirenz,Generic,600mg,Tablet,30,"44,669",198777.05,4.45,0.15,Mylan (formerly Matrix) Nashik,FALSE,See DN-2008 (ID#:84038),null,428.56
"82,407",901-SZ-T30,FPQ-8360,SO-40590,DN-2360,Swaziland,PMO - US,From RDC,N/A - From RDC,Air,09-02-11,N/A - From RDC,30-Sep-11,15-Sep-11,15-Sep-11,ARV,Adult,SCMS from RDC,"Abacavir 300mg, tablets, 60 Tabs",Abacavir,Generic,300mg,Tablet,60,"4,224",61797.12,14.63,0.24,Mylan (formerly Matrix) Nashik,TRUE,1926,"$3,134.82 ",101.97
"82,916",104-CI-T30,FPQ-5623,SO-36880,DN-2011,Côte d'Ivoire,PMO - US,From RDC,N/A - From RDC,Air,05-07-10,N/A - From RDC,30-Sep-10,25-Sep-10,25-Sep-10,ARV,Pediatric,SCMS from RDC,"Lamivudine 10mg/ml, oral solution, Bottle, 240 ml",Lamivudine,Generic,10mg/ml,Oral solution,240,"4,970",9592.10,1.93,0.01,"Cipla, Goa, India",FALSE,See DN-2011 (ID#:82350),null,20.68
"82,409",106-HT-T30,FPQ-6801,SO-38215,DN-2370,Haiti,PMO - US,From RDC,N/A - From RDC,Air,12/14/2010,N/A - From RDC,31-Oct-11,10-Oct-11,10-Oct-11,ARV,Pediatric,SCMS from RDC,"Nevirapine 10mg/ml, oral suspension w/syringe, Bottle, 240 ml",Nevirapine,Generic,10mg/ml,Oral suspension,240,"1,292",2519.40,1.95,0.01,"Aurobindo Unit III, India",TRUE,483,"$5,324.69 ",4.16
"82,410",900-SZ-T30,FPQ-8417,SO-40680,DN-2379,Swaziland,PMO - US,From RDC,N/A - From RDC,Air,9/14/2011,N/A - From RDC,06-Oct-11,11-Oct-11,11-Oct-11,ARV,Adult,SCMS from RDC,"Lamivudine/Tenofovir Disoproxil Fumarate 300/300mg, tablets, 30 Tabs",Lamivudine/Tenofovir Disoproxil Fumarate,Generic,300/300mg,Tablet - FDC,30,"30,000",246900.00,8.23,0.27,Mylan (formerly Matrix) Nashik,TRUE,2641,"$7,168.80 ",407.38
"82,411",114-UG-T30,FPQ-7166,SO-38872,DN-2382,Uganda,PMO - US,From RDC,N/A - From RDC,Air,02-11-11,N/A - From RDC,30-Oct-11,01-Nov-11,01-Nov-11,ARV,Pediatric,SCMS from RDC,"Nevirapine 10mg/ml, oral suspension w/syringe, Bottle, 240 ml",Nevirapine,Generic,10mg/ml,Oral suspension,240,"13,993",27286.35,1.95,0.01,"Aurobindo Unit III, India",TRUE,5262,"$27,823.07 ",45.02
"82,412",109-TZ-T30,FPQ-7675,SO-39753,DN-2386,Tanzania,PMO - US,From RDC,N/A - From RDC,Air,5/18/2011,N/A - From RDC,29-Nov-11,29-Nov-11,29-Nov-11,ARV,Adult,SCMS from RDC,"Efavirenz/Emtricitabine/Tenofovir Disoproxil Fumarate 600/200/300mg, tablets, 30 Tabs",Efavirenz/Emtricitabine/Tenofovir Disoproxil Fumarate,Generic,600/200/300mg,Tablet - FDC,30,"4,163",82926.96,19.92,0.66,Mylan (formerly Matrix) Nashik,TRUE,483,"$2,367.40 ",136.83
"82,413",111-MZ-T30,FPQ-7053,SO-38642,DN-2392,Mozambique,PMO - US,From RDC,N/A - From RDC,Truck,1/24/2011,N/A - From RDC,14-Dec-11,14-Dec-11,14-Dec-11,ARV,Pediatric,SCMS from RDC,"Nevirapine 10mg/ml, oral suspension w/syringe, Bottle, 240 ml",Nevirapine,Generic,10mg/ml,Oral suspension,240,"26,337",51357.15,1.95,0.01,"Aurobindo Unit III, India",TRUE,9931,"$6,888.32 ",84.74
"82,414",151-NG-T30,FPQ-7812,SO-40722,DN-2394,Nigeria,PMO - US,From RDC,N/A - From RDC,Air Charter,06-06-11,N/A - From RDC,05-Dec-11,14-Oct-11,14-Oct-11,ARV,Adult,SCMS from RDC,"Lamivudine/Tenofovir Disoproxil Fumarate 300/300mg, tablets, 30 Tabs",Lamivudine/Tenofovir Disoproxil Fumarate,Generic,300/300mg,Tablet - FDC,30,"24,346",190385.72,7.82,0.26,Mylan (formerly Matrix) Nashik,TRUE,2391,"$21,326.73 ",314.14
"82,415",151-NG-T30,FPQ-7812,SO-40723,DN-2395,Nigeria,PMO - US,From RDC,N/A - From RDC,Air Charter,06-06-11,N/A - From RDC,05-Dec-11,13-Oct-11,13-Oct-11,ARV,Adult,SCMS from RDC,"Lamivudine/Nevirapine/Zidovudine 150/200/300mg, tablets, 60 Tabs",Lamivudine/Nevirapine/Zidovudine,Generic,150/300/200mg,Tablet - FDC,60,"105,160",1179895.20,11.22,0.19,"Aurobindo Unit III, India",TRUE,28277,"$21,326.73 ","1,946.83"
"82,416",111-MZ-T30,FPQ-7053,SO-38637,DN-2414,Mozambique,PMO - US,From RDC,N/A - From RDC,Truck,1/24/2011,N/A - From RDC,25-Jan-12,25-Jan-12,25-Jan-12,ARV,Pediatric,SCMS from RDC,"Nevirapine 10mg/ml, oral suspension w/syringe, Bottle, 240 ml",Nevirapine,Generic,10mg/ml,Oral suspension,240,"2,930",5713.50,1.95,0.01,"Aurobindo Unit III, India",TRUE,1102,"$2,779.53 ",9.43
"82,417",104-CI-T30,FPQ-8295,SO-40780,DN-2421,Côte d'Ivoire,PMO - US,From RDC,N/A - From RDC,Truck,8/25/2011,N/A - From RDC,15-Dec-11,19-Nov-11,19-Nov-11,ARV,Adult,SCMS from RDC,"Lamivudine 150mg, tablets, 60 Tabs",Lamivudine,Generic,150mg,Tablet,60,"8,100",18873.00,2.33,0.04,"Aurobindo Unit III, India",TRUE,387,"$3,296.34 ",31.14
"82,418",110-ZM-T30,FPQ-7667,SO-40241,DN-2423,Zambia,PMO - US,From RDC,N/A - From RDC,Ocean,7/26/2011,N/A - From RDC,10-Jan-12,28-Nov-11,28-Nov-11,ARV,Pediatric,SCMS from RDC,"Nevirapine 10mg/ml, oral suspension w/syringe, Bottle, 240 ml",Nevirapine,Generic,10mg/ml,Oral suspension,240,"12,861",25078.95,1.95,0.01,"Aurobindo Unit III, India",TRUE,4836,"$4,075.10 ",41.38
"82,457",900-SS-T30,FPQ-8624,SO-41080,DN-2581,South Sudan,PMO - US,From RDC,N/A - From RDC,Air,11-04-11,N/A - From RDC,21-Mar-12,08-Mar-12,08-Mar-12,ARV,Adult,SCMS from RDC,"Zidovudine 300mg, tablets, 60 Tabs",Zidovudine,Generic,300mg,Tablet,60,"6,200",43524.00,7.02,0.12,Hetero Unit III Hyderabad IN,TRUE,2652,"$22,788.95 ",61.02
"82,419",111-MZ-T30,FPQ-8157,SO-40320,DN-2425,Mozambique,PMO - US,From RDC,N/A - From RDC,Truck,08-04-11,N/A - From RDC,14-Dec-11,14-Dec-11,14-Dec-11,ARV,Adult,SCMS from RDC,"Lamivudine/Nevirapine/Zidovudine 150/200/300mg, tablets, 60 Tabs",Lamivudine/Nevirapine/Zidovudine,Generic,150/300/200mg,Tablet - FDC,60,"107,325",1204186.50,11.22,0.19,"Aurobindo Unit VII, IN",TRUE,12669,"$11,291.75 ","1,986.91"
"83,457",104-CI-T30,FPQ-5623,SO-36880,DN-2011,Côte d'Ivoire,PMO - US,From RDC,N/A - From RDC,Air,05-07-10,N/A - From RDC,30-Sep-10,25-Sep-10,25-Sep-10,ARV,Adult,SCMS from RDC,"Abacavir 300mg, tablets, 60 Tabs",Abacavir,Generic,300mg,Tablet,60,"5,310",87296.40,16.44,0.27,Mylan (formerly Matrix) Nashik,FALSE,See DN-2011 (ID#:82350),null,188.21
"84,591",104-CI-T30,FPQ-5623,SO-36880,DN-2011,Côte d'Ivoire,PMO - US,From RDC,N/A - From RDC,Air,05-07-10,N/A - From RDC,30-Sep-10,25-Sep-10,25-Sep-10,ARV,Pediatric,SCMS from RDC,"Didanosine 200mg, chewable/dispersible tablets, 60 Tabs",Didanosine,Generic,200mg,Chewable/dispersible tablet,60,"6,016",93248.00,15.5,0.26,"Aurobindo Unit III, India",FALSE,See DN-2011 (ID#:82350),null,201.04
"82,422",151-NG-T30,FPQ-8364,SO-40652,DN-2454,Nigeria,PMO - US,From RDC,N/A - From RDC,Air Charter,8/29/2011,N/A - From RDC,02-Mar-12,18-Dec-11,18-Dec-11,ARV,Adult,SCMS from RDC,"Lamivudine 150mg, tablets, 60 Tabs",Lamivudine,Generic,150mg,Tablet,60,"4,700",10951.00,2.33,0.04,"Aurobindo Unit III, India",TRUE,264,"$15,322.73 ",18.07
"82,423",151-NG-T30,FPQ-8364,SO-40653,DN-2455,Nigeria,PMO - US,From RDC,N/A - From RDC,Air Charter,8/29/2011,N/A - From RDC,02-Mar-12,18-Dec-11,18-Dec-11,ARV,Adult,SCMS from RDC,"Emtricitabine/Tenofovir Disoproxil Fumarate 200/300mg, tablets, 30 Tabs",Emtricitabine/Tenofovir Disoproxil Fumarate,Generic,200/300mg,Tablet - FDC,30,"5,950",53371.50,8.97,0.3,"Aurobindo Unit III, India",TRUE,631,"$15,322.73 ",88.06
"82,424",104-CI-T30,FPQ-8295,SO-40791,DN-2459,Côte d'Ivoire,PMO - US,From RDC,N/A - From RDC,Truck,8/25/2011,N/A - From RDC,06-Feb-12,06-Feb-12,06-Feb-12,ARV,Pediatric,SCMS from RDC,"Didanosine 200mg, chewable/dispersible tablets, 60 Tabs",Didanosine,Generic,200mg,Chewable/dispersible tablet,60,"3,765",56475.00,15,0.25,"Aurobindo Unit III, India",TRUE,303,"$12,102.81 ",93.18
"82,425",151-NG-T30,FPQ-8364,SO-40654,DN-2462,Nigeria,PMO - US,From RDC,N/A - From RDC,Air Charter,8/29/2011,N/A - From RDC,02-Mar-12,18-Dec-11,18-Dec-11,ARV,Adult,SCMS from RDC,"Nevirapine 200mg, tablets, 60 Tabs",Nevirapine,Generic,200mg,Tablet,60,"60,000",154800.00,2.58,0.04,Hetero Unit III Hyderabad IN,TRUE,9746,"$15,322.73 ",255.42
"82,426",151-NG-T30,FPQ-8364,SO-40661,DN-2465,Nigeria,PMO - US,From RDC,N/A - From RDC,Air Charter,8/29/2011,N/A - From RDC,16-Mar-12,18-Dec-11,18-Dec-11,ARV,Adult,SCMS from RDC,"Lamivudine/Nevirapine/Zidovudine 150/200/300mg, tablets, 60 Tabs",Lamivudine/Nevirapine/Zidovudine,Generic,150/300/200mg,Tablet - FDC,60,"9,887",110932.14,11.22,0.19,Mylan (formerly Matrix) Nashik,TRUE,20845,"$15,322.73 ",183.04
"82,427",104-CI-T30,FPQ-8363,SO-40831,DN-2469,Côte d'Ivoire,PMO - US,From RDC,N/A - From RDC,Air Charter,8/29/2011,N/A - From RDC,27-Apr-12,08-Feb-12,08-Feb-12,ARV,Adult,SCMS from RDC,"Lamivudine/Zidovudine 150/300mg, tablets, 60 Tabs",Lamivudine/Zidovudine,Generic,150/300mg,Tablet - FDC,60,"14,081",116309.06,8.26,0.14,"Aurobindo Unit III, India",TRUE,6410,"$24,940.97 ",191.91
"82,428",151-NG-T30,FPQ-8364,SO-40663,DN-2475,Nigeria,PMO - US,From RDC,N/A - From RDC,Air Charter,8/29/2011,N/A - From RDC,16-Mar-12,18-Dec-11,18-Dec-11,ARV,Adult,SCMS from RDC,"Lamivudine/Tenofovir Disoproxil Fumarate 300/300mg, tablets, 30 Tabs",Lamivudine/Tenofovir Disoproxil Fumarate,Generic,300/300mg,Tablet - FDC,30,"43,441",357519.43,8.23,0.27,Mylan (formerly Matrix) Nashik,TRUE,3263,"$15,322.70 ",589.91
"82,429",101-CD-T30,FPQ-9015,SO-41230,DN-2478,"Congo, DRC",PMO - US,From RDC,N/A - From RDC,Air,12-12-11,N/A - From RDC,27-Dec-11,03-Jan-12,03-Jan-12,ARV,Adult,SCMS from RDC,"Lamivudine/Zidovudine 150/300mg, tablets, 60 Tabs",Lamivudine/Zidovudine,Generic,150/300mg,Tablet - FDC,60,"1,500",12390.00,8.26,0.14,"Aurobindo Unit III, India",TRUE,147,"$1,182.25 ",17.37
"84,592",104-CI-T30,FPQ-5623,SO-36880,DN-2011,Côte d'Ivoire,PMO - US,From RDC,N/A - From RDC,Air,05-07-10,N/A - From RDC,30-Sep-10,25-Sep-10,25-Sep-10,ARV,Adult,SCMS from RDC,"Stavudine 20mg, capsules, 60 Caps",Stavudine,Generic,20mg,Capsule,60,540,772.20,1.43,0.02,"Aurobindo Unit III, India",FALSE,See DN-2011 (ID#:82350),null,1.66
"82,431",110-ZM-T30,FPQ-7085,SO-38740,DN-2487,Zambia,PMO - US,From RDC,N/A - From RDC,Truck,02-03-11,N/A - From RDC,30-Jan-12,20-Jan-12,20-Jan-12,ARV,Adult,SCMS from RDC,"Nevirapine 200mg, tablets, 60 Tabs",Nevirapine,Generic,200mg,Tablet,60,"13,836",34728.36,2.51,0.04,"Aurobindo Unit VII, IN",TRUE,1332,"$6,476.70 ",57.3
"82,432",101-CD-T30,FPQ-8840,SO-41131,DN-2493,"Congo, DRC",PMO - US,From RDC,N/A - From RDC,Air,11/21/2011,N/A - From RDC,16-Mar-12,14-Feb-12,14-Feb-12,ARV,Adult,SCMS from RDC,"Lamivudine/Zidovudine 150/300mg, tablets, 60 Tabs",Lamivudine/Zidovudine,Generic,150/300mg,Tablet - FDC,60,97,801.22,8.26,0.14,"Aurobindo Unit III, India",TRUE,46,$456.17 ,1.12
"82,433",101-CD-T30,FPQ-8840,SO-41132,DN-2494,"Congo, DRC",PMO - US,From RDC,N/A - From RDC,Air,11/21/2011,N/A - From RDC,16-Mar-12,14-Feb-12,14-Feb-12,ARV,Adult,SCMS from RDC,"Nevirapine 200mg, tablets, 60 Tabs",Nevirapine,Generic,200mg,Tablet,60,16,41.28,2.58,0.04,"Strides, Bangalore, India.",TRUE,42,$456.18 ,0.06
"85,148",104-CI-T30,FPQ-5623,SO-36880,DN-2011,Côte d'Ivoire,PMO - US,From RDC,N/A - From RDC,Air,05-07-10,N/A - From RDC,30-Sep-10,25-Sep-10,25-Sep-10,ARV,Adult,SCMS from RDC,"Lopinavir/Ritonavir 200/50mg, tablets, 120 Tabs",Lopinavir/Ritonavir,Generic,200/50mg,Tablet,120,"4,360",168950.00,38.75,0.32,"Aurobindo Unit III, India",FALSE,See DN-2011 (ID#:82350),null,364.26
"82,435",101-CD-T30,FPQ-8840,SO-41135,DN-2497,"Congo, DRC",PMO - US,From RDC,N/A - From RDC,Air,11/21/2011,N/A - From RDC,16-Mar-12,14-Feb-12,14-Feb-12,ARV,Adult,SCMS from RDC,"Lamivudine/Nevirapine/Zidovudine 150/200/300mg, tablets, 60 Tabs",Lamivudine/Nevirapine/Zidovudine,Generic,150/300/200mg,Tablet - FDC,60,28,308.00,11,0.18,Mylan (formerly Matrix) Nashik,TRUE,13,$912.36 ,0.43
"82,436",101-CD-T30,FPQ-8840,SO-41138,DN-2500,"Congo, DRC",PMO - US,From RDC,N/A - From RDC,Air,11/21/2011,N/A - From RDC,10-Feb-12,14-Feb-12,14-Feb-12,ARV,Adult,SCMS from RDC,"Lamivudine/Nevirapine/Zidovudine 150/200/300mg, tablets, 60 Tabs",Lamivudine/Nevirapine/Zidovudine,Generic,150/300/200mg,Tablet - FDC,60,"1,176",12936.00,11,0.18,Mylan (formerly Matrix) Nashik,TRUE,308,"$1,824.72 ",18.14
"82,496",151-NG-T30,FPQ-8952,SO-41260,DN-2774,Nigeria,PMO - US,From RDC,N/A - From RDC,Air Charter,12-08-11,N/A - From RDC,31-Jul-12,24-Jul-12,24-Jul-12,ARV,Adult,SCMS from RDC,"Lamivudine 150mg, tablets, 60 Tabs",Lamivudine,Generic,150mg,Tablet,60,"9,980",23253.40,2.33,0.04,Hetero Unit III Hyderabad IN,TRUE,642,"$16,532.50 ",32.6
"85,706",104-CI-T30,FPQ-5623,SO-36880,DN-2011,Côte d'Ivoire,PMO - US,From RDC,N/A - From RDC,Air,05-07-10,N/A - From RDC,30-Sep-10,25-Sep-10,25-Sep-10,ARV,Pediatric,SCMS from RDC,"Abacavir 20mg/ml, oral solution, Bottle, 240 ml",Abacavir,Generic,20mg/ml,Oral solution,240,116,1577.60,13.6,0.06,"Aurobindo Unit III, India",FALSE,See DN-2011 (ID#:82350),null,3.4
"86,335",104-CI-T30,FPQ-5623,SO-36880,DN-2011,Côte d'Ivoire,PMO - US,From RDC,N/A - From RDC,Air,05-07-10,N/A - From RDC,30-Sep-10,25-Sep-10,25-Sep-10,ARV,Adult,SCMS from RDC,"Efavirenz 600mg, tablets, 30 Tabs",Efavirenz,Generic,600mg,Tablet,30,"26,076",116038.20,4.45,0.15,Mylan (formerly Matrix) Nashik,FALSE,See DN-2011 (ID#:82350),null,250.18
"82,439",101-CD-T30,FPQ-8840,SO-41142,DN-2506,"Congo, DRC",PMO - US,From RDC,N/A - From RDC,Air,11/21/2011,N/A - From RDC,16-Mar-12,14-Mar-12,14-Mar-12,ARV,Adult,SCMS from RDC,"Zidovudine 300mg, tablets, 60 Tabs",Zidovudine,Generic,300mg,Tablet,60,913,6409.26,7.02,0.12,Hetero Unit III Hyderabad IN,TRUE,288,"$2,460.79 ",8.99
"82,440",101-CD-T30,FPQ-8840,SO-41143,DN-2507,"Congo, DRC",PMO - US,From RDC,N/A - From RDC,Air,11/21/2011,N/A - From RDC,16-Mar-12,11-Apr-12,11-Apr-12,ARV,Adult,SCMS from RDC,"Zidovudine 300mg, tablets, 60 Tabs",Zidovudine,Generic,300mg,Tablet,60,"1,029",7223.58,7.02,0.12,Hetero Unit III Hyderabad IN,TRUE,324,"$3,436.14 ",10.13
"82,441",101-CD-T30,FPQ-8840,SO-41145,DN-2509,"Congo, DRC",PMO - US,From RDC,N/A - From RDC,Air,11/21/2011,N/A - From RDC,16-Mar-12,13-Apr-12,13-Apr-12,ARV,Adult,SCMS from RDC,"Zidovudine 300mg, tablets, 60 Tabs",Zidovudine,Generic,300mg,Tablet,60,98,687.96,7.02,0.12,Hetero Unit III Hyderabad IN,TRUE,65,"$1,418.01 ",0.96
"82,442",101-CD-T30,FPQ-8840,SO-41146,DN-2510,"Congo, DRC",PMO - US,From RDC,N/A - From RDC,Air,11/21/2011,N/A - From RDC,16-Mar-12,23-Mar-12,23-Mar-12,ARV,Adult,SCMS from RDC,"Lamivudine/Tenofovir Disoproxil Fumarate 300/300mg, tablets, 30 Tabs",Lamivudine/Tenofovir Disoproxil Fumarate,Generic,300/300mg,Tablet - FDC,30,20,121.60,6.08,0.2,Mylan (formerly Matrix) Nashik,TRUE,70,"$1,524.50 ",0.17
"82,443",101-CD-T30,FPQ-8840,SO-41148,DN-2512,"Congo, DRC",PMO - US,From RDC,N/A - From RDC,Air,11/21/2011,N/A - From RDC,16-Mar-12,14-Mar-12,14-Mar-12,ARV,Adult,SCMS from RDC,"Lamivudine/Tenofovir Disoproxil Fumarate 300/300mg, tablets, 30 Tabs",Lamivudine/Tenofovir Disoproxil Fumarate,Generic,300/300mg,Tablet - FDC,30,103,626.24,6.08,0.2,Mylan (formerly Matrix) Nashik,TRUE,1072,"$5,636.30 ",0.88
"82,444",110-ZM-T30,FPQ-7767,SO-40270,DN-2513,Zambia,PMO - US,From RDC,N/A - From RDC,Truck,7/26/2011,N/A - From RDC,28-Feb-12,17-Feb-12,17-Feb-12,ARV,Adult,SCMS from RDC,"Abacavir 300mg, tablets, 60 Tabs",Abacavir,Generic,300mg,Tablet,60,"27,452",412878.08,15.04,0.25,Mylan (formerly Matrix) Nashik,TRUE,3898,"$11,292.05 ",681.25
"82,445",111-MZ-T30,FPQ-8157,SO-40310,DN-2517,Mozambique,PMO - US,From RDC,N/A - From RDC,Truck,08-04-11,N/A - From RDC,15-Feb-12,08-Mar-12,08-Mar-12,ARV,Adult,SCMS from RDC,"Nevirapine 200mg, tablets, 60 Tabs",Nevirapine,Generic,200mg,Tablet,60,"2,870",7031.50,2.45,0.04,"Aurobindo Unit VII, IN",TRUE,277,"$4,313.33 ",11.6
"82,446",101-CD-T30,FPQ-8840,SO-41380,DN-2522,"Congo, DRC",PMO - US,From RDC,N/A - From RDC,Air,11/21/2011,N/A - From RDC,22-Mar-12,22-Mar-12,22-Mar-12,ARV,Adult,SCMS from RDC,"Lamivudine 150mg, tablets, 60 Tabs",Lamivudine,Generic,150mg,Tablet,60,6,13.98,2.33,0.04,Hetero Unit III Hyderabad IN,TRUE,6,$522.42 ,0.02
"82,447",101-CD-T30,FPQ-8840,SO-41382,DN-2530,"Congo, DRC",PMO - US,From RDC,N/A - From RDC,Air,11/21/2011,N/A - From RDC,22-Mar-12,22-Mar-12,22-Mar-12,ARV,Adult,SCMS from RDC,"Lamivudine 150mg, tablets, 60 Tabs",Lamivudine,Generic,150mg,Tablet,60,20,46.60,2.33,0.04,Hetero Unit III Hyderabad IN,TRUE,1,$491.43 ,0.07
"82,448",110-ZM-T30,FPQ-8759,SO-41121,DN-2532,Zambia,PMO - US,From RDC,N/A - From RDC,Truck,11-06-11,N/A - From RDC,27-Apr-12,17-Feb-12,17-Feb-12,ARV,Adult,SCMS from RDC,"Abacavir 300mg, tablets, 60 Tabs",Abacavir,Generic,300mg,Tablet,60,"7,548",110427.24,14.63,0.24,Mylan (formerly Matrix) Nashik,TRUE,13472,"$11,292.05 ",154.82
"82,449",109-TZ-T30,FPQ-8303,SO-40500,DN-2540,Tanzania,PMO - US,From RDC,N/A - From RDC,Truck,8/22/2011,N/A - From RDC,15-Mar-12,12-Mar-12,12-Mar-12,ARV,Pediatric,SCMS from RDC,"Efavirenz 50mg, capsule, 30 Caps",Efavirenz,Generic,50mg,Capsule,30,"18,732",41959.68,2.24,0.07,"Aurobindo Unit III, India",TRUE,1090,"$1,698.83 ",69.23
"82,450",104-CI-T30,FPQ-8295,SO-40790,DN-2548,Côte d'Ivoire,PMO - US,From RDC,N/A - From RDC,Truck,8/25/2011,N/A - From RDC,29-Feb-12,01-Mar-12,01-Mar-12,ARV,Adult,SCMS from RDC,"Lamivudine/Nevirapine/Zidovudine 150/200/300mg, tablets, 60 Tabs",Lamivudine/Nevirapine/Zidovudine,Generic,150/300/200mg,Tablet - FDC,60,"92,352",1036189.44,11.22,0.19,"Aurobindo Unit III, India",TRUE,10832,"$3,641.16 ","1,709.71"
"82,451",109-TZ-T30,FPQ-8303,SO-41390,DN-2550,Tanzania,PMO - US,From RDC,N/A - From RDC,Truck,8/22/2011,N/A - From RDC,15-Mar-12,12-Mar-12,12-Mar-12,ARV,Pediatric,SCMS from RDC,"Abacavir 20mg/ml, oral solution w/syringe, Bottle, 240 ml",Abacavir,Generic,20mg/ml,Oral solution,240,"2,176",27200.00,12.5,0.05,"Aurobindo Unit III, India",TRUE,821,"$1,698.83 ",44.88
"82,452",104-CI-T30,FPQ-8363,SO-40820,DN-2551,Côte d'Ivoire,PMO - US,From RDC,N/A - From RDC,Truck,8/29/2011,N/A - From RDC,02-Mar-12,24-Feb-12,24-Feb-12,ARV,Adult,SCMS from RDC,"Tenofovir Disoproxil Fumarate 300mg, tablets, 30 Tabs",Tenofovir Disoproxil Fumarate,Generic,300mg,Tablet,30,"2,160",11880.00,5.5,0.18,Mylan (formerly Matrix) Nashik,TRUE,1122,"$6,009.47 ",19.6
"82,453",109-TZ-T30,FPQ-8297,SO-40613,DN-2558,Tanzania,PMO - US,From RDC,N/A - From RDC,Truck,8/22/2011,N/A - From RDC,06-Apr-12,14-Feb-12,14-Feb-12,ARV,Adult,SCMS from RDC,"Zidovudine 300mg, tablets, 60 Tabs",Zidovudine,Generic,300mg,Tablet,60,"150,000",1053000.00,7.02,0.12,"Aurobindo Unit III, India",TRUE,10142,"$7,651.59 ","1,737.45"
"82,454",151-NG-T30,FPQ-8952,SO-41264,DN-2566,Nigeria,PMO - US,From RDC,N/A - From RDC,Air Charter,12-08-11,N/A - From RDC,20-Jun-12,16-Feb-12,16-Feb-12,ARV,Adult,SCMS from RDC,"Efavirenz/Emtricitabine/Tenofovir Disoproxil Fumarate 600/200/300mg, tablets, 30 Tabs",Efavirenz/Emtricitabine/Tenofovir Disoproxil Fumarate,Generic,600/200/300mg,Tablet - FDC,30,"26,798",448330.54,16.73,0.56,Mylan (formerly Matrix) Nashik,TRUE,3203,"$25,231.96 ",628.56
"82,455",151-NG-T30,FPQ-8952,SO-41266,DN-2568,Nigeria,PMO - US,From RDC,N/A - From RDC,Air Charter,12-08-11,N/A - From RDC,20-Jun-12,16-Feb-12,16-Feb-12,ARV,Adult,SCMS from RDC,"Nevirapine 200mg, tablets, 60 Tabs",Nevirapine,Generic,200mg,Tablet,60,"100,000",258000.00,2.58,0.04,"Strides, Bangalore, India.",TRUE,18672,"$25,231.96 ",361.72
"82,456",105-GY-T30,FPQ-8623,SO-41030,DN-2575,Guyana,PMO - US,From RDC,N/A - From RDC,Air,10/27/2011,N/A - From RDC,30-Mar-12,19-Mar-12,19-Mar-12,ARV,Adult,SCMS from RDC,"Lopinavir/Ritonavir 200/50mg [Aluvia], tablets, 120 Tabs",Lopinavir/Ritonavir,Aluvia,200/50mg,Tablet,120,"1,313",44300.62,33.74,0.28,ABBVIE Ludwigshafen Germany,TRUE,276,"$3,940.18 ",62.11
"84,041",104-CI-T30,FPQ-5623,SO-36881,DN-2012,Côte d'Ivoire,PMO - US,From RDC,N/A - From RDC,Truck,05-07-10,N/A - From RDC,19-Oct-10,25-Sep-10,25-Sep-10,ARV,Adult,SCMS from RDC,"Nevirapine 200mg, tablets, 60 Tabs",Nevirapine,Generic,200mg,Tablet,60,"12,100",32186.00,2.66,0.04,Hetero Unit III Hyderabad IN,FALSE,See DN-2012 (ID#:84040),null,69.39
"84,593",104-CI-T30,FPQ-5623,SO-36881,DN-2012,Côte d'Ivoire,PMO - US,From RDC,N/A - From RDC,Truck,05-07-10,N/A - From RDC,19-Oct-10,25-Sep-10,25-Sep-10,ARV,Adult,SCMS from RDC,"Lamivudine/Stavudine 150/30mg, tablets, 60 Tabs",Lamivudine/Stavudine,Generic,150/30mg,Tablet - FDC,60,"5,624",18446.72,3.28,0.05,Mylan (formerly Matrix) Nashik,FALSE,See DN-2012 (ID#:84040),null,39.77
"85,149",104-CI-T30,FPQ-5623,SO-36881,DN-2012,Côte d'Ivoire,PMO - US,From RDC,N/A - From RDC,Truck,05-07-10,N/A - From RDC,19-Oct-10,25-Sep-10,25-Sep-10,ARV,Adult,SCMS from RDC,"Lamivudine/Nevirapine/Zidovudine 150/200/300mg, tablets, 60 Tabs",Lamivudine/Nevirapine/Zidovudine,Generic,150/300/200mg,Tablet - FDC,60,"118,170",1325867.40,11.22,0.19,Mylan (formerly Matrix) Nashik,FALSE,See DN-2012 (ID#:84040),null,"2,858.57"
"82,461",107-RW-T30,FPQ-9238,SO-41440,DN-2584,Rwanda,PMO - US,From RDC,N/A - From RDC,Air,1/26/2012,N/A - From RDC,12-Mar-12,05-Mar-12,05-Mar-12,HRDT,HIV test,SCMS from RDC,"HIV 1/2, Uni-Gold HIV Kit, 20 Tests","HIV 1/2, Uni-Gold HIV Kit",Uni-Gold,,Test kit,20,"1,000",32000.00,32,1.6,"Trinity Biotech, Plc",TRUE,334,"$3,494.50 ",44.86
"82,462",114-UG-T30,FPQ-9321,SO-41520,DN-2597,Uganda,PMO - US,From RDC,N/A - From RDC,Truck,02-10-12,N/A - From RDC,24-Apr-12,27-Feb-12,27-Feb-12,ARV,Adult,SCMS from RDC,"Lamivudine/Nevirapine/Zidovudine 150/200/300mg, tablets, 60 Tabs",Lamivudine/Nevirapine/Zidovudine,Generic,150/300/200mg,Tablet - FDC,60,"5,525",60775.00,11,0.18,Mylan (formerly Matrix) Nashik,TRUE,1414,"$4,054.19 ",85.21
"86,336",111-MZ-T30,FPQ-5127,SO-36020,DN-2014,Mozambique,PMO - US,From RDC,N/A - From RDC,Truck,2/15/2010,N/A - From RDC,15-Oct-10,29-Oct-10,29-Oct-10,ARV,Adult,SCMS from RDC,"Lamivudine/Nevirapine/Zidovudine 150/200/300mg, tablets, 60 Tabs",Lamivudine/Nevirapine/Zidovudine,Generic,150/300/200mg,Tablet - FDC,60,"71,449",801657.78,11.22,0.19,"Aurobindo Unit III, India",FALSE,See DN-2014 (ID#:85708),null,"1,728.37"
"83,458",106-HT-T30,FPQ-5523,SO-36741,DN-2015,Haiti,PMO - US,From RDC,N/A - From RDC,Air,4/19/2010,N/A - From RDC,30-Sep-10,07-Oct-10,07-Oct-10,ARV,Adult,SCMS from RDC,"Lamivudine 150mg, tablets, 60 Tabs",Lamivudine,Generic,150mg,Tablet,60,"19,320",47140.80,2.44,0.04,Hetero Unit III Hyderabad IN,FALSE,See DN-2015 (ID#:82917),null,101.64
"82,465",109-TZ-T30,FPQ-8297,SO-40610,DN-2598,Tanzania,PMO - US,From RDC,N/A - From RDC,Truck,8/22/2011,N/A - From RDC,04-May-12,11-Apr-12,11-Apr-12,ARV,Adult,SCMS from RDC,"Lamivudine/Zidovudine 150/300mg, tablets, 60 Tabs",Lamivudine/Zidovudine,Generic,150/300mg,Tablet - FDC,60,"22,340",184528.40,8.26,0.14,"Aurobindo Unit III, India",TRUE,20975,"$3,279.25 ",304.47
"82,466",104-CI-T30,FPQ-8787,SO-41152,DN-2606,Côte d'Ivoire,PMO - US,From RDC,N/A - From RDC,Air,11-11-11,N/A - From RDC,16-Apr-12,06-Apr-12,06-Apr-12,ARV,Adult,SCMS from RDC,"Zidovudine 300mg, tablets, 60 Tabs",Zidovudine,Generic,300mg,Tablet,60,"13,860",97297.20,7.02,0.12,"Aurobindo Unit III, India",TRUE,662,"$3,848.91 ",136.41
"82,467",113-ZW-T30,FPQ-8464,SO-40850,DN-2605,Zimbabwe,PMO - US,From RDC,N/A - From RDC,Truck,10-04-11,N/A - From RDC,13-Apr-12,10-Apr-12,10-Apr-12,ARV,Adult,SCMS from RDC,"Lamivudine/Zidovudine 150/300mg, tablets, 60 Tabs",Lamivudine/Zidovudine,Generic,150/300mg,Tablet - FDC,60,"3,345",26760.00,8,0.13,"Aurobindo Unit VII, IN",TRUE,21063,"$29,250.68 ",44.15
"82,468",102-BI-T30,FPQ-9229,SO-41532,DN-2637,Burundi,PMO - US,From RDC,N/A - From RDC,Air,1/25/2012,N/A - From RDC,26-Apr-12,30-Apr-12,30-Apr-12,ARV,Adult,SCMS from RDC,"Abacavir 300mg, tablets, 60 Tabs",Abacavir,Generic,300mg,Tablet,60,350,4602.50,13.15,0.22,Mylan (formerly Matrix) Nashik,TRUE,36,"$1,188.75 ",6.45
"82,486",900-UG-T30,FPQ-10048,SO-42580,DN-2724,Uganda,PMO - US,From RDC,N/A - From RDC,Air,06-06-12,N/A - From RDC,05-Jul-12,16-Jul-12,16-Jul-12,ARV,Adult,SCMS from RDC,"Efavirenz 600mg, tablets, 30 Tabs",Efavirenz,Generic,600mg,Tablet,30,"45,840",179234.40,3.91,0.13,"Strides, Bangalore, India.",TRUE,5486,"$27,321.52 ",251.29
"82,469",151-NG-T30,FPQ-8952,SO-41269,DN-2644,Nigeria,PMO - US,From RDC,N/A - From RDC,Air Charter,12-08-11,N/A - From RDC,20-Jun-12,30-Apr-12,30-Apr-12,ARV,Adult,SCMS from RDC,"Efavirenz/Emtricitabine/Tenofovir Disoproxil Fumarate 600/200/300mg, tablets, 30 Tabs",Efavirenz/Emtricitabine/Tenofovir Disoproxil Fumarate,Generic,600/200/300mg,Tablet - FDC,30,"50,000",813500.00,16.27,0.54,Mylan (formerly Matrix) Nashik,TRUE,6078,"$27,441.22 ","1,140.53"
"82,470",151-NG-T30,FPQ-8952,SO-41920,DN-2645,Nigeria,PMO - US,From RDC,N/A - From RDC,Air Charter,12-08-11,N/A - From RDC,20-Jun-12,30-Apr-12,30-Apr-12,ARV,Adult,SCMS from RDC,"Lamivudine/Zidovudine 150/300mg, tablets, 60 Tabs",Lamivudine/Zidovudine,Generic,150/300mg,Tablet - FDC,60,"29,980",233244.40,7.78,0.13,Mylan (formerly Matrix) Nashik,TRUE,2721,"$27,441.22 ",327.01
"82,471",114-UG-T30,FPQ-9321,SO-41510,DN-2643,Uganda,PMO - US,From RDC,N/A - From RDC,Truck,02-10-12,N/A - From RDC,03-Jul-12,18-May-12,18-May-12,ARV,Adult,SCMS from RDC,"Lamivudine/Tenofovir Disoproxil Fumarate 300/300mg, tablets, 30 Tabs",Lamivudine/Tenofovir Disoproxil Fumarate,Generic,300/300mg,Tablet - FDC,30,"1,500",8310.00,5.54,0.18,Mylan (formerly Matrix) Nashik,TRUE,729,"$3,758.40 ",11.65
"84,042",106-HT-T30,FPQ-5523,SO-36741,DN-2015,Haiti,PMO - US,From RDC,N/A - From RDC,Air,4/19/2010,N/A - From RDC,30-Sep-10,07-Oct-10,07-Oct-10,ARV,Adult,SCMS from RDC,"Nevirapine 200mg, tablets, 60 Tabs",Nevirapine,Generic,200mg,Tablet,60,"27,900",74214.00,2.66,0.04,Hetero Unit III Hyderabad IN,FALSE,See DN-2015 (ID#:82917),null,160.01
"82,473",114-UG-T30,FPQ-9356,SO-41610,DN-2654,Uganda,PMO - US,From RDC,N/A - From RDC,Truck,2/20/2012,N/A - From RDC,29-Jun-12,22-May-12,22-May-12,ARV,Adult,SCMS from RDC,"Lopinavir/Ritonavir 200/50mg, tablets, 120 Tabs",Lopinavir/Ritonavir,Generic,200/50mg,Tablet,120,"6,899",204762.32,29.68,0.25,"Aurobindo Unit III, India",TRUE,1859,"$10,611 ",287.08
"82,474",113-ZW-T30,FPQ-8464,SO-40861,DN-2655,Zimbabwe,PMO - US,From RDC,N/A - From RDC,Truck,10-04-11,N/A - From RDC,31-May-12,25-May-12,25-May-12,ARV,Adult,SCMS from RDC,"Nevirapine 200mg, tablets, 60 Tabs",Nevirapine,Generic,200mg,Tablet,60,"16,873",41170.12,2.44,0.04,"Aurobindo Unit III, India",TRUE,8433,"$15,219.71 ",67.93
"82,497",151-NG-T30,FPQ-9432,SO-42807,DN-2775,Nigeria,PMO - US,From RDC,N/A - From RDC,Air Charter,03-01-12,N/A - From RDC,02-Aug-12,24-Jul-12,24-Jul-12,ARV,Adult,SCMS from RDC,"Lamivudine 150mg, tablets, 60 Tabs",Lamivudine,Generic,150mg,Tablet,60,"10,020",23346.60,2.33,0.04,Hetero Unit III Hyderabad IN,TRUE,645,"$16,532.50 ",32.73
"82,475",110-ZM-T30,FPQ-8476,SO-40950,DN-2657,Zambia,PMO - US,From RDC,N/A - From RDC,Truck,9/27/2011,N/A - From RDC,01-Jun-12,28-May-12,28-May-12,ARV,Adult,SCMS from RDC,"Efavirenz/Emtricitabine/Tenofovir Disoproxil Fumarate 600/200/300mg, tablets, 30 Tabs",Efavirenz/Emtricitabine/Tenofovir Disoproxil Fumarate,Generic,600/200/300mg,Tablet - FDC,30,"150,000",2440500.00,16.27,0.54,Mylan (formerly Matrix) Nashik,TRUE,17001,"$6,079.27 ","4,026.82"
"82,476",110-ZM-T30,FPQ-9081,SO-41290,DN-2660,Zambia,PMO - US,From RDC,N/A - From RDC,Truck,12/22/2011,N/A - From RDC,15-Jun-12,28-May-12,28-May-12,ARV,Adult,SCMS from RDC,"Efavirenz/Emtricitabine/Tenofovir Disoproxil Fumarate 600/200/300mg, tablets, 30 Tabs",Efavirenz/Emtricitabine/Tenofovir Disoproxil Fumarate,Generic,600/200/300mg,Tablet - FDC,30,"10,000",167300.00,16.73,0.56,Mylan (formerly Matrix) Nashik,TRUE,1133,"$6,079.27 ",234.55
"82,477",104-CI-T30,FPQ-8790,SO-41200,DN-2652,Côte d'Ivoire,PMO - US,From RDC,N/A - From RDC,Air,11-11-11,N/A - From RDC,30-May-12,30-May-12,30-May-12,ARV,Adult,SCMS from RDC,"Lamivudine/Zidovudine 150/300mg, tablets, 60 Tabs",Lamivudine/Zidovudine,Generic,150/300mg,Tablet - FDC,60,"69,684",542141.52,7.78,0.13,Mylan (formerly Matrix) Nashik,TRUE,6798,"$26,205.83 ",760.08
"82,478",111-MZ-T30,FPQ-9506,SO-41760,DN-2663,Mozambique,PMO - US,From RDC,N/A - From RDC,Truck,3/16/2012,N/A - From RDC,03-Jul-12,28-Jun-12,28-Jun-12,ARV,Pediatric,SCMS from RDC,"Nevirapine 10mg/ml, oral suspension w/syringe, Bottle, 240 ml",Nevirapine,Generic,10mg/ml,Oral suspension,240,"60,968",118887.60,1.95,0.01,"Aurobindo Unit III, India",TRUE,53692,"$29,683.06 ",166.68
"82,479",151-NG-T30,FPQ-8952,SO-41255,DN-2684,Nigeria,PMO - US,From RDC,N/A - From RDC,Air Charter,12-08-11,N/A - From RDC,04-Jul-12,03-Jun-12,03-Jun-12,ARV,Adult,SCMS from RDC,"Lamivudine/Nevirapine/Zidovudine 150/200/300mg, tablets, 60 Tabs",Lamivudine/Nevirapine/Zidovudine,Generic,150/300/200mg,Tablet - FDC,60,"220,000",2420000.00,11,0.18,"Aurobindo Unit III, India",TRUE,28776,"$17,090 ","3,392.84"
"82,480",151-NG-T30,FPQ-9432,SO-42332,DN-2687,Nigeria,PMO - US,From RDC,N/A - From RDC,Air Charter,03-01-12,N/A - From RDC,02-Aug-12,03-Jun-12,03-Jun-12,ARV,Adult,SCMS from RDC,"Efavirenz 600mg, tablets, 30 Tabs",Efavirenz,Generic,600mg,Tablet,30,"70,000",273700.00,3.91,0.13,"Strides, Bangalore, India.",TRUE,6889,"$17,090 ",383.73
"82,481",113-ZW-T30,FPQ-8464,SO-40883,DN-2693,Zimbabwe,PMO - US,From RDC,N/A - From RDC,Truck,10-04-11,N/A - From RDC,14-Aug-12,27-Jun-12,27-Jun-12,ARV,Adult,SCMS from RDC,"Lamivudine/Zidovudine 150/300mg, tablets, 60 Tabs",Lamivudine/Zidovudine,Generic,150/300mg,Tablet - FDC,60,"3,345",26024.10,7.78,0.13,Mylan (formerly Matrix) Nashik,TRUE,7095,"$5,530.11 ",42.94
"82,482",113-ZW-T30,FPQ-7560,SO-39460,DN-2696,Zimbabwe,PMO - US,From RDC,N/A - From RDC,Truck,4/26/2011,N/A - From RDC,31-Jul-12,27-Jun-12,27-Jun-12,ARV,Adult,SCMS from RDC,"Zidovudine 300mg, tablets, 60 Tabs",Zidovudine,Generic,300mg,Tablet,60,"36,192",254067.84,7.02,0.12,Mylan (formerly Matrix) Nashik,TRUE,2036,"$5,530.12 ",419.21
"82,483",113-ZW-T30,FPQ-8464,SO-40891,DN-2694,Zimbabwe,PMO - US,From RDC,N/A - From RDC,Truck,10-04-11,N/A - From RDC,16-Oct-12,27-Jun-12,27-Jun-12,ARV,Adult,SCMS from RDC,"Lamivudine/Zidovudine 150/300mg, tablets, 60 Tabs",Lamivudine/Zidovudine,Generic,150/300mg,Tablet - FDC,60,"3,345",26024.10,7.78,0.13,Mylan (formerly Matrix) Nashik,TRUE,7114,"$5,530.11 ",42.94
"82,484",104-CI-T30,FPQ-8790,SO-41181,DN-2715,Côte d'Ivoire,PMO - US,From RDC,N/A - From RDC,Air,11-11-11,N/A - From RDC,02-Jul-12,03-Jul-12,03-Jul-12,ARV,Adult,SCMS from RDC,"Lamivudine 150mg, tablets, 60 Tabs",Lamivudine,Generic,150mg,Tablet,60,"9,900",23067.00,2.33,0.04,"Strides, Bangalore, India.",TRUE,451,"$2,394.27 ",32.34
"82,485",107-RW-T30,FPQ-10015,SO-42470,DN-2723,Rwanda,PMO - US,From RDC,N/A - From RDC,Air,06-04-12,N/A - From RDC,03-Jul-12,20-Jun-12,20-Jun-12,ARV,Adult,SCMS from RDC,"Nevirapine 200mg, tablets, 60 Tabs",Nevirapine,Generic,200mg,Tablet,60,"40,000",97600.00,2.44,0.04,"Aurobindo Unit III, India",TRUE,3771,"$31,029.99 ",136.84
"82,487",151-NG-T30,FPQ-9432,SO-41682,DN-2729,Nigeria,PMO - US,From RDC,N/A - From RDC,Air Charter,03-01-12,N/A - From RDC,02-Aug-12,09-Jul-12,09-Jul-12,ARV,Adult,SCMS from RDC,"Efavirenz 600mg, tablets, 30 Tabs",Efavirenz,Generic,600mg,Tablet,30,"50,000",190500.00,3.81,0.13,Hetero Unit III Hyderabad IN,TRUE,4944,"$21,347.13 ",267.08
"82,489",114-UG-T30,FPQ-9875,SO-42083,DN-2743,Uganda,PMO - US,From RDC,N/A - From RDC,Air,05-09-12,N/A - From RDC,17-Aug-12,01-Aug-12,01-Aug-12,ARV,Adult,SCMS from RDC,"Lamivudine/Tenofovir Disoproxil Fumarate 300/300mg, tablets, 30 Tabs",Lamivudine/Tenofovir Disoproxil Fumarate,Generic,300/300mg,Tablet - FDC,30,"60,000",332400.00,5.54,0.18,Mylan (formerly Matrix) Nashik,TRUE,4547,"$30,482.80 ",466.02
"82,490",114-UG-T30,FPQ-9355,SO-41593,DN-2744,Uganda,PMO - US,From RDC,N/A - From RDC,Truck,2/20/2012,N/A - From RDC,05-Sep-12,26-Jul-12,26-Jul-12,ARV,Adult,SCMS from RDC,"Lamivudine/Nevirapine/Zidovudine 150/200/300mg, tablets, 60 Tabs",Lamivudine/Nevirapine/Zidovudine,Generic,150/300/200mg,Tablet - FDC,60,157,1540.17,9.81,0.16,"Strides, Bangalore, India.",TRUE,836,"$4,911 ",2.16
"82,491",104-CI-T30,FPQ-8790,SO-41191,DN-2754,Côte d'Ivoire,PMO - US,From RDC,N/A - From RDC,Air,11-11-11,N/A - From RDC,31-Jul-12,31-Jul-12,31-Jul-12,ARV,Adult,SCMS from RDC,"Lamivudine/Nevirapine/Zidovudine 150/200/300mg, tablets, 60 Tabs",Lamivudine/Nevirapine/Zidovudine,Generic,150/300/200mg,Tablet - FDC,60,"80,032",785113.92,9.81,0.16,"Aurobindo Unit III, India",TRUE,11720,"$11,702.27 ","1,100.73"
"82,492",104-CI-T30,FPQ-8790,SO-41201,DN-2756,Côte d'Ivoire,PMO - US,From RDC,N/A - From RDC,Air,11-11-11,N/A - From RDC,31-Jul-12,31-Jul-12,31-Jul-12,ARV,Adult,SCMS from RDC,"Tenofovir Disoproxil Fumarate 300mg, tablets, 30 Tabs",Tenofovir Disoproxil Fumarate,Generic,300mg,Tablet,30,"1,499",7225.18,4.82,0.16,"Aurobindo Unit III, India",TRUE,123,"$2,252.42 ",10.13
"82,493",110-ZM-T30,FPQ-9472,SO-41720,DN-2763,Zambia,PMO - US,From RDC,N/A - From RDC,Truck,03-08-12,N/A - From RDC,31-Jul-12,01-Aug-12,01-Aug-12,ARV,Adult,SCMS from RDC,"Abacavir 300mg, tablets, 60 Tabs",Abacavir,Generic,300mg,Tablet,60,"2,548",33022.08,12.96,0.22,"Aurobindo Unit III, India",TRUE,3090,"$11,188.53 ",46.3
"82,494",151-NG-T30,FPQ-9432,SO-42644,DN-2764,Nigeria,PMO - US,From RDC,N/A - From RDC,Air Charter,03-01-12,N/A - From RDC,02-Aug-12,24-Jul-12,24-Jul-12,ARV,Adult,SCMS from RDC,"Lamivudine/Zidovudine 150/300mg, tablets, 60 Tabs",Lamivudine/Zidovudine,Generic,150/300mg,Tablet - FDC,60,"52,378",404358.16,7.72,0.13,"Cipla, Goa, India",TRUE,7666,"$16,532.50 ",566.91
"82,495",114-UG-T30,FPQ-9875,SO-42060,DN-2768,Uganda,PMO - US,From RDC,N/A - From RDC,Air,05-09-12,N/A - From RDC,17-Sep-12,14-Aug-12,14-Aug-12,ARV,Adult,SCMS from RDC,"Lamivudine/Nevirapine/Zidovudine 150/200/300mg, tablets, 60 Tabs",Lamivudine/Nevirapine/Zidovudine,Generic,150/300/200mg,Tablet - FDC,60,"72,107",707369.67,9.81,0.16,Mylan (formerly Matrix) Nashik,TRUE,9348,"$81,100.77 ",991.73
"82,498",104-CI-T30,FPQ-8790,SO-41190,DN-2776,Côte d'Ivoire,PMO - US,From RDC,N/A - From RDC,Air,11-11-11,N/A - From RDC,20-Aug-12,18-Aug-12,18-Aug-12,ARV,Adult,SCMS from RDC,"Efavirenz/Emtricitabine/Tenofovir Disoproxil Fumarate 600/200/300mg, tablets, 30 Tabs",Efavirenz/Emtricitabine/Tenofovir Disoproxil Fumarate,Generic,600/200/300mg,Tablet - FDC,30,"14,880",223795.20,15.04,0.5,Mylan (formerly Matrix) Nashik,TRUE,1674,"$4,754.53 ",313.76
"82,499",113-ZW-T30,FPQ-8464,SO-40900,DN-2804,Zimbabwe,PMO - US,From RDC,N/A - From RDC,Truck,10-04-11,N/A - From RDC,11-Dec-12,04-Sep-12,04-Sep-12,ARV,Adult,SCMS from RDC,"Lamivudine/Tenofovir Disoproxil Fumarate 300/300mg, tablets, 30 Tabs",Lamivudine/Tenofovir Disoproxil Fumarate,Generic,300/300mg,Tablet - FDC,30,"44,881",240562.16,5.36,0.18,Mylan (formerly Matrix) Nashik,TRUE,7191,"$6,014.22 ",396.93
"82,500",111-MZ-T30,FPQ-10210,SO-42950,DN-2808,Mozambique,PMO - US,From RDC,N/A - From RDC,Truck,6/28/2012,N/A - From RDC,30-Nov-12,29-Oct-12,29-Oct-12,ARV,Pediatric,SCMS from RDC,"Zidovudine 10mg/ml, oral solution w/syringe, Bottle, 240 ml",Zidovudine,Generic,10mg/ml,Oral solution,240,"7,150",15015.00,2.1,0.01,"Aurobindo Unit III, India",TRUE,2778,"$19,730.62 ",21.05
"82,501",104-CI-T30,FPQ-9749,SO-42381,DN-2813,Côte d'Ivoire,PMO - US,From RDC,N/A - From RDC,Truck,4/19/2012,N/A - From RDC,29-Oct-12,27-Aug-12,27-Aug-12,ARV,Pediatric,SCMS from RDC,"Zidovudine 100mg, capsules, 100 Caps",Zidovudine,Generic,100mg,Capsule,100,490,2303.00,4.7,0.05,"Aurobindo Unit III, India",TRUE,4359,"$12,101.96 ",3.23
"82,502",151-NG-T30,FPQ-9432,SO-42935,DN-2817,Nigeria,PMO - US,From RDC,N/A - From RDC,Air,03-01-12,N/A - From RDC,31-Aug-12,14-Aug-12,14-Aug-12,ARV,Adult,SCMS from RDC,"Lamivudine 150mg, tablets, 60 Tabs",Lamivudine,Generic,150mg,Tablet,60,"64,347",142850.34,2.22,0.04,Hetero Unit III Hyderabad IN,TRUE,5950,"$18,461.22 ",200.28
"82,503",900-TZ-T30,FPQ-10391,SO-43010,DN-2820,Tanzania,PMO - US,From RDC,N/A - From RDC,Air,7/26/2012,N/A - From RDC,26-Oct-12,26-Oct-12,26-Oct-12,ARV,Adult,SCMS from RDC,"Lamivudine/Zidovudine 150/300mg, tablets, 60 Tabs",Lamivudine/Zidovudine,Generic,150/300mg,Tablet - FDC,60,"52,770",407384.40,7.72,0.13,Mylan (formerly Matrix) Nashik,TRUE,16510,"$82,283.90 ",571.15
"82,504",900-UG-T30,FPQ-10048,SO-42610,DN-2829,Uganda,PMO - US,From RDC,N/A - From RDC,Air,06-06-12,N/A - From RDC,29-Oct-12,29-Oct-12,29-Oct-12,ARV,Adult,SCMS from RDC,"Lamivudine/Tenofovir Disoproxil Fumarate 300/300mg, tablets, 30 Tabs",Lamivudine/Tenofovir Disoproxil Fumarate,Generic,300/300mg,Tablet - FDC,30,"20,201",111913.54,5.54,0.18,"Cipla, Kurkumbh, India",TRUE,3865,"$19,667.94 ",156.9
"82,505",110-ZM-T30,FPQ-8476,SO-40956,DN-2832,Zambia,PMO - US,From RDC,N/A - From RDC,Truck,9/27/2011,N/A - From RDC,17-Sep-12,07-Sep-12,07-Sep-12,ARV,Adult,SCMS from RDC,"Zidovudine 300mg, tablets, 60 Tabs",Zidovudine,Generic,300mg,Tablet,60,"16,258",109904.08,6.76,0.11,Mylan (formerly Matrix) Nashik,TRUE,2321,"$7,317.48 ",181.34
"82,506",110-ZM-T30,FPQ-9773,SO-41991,DN-2833,Zambia,PMO - US,From RDC,N/A - From RDC,Truck,4/27/2012,N/A - From RDC,25-Sep-12,07-Sep-12,07-Sep-12,ARV,Adult,SCMS from RDC,"Nevirapine 200mg, tablets, 60 Tabs",Nevirapine,Generic,200mg,Tablet,60,"18,867",46035.48,2.44,0.04,Mylan (formerly Matrix) Nashik,TRUE,17125,"$7,317.47 ",64.54
"82,507",104-CI-T30,FPQ-9749,SO-42382,DN-2837,Côte d'Ivoire,PMO - US,From RDC,N/A - From RDC,Truck,4/19/2012,N/A - From RDC,13-Nov-12,05-Sep-12,05-Sep-12,ARV,Adult,SCMS from RDC,"Lamivudine/Zidovudine 150/300mg, tablets, 60 Tabs",Lamivudine/Zidovudine,Generic,150/300mg,Tablet - FDC,60,"84,900",660522.00,7.78,0.13,Mylan (formerly Matrix) Nashik,TRUE,18204,"$36,194.84 ",926.05
"82,508",110-ZM-T30,FPQ-9552,SO-41840,DN-2846,Zambia,PMO - US,From RDC,N/A - From RDC,Truck,3/29/2012,N/A - From RDC,31-Oct-12,07-Sep-12,07-Sep-12,ARV,Adult,SCMS from RDC,"Lamivudine 150mg, tablets, 60 Tabs",Lamivudine,Generic,150mg,Tablet,60,"57,984",135102.72,2.33,0.04,Hetero Unit III Hyderabad IN,TRUE,3144,"$7,317.47 ",189.41
"82,509",900-UG-T30,FPQ-10048,SO-42590,DN-2849,Uganda,PMO - US,From RDC,N/A - From RDC,Air,06-06-12,N/A - From RDC,30-Oct-12,30-Oct-12,30-Oct-12,ARV,Adult,SCMS from RDC,"Efavirenz 600mg, tablets, 30 Tabs",Efavirenz,Generic,600mg,Tablet,30,"60,000",234600.00,3.91,0.13,Hetero Unit III Hyderabad IN,TRUE,5000,"$24,889 ",328.91
"82,510",107-RW-T30,FPQ-9888,SO-42130,DN-2856,Rwanda,PMO - US,From RDC,N/A - From RDC,Air,05-11-12,N/A - From RDC,30-Oct-12,30-Oct-12,30-Oct-12,ARV,Adult,SCMS from RDC,"Abacavir 300mg, tablets, 60 Tabs",Abacavir,Generic,300mg,Tablet,60,"18,620",244853.00,13.15,0.22,Mylan (formerly Matrix) Nashik,TRUE,1928,"$5,825.17 ",343.28
"82,511",900-SS-T30,FPQ-10517,SO-43070,DN-2858,South Sudan,PMO - US,From RDC,N/A - From RDC,Air,8/17/2012,N/A - From RDC,15-Nov-12,23-Oct-12,23-Oct-12,ARV,Adult,SCMS from RDC,"Lamivudine 150mg, tablets, 60 Tabs",Lamivudine,Generic,150mg,Tablet,60,270,599.40,2.22,0.04,Hetero Unit III Hyderabad IN,TRUE,513,"$4,934.43 ",0.84
"82,512",107-RW-T30,FPQ-9888,SO-42100,DN-2859,Rwanda,PMO - US,From RDC,N/A - From RDC,Air,05-11-12,N/A - From RDC,19-Oct-12,18-Oct-12,18-Oct-12,ARV,Adult,SCMS from RDC,"Lamivudine/Tenofovir Disoproxil Fumarate 300/300mg, tablets, 30 Tabs",Lamivudine/Tenofovir Disoproxil Fumarate,Generic,300/300mg,Tablet - FDC,30,"36,390",201600.60,5.54,0.18,Mylan (formerly Matrix) Nashik,TRUE,3863,"$23,249.47 ",282.64
"82,513",104-CI-T30,FPQ-9749,SO-42380,DN-2861,Côte d'Ivoire,PMO - US,From RDC,N/A - From RDC,Truck,4/19/2012,N/A - From RDC,29-Oct-12,01-Oct-12,01-Oct-12,ARV,Adult,SCMS from RDC,"Efavirenz 600mg, tablets, 30 Tabs",Efavirenz,Generic,600mg,Tablet,30,"2,000",7620.00,3.81,0.13,"Strides, Bangalore, India.",TRUE,4026,"$15,677.98 ",10.68
"82,514",110-ZM-T30,FPQ-9773,SO-41992,DN-2865,Zambia,PMO - US,From RDC,N/A - From RDC,Truck,4/27/2012,N/A - From RDC,10-Oct-12,05-Oct-12,05-Oct-12,ARV,Adult,SCMS from RDC,"Emtricitabine/Tenofovir Disoproxil Fumarate 200/300mg, tablets, 30 Tabs",Emtricitabine/Tenofovir Disoproxil Fumarate,Generic,200/300mg,Tablet - FDC,30,"167,825",1105966.75,6.59,0.22,Mylan (formerly Matrix) Nashik,TRUE,26199,"$34,356.26 ","1,550.57"
"82,515",114-UG-T30,FPQ-10503,SO-43090,DN-2873,Uganda,PMO - US,From RDC,N/A - From RDC,Air,8/15/2012,N/A - From RDC,25-Oct-12,22-Oct-12,22-Oct-12,ARV,Adult,SCMS from RDC,"Lamivudine 150mg, tablets, 60 Tabs",Lamivudine,Generic,150mg,Tablet,60,"1,659",3682.98,2.22,0.04,Hetero Unit III Hyderabad IN,TRUE,958,"$7,659.33 ",5.16
"82,516",104-CI-T30,FPQ-9136,SO-41370,DN-2877,Côte d'Ivoire,PMO - US,From RDC,N/A - From RDC,Truck,01-02-12,N/A - From RDC,15-Oct-12,05-Oct-12,05-Oct-12,ARV,Adult,SCMS from RDC,"Lopinavir/Ritonavir 200/50mg, tablets, 120 Tabs",Lopinavir/Ritonavir,Generic,200/50mg,Tablet,120,"24,097",643389.90,26.7,0.22,Mylan (formerly Matrix) Nashik,TRUE,6375,"$18,661.97 ",902.03
"82,518",107-RW-T30,FPQ-9969,SO-42430,DN-2885,Rwanda,PMO - US,From RDC,N/A - From RDC,Air,5/25/2012,N/A - From RDC,31-Oct-12,30-Oct-12,30-Oct-12,ARV,Adult,SCMS from RDC,"Efavirenz/Lamivudine/Tenofovir Disoproxil Fumarate 600/300/300mg, tablets, 30 Tabs",Efavirenz/Lamivudine/Tenofovir Disoproxil Fumarate,Generic,600/300/300mg,Tablet - FDC,30,"59,989",796054.03,13.27,0.44,Mylan (formerly Matrix) Nashik,TRUE,7242,"$5,825.18 ","1,116.07"
"82,519",900-CM-T30,FPQ-10641,SO-43390,DN-2886,Cameroon,PMO - US,From RDC,N/A - From RDC,Air Charter,9/19/2012,N/A - From RDC,24-Oct-12,17-Oct-12,17-Oct-12,ARV,Adult,SCMS from RDC,"Lamivudine/Nevirapine/Zidovudine 150/200/300mg, tablets, 60 Tabs",Lamivudine/Nevirapine/Zidovudine,Generic,150/300/200mg,Tablet - FDC,60,"152,000",1462240.00,9.62,0.16,Mylan (formerly Matrix) Nashik,TRUE,43571,"$67,732.54 ","2,050.06"
"82,520",900-CM-T30,FPQ-10641,SO-43380,DN-2887,Cameroon,PMO - US,From RDC,N/A - From RDC,Air Charter,9/19/2012,N/A - From RDC,07-Nov-12,17-Oct-12,17-Oct-12,ARV,Adult,SCMS from RDC,"Lamivudine/Tenofovir Disoproxil Fumarate 300/300mg, tablets, 30 Tabs",Lamivudine/Tenofovir Disoproxil Fumarate,Generic,300/300mg,Tablet - FDC,30,"10,000",53600.00,5.36,0.18,"Cipla, Kurkumbh, India",TRUE,4486,"$76,176.43 ",75.15
"82,522",104-CI-T30,FPQ-9136,SO-41371,DN-2893,Côte d'Ivoire,PMO - US,From RDC,N/A - From RDC,Truck,01-02-12,N/A - From RDC,31-Oct-12,26-Oct-12,26-Oct-12,ARV,Adult,SCMS from RDC,"Lopinavir/Ritonavir 200/50mg, tablets, 120 Tabs",Lopinavir/Ritonavir,Generic,200/50mg,Tablet,120,503,13430.10,26.7,0.22,"Aurobindo Unit III, India",TRUE,123,"$1,783.64 ",18.83
"82,523",104-CI-T30,FPQ-9749,SO-42371,DN-2894,Côte d'Ivoire,PMO - US,From RDC,N/A - From RDC,Truck,4/19/2012,N/A - From RDC,15-Dec-12,24-Oct-12,24-Oct-12,ARV,Pediatric,SCMS from RDC,"Efavirenz 200mg, scored tablets, 90 Tabs",Efavirenz,Generic,200mg,Tablet,90,"4,120",30076.00,7.3,0.08,"Strides, Bangalore, India.",TRUE,253,"$4,261.03 ",42.17
"82,524",104-CI-T30,FPQ-10626,SO-43280,DN-2895,Côte d'Ivoire,PMO - US,From RDC,N/A - From RDC,Truck,09-06-12,N/A - From RDC,14-Dec-12,24-Oct-12,24-Oct-12,ARV,Adult,SCMS from RDC,"Abacavir/Lamivudine 600/300mg, scored tablets, 30 Tabs",Abacavir/Lamivudine,Generic,600/300mg,Tablet - FDC,30,"2,500",56250.00,22.5,0.75,"Aurobindo Unit III, India",TRUE,2147,"$8,211.03 ",78.86
"82,525",151-NG-T30,FPQ-9968,SO-42683,DN-2902,Nigeria,PMO - US,From RDC,N/A - From RDC,Air,5/23/2012,N/A - From RDC,06-Nov-12,06-Nov-12,06-Nov-12,ARV,Adult,SCMS from RDC,"Nevirapine 200mg, tablets, 60 Tabs",Nevirapine,Generic,200mg,Tablet,60,"200,000",484000.00,2.42,0.04,"Strides, Bangalore, India.",TRUE,12028,"$15,459.09 ",678.57
"82,526",114-UG-T30,FPQ-10328,SO-42811,DN-2917,Uganda,PMO - US,From RDC,N/A - From RDC,Truck,07-11-12,N/A - From RDC,31-Dec-12,19-Nov-12,19-Nov-12,ARV,Adult,SCMS from RDC,"Efavirenz/Lamivudine/Tenofovir Disoproxil Fumarate 600/300/300mg, tablets, 30 Tabs",Efavirenz/Lamivudine/Tenofovir Disoproxil Fumarate,Generic,600/300/300mg,Tablet - FDC,30,"125,014",1658935.78,13.27,0.44,Mylan (formerly Matrix) Nashik,TRUE,14275,"$131,278.81 ","2,325.83"
"82,527",114-UG-T30,FPQ-10357,SO-42900,DN-2921,Uganda,PMO - US,From RDC,N/A - From RDC,Truck,7/18/2012,N/A - From RDC,10-Dec-12,19-Nov-12,19-Nov-12,ARV,Adult,SCMS from RDC,"Lamivudine/Tenofovir Disoproxil Fumarate 300/300mg, tablets, 30 Tabs",Lamivudine/Tenofovir Disoproxil Fumarate,Generic,300/300mg,Tablet - FDC,30,"26,432",141675.52,5.36,0.18,Hetero Unit III Hyderabad IN,TRUE,5212,"$24,772.95 ",198.63
"82,528",111-MZ-T30,FPQ-10210,SO-42830,DN-2939,Mozambique,PMO - US,From RDC,N/A - From RDC,Truck,6/28/2012,N/A - From RDC,11-Jan-13,11-Jan-13,11-Jan-13,ARV,Adult,SCMS from RDC,"Lamivudine/Nevirapine/Zidovudine 150/200/300mg, tablets, 60 Tabs",Lamivudine/Nevirapine/Zidovudine,Generic,150/300/200mg,Tablet - FDC,60,"97,516",945905.20,9.7,0.16,Hetero Unit III Hyderabad IN,TRUE,12104,"$7,433.02 ","1,326.16"
"82,529",102-ZW-T30,FPQ-9927,SO-42300,DN-2940,Zimbabwe,PMO - US,From RDC,N/A - From RDC,Truck,5/15/2012,N/A - From RDC,21-Dec-12,11-Dec-12,11-Dec-12,ARV,Adult,SCMS from RDC,"Lamivudine/Tenofovir Disoproxil Fumarate 300/300mg, tablets, 30 Tabs",Lamivudine/Tenofovir Disoproxil Fumarate,Generic,300/300mg,Tablet - FDC,30,"188,201",1008757.36,5.36,0.18,Hetero Unit III Hyderabad IN,TRUE,23127,"$11,444.77 ","1,414.28"
"82,530",103-ZW-T30,FPQ-9907,SO-42220,DN-2942,Zimbabwe,PMO - US,From RDC,N/A - From RDC,Truck,5/15/2012,N/A - From RDC,14-Dec-12,11-Dec-12,11-Dec-12,ARV,Pediatric,SCMS from RDC,"Lamivudine/Nevirapine/Stavudine 30/50/6mg, dispersible tablets, 60 Tabs",Lamivudine/Nevirapine/Stavudine,Generic,30/50/6mg,Chewable/dispersible tablet - FDC,60,"20,451",47037.30,2.3,0.04,"Cipla, Goa, India",TRUE,10118,"$9,251.80 ",65.95
"82,531",151-NG-T30,FPQ-9968,SO-43435,DN-2946,Nigeria,PMO - US,From RDC,N/A - From RDC,Air,5/23/2012,N/A - From RDC,04-Dec-12,04-Dec-12,04-Dec-12,ARV,Adult,SCMS from RDC,"Nevirapine 200mg, tablets, 60 Tabs",Nevirapine,Generic,200mg,Tablet,60,"16,870",40825.40,2.42,0.04,"Strides, Bangalore, India.",TRUE,7973,"$51,090 ",57.24
"82,532",114-UG-T30,FPQ-10556,SO-43190,DN-2951,Uganda,PMO - US,From RDC,N/A - From RDC,Air,8/30/2012,N/A - From RDC,01-Feb-13,01-Feb-13,01-Feb-13,ARV,Adult,SCMS from RDC,"Lamivudine/Nevirapine/Zidovudine 150/200/300mg, tablets, 60 Tabs",Lamivudine/Nevirapine/Zidovudine,Generic,150/300/200mg,Tablet - FDC,60,"13,830",133044.60,9.62,0.16,Hetero Unit III Hyderabad IN,TRUE,2400,"$18,337.82 ",186.53
"82,533",151-NG-T30,FPQ-9968,SO-43434,DN-2945,Nigeria,PMO - US,From RDC,N/A - From RDC,Air,5/23/2012,N/A - From RDC,30-Nov-12,04-Dec-12,04-Dec-12,ARV,Adult,SCMS from RDC,"Lamivudine/Tenofovir Disoproxil Fumarate 300/300mg, tablets, 30 Tabs",Lamivudine/Tenofovir Disoproxil Fumarate,Generic,300/300mg,Tablet - FDC,30,"66,637",357174.32,5.36,0.18,"Cipla, Kurkumbh, India",TRUE,25523,"$51,090 ",500.76
"82,534",104-CI-T30,FPQ-9749,SO-42373,DN-2954,Côte d'Ivoire,PMO - US,From RDC,N/A - From RDC,Truck,4/19/2012,N/A - From RDC,31-Dec-12,06-Dec-12,06-Dec-12,ARV,Adult,SCMS from RDC,"Efavirenz 600mg, tablets, 30 Tabs",Efavirenz,Generic,600mg,Tablet,30,"14,368",52299.52,3.64,0.12,"Strides, Bangalore, India.",TRUE,4409,"$17,192.40 ",73.32
"82,535",104-CI-T30,FPQ-10626,SO-43270,DN-2974,Côte d'Ivoire,PMO - US,From RDC,N/A - From RDC,Truck,09-06-12,N/A - From RDC,10-Jan-13,27-Dec-12,27-Dec-12,ARV,Adult,SCMS from RDC,"Lamivudine/Tenofovir Disoproxil Fumarate 300/300mg, tablets, 30 Tabs",Lamivudine/Tenofovir Disoproxil Fumarate,Generic,300/300mg,Tablet - FDC,30,"9,767",52351.12,5.36,0.18,"Cipla, Kurkumbh, India",TRUE,852,"$3,026.61 ",73.4
"82,536",113-ZW-T30,FPQ-10632,SO-43221,DN-2975,Zimbabwe,PMO - US,From RDC,N/A - From RDC,Truck,09-11-12,N/A - From RDC,21-Dec-12,13-Dec-12,13-Dec-12,ARV,Adult,SCMS from RDC,"Lamivudine/Nevirapine/Zidovudine 150/200/300mg, tablets, 60 Tabs",Lamivudine/Nevirapine/Zidovudine,Generic,150/300/200mg,Tablet - FDC,60,"15,120",135626.40,8.97,0.15,"Cipla, Goa, India",TRUE,5754,"$10,075.80 ",190.15
"82,537",114-UG-T30,FPQ-10556,SO-43160,DN-2952,Uganda,PMO - US,From RDC,N/A - From RDC,Air,8/30/2012,N/A - From RDC,02-Feb-13,02-Feb-13,02-Feb-13,ARV,Adult,SCMS from RDC,"Lamivudine/Tenofovir Disoproxil Fumarate 300/300mg, tablets, 30 Tabs",Lamivudine/Tenofovir Disoproxil Fumarate,Generic,300/300mg,Tablet - FDC,30,"5,580",26839.80,4.81,0.16,"Cipla, Kurkumbh, India",TRUE,1187,"$9,609.69 ",37.63
"82,538",101-CD-T30,FPQ-11054,SO-43680,DN-2981,"Congo, DRC",PMO - US,From RDC,N/A - From RDC,Air,11/16/2012,N/A - From RDC,11-Sep-13,11-Sep-13,11-Sep-13,ARV,Adult,SCMS from RDC,"Lamivudine/Zidovudine 150/300mg, tablets, 60 Tabs",Lamivudine/Zidovudine,Generic,150/300mg,Tablet - FDC,60,647,4703.69,7.27,0.12,Mylan (formerly Matrix) Nashik,TRUE,5897,"$40,434.04 ",5.82
"85,150",106-HT-T30,FPQ-5523,SO-36741,DN-2015,Haiti,PMO - US,From RDC,N/A - From RDC,Air,4/19/2010,N/A - From RDC,30-Sep-10,07-Oct-10,07-Oct-10,ARV,Adult,SCMS from RDC,"Lamivudine/Zidovudine 150/300mg, tablets, 60 Tabs",Lamivudine/Zidovudine,Generic,150/300mg,Tablet - FDC,60,"52,752",451029.60,8.55,0.14,Hetero Unit III Hyderabad IN,FALSE,See DN-2015 (ID#:82917),null,972.42
"82,540",102-ZW-T30,FPQ-9927,SO-42290,DN-2988,Zimbabwe,PMO - US,From RDC,N/A - From RDC,Truck,5/15/2012,N/A - From RDC,11-Feb-13,11-Feb-13,11-Feb-13,ARV,Adult,SCMS from RDC,"Lamivudine/Zidovudine 150/300mg, tablets, 60 Tabs",Lamivudine/Zidovudine,Generic,150/300mg,Tablet - FDC,60,"7,867",57193.09,7.27,0.12,"Cipla, Goa, India",TRUE,704,"$25,568 ",80.18
"82,541",151-NG-T30,FPQ-10477,SO-43042,DN-2994,Nigeria,PMO - US,From RDC,N/A - From RDC,Air Charter,08-09-12,N/A - From RDC,11-Feb-13,11-Feb-13,11-Feb-13,ARV,Adult,SCMS from RDC,"Emtricitabine/Tenofovir Disoproxil Fumarate 200/300mg, tablets, 30 Tabs",Emtricitabine/Tenofovir Disoproxil Fumarate,Generic,200/300mg,Tablet - FDC,30,"100,000",638000.00,6.38,0.21,Mylan (formerly Matrix) Nashik,TRUE,8850,"$29,780.50 ",894.48
"82,542",114-UG-T30,FPQ-10780,SO-43491,DN-3000,Uganda,PMO - US,From RDC,N/A - From RDC,Air,10-10-12,N/A - From RDC,11-Feb-13,07-Mar-13,07-Mar-13,ARV,Adult,SCMS from RDC,"Efavirenz/Emtricitabine/Tenofovir Disoproxil Fumarate 600/200/300mg, tablets, 30 Tabs",Efavirenz/Emtricitabine/Tenofovir Disoproxil Fumarate,Generic,600/200/300mg,Tablet - FDC,30,"7,126",97554.94,13.69,0.46,Mylan (formerly Matrix) Nashik,TRUE,2261,"$13,252.20 ",136.77
"82,544",104-CI-T30,FPQ-10626,SO-43300,DN-3021,Côte d'Ivoire,PMO - US,From RDC,N/A - From RDC,Truck,09-06-12,N/A - From RDC,28-Mar-13,28-Feb-13,28-Feb-13,ARV,Adult,SCMS from RDC,"Lamivudine/Tenofovir Disoproxil Fumarate 300/300mg, tablets, 30 Tabs",Lamivudine/Tenofovir Disoproxil Fumarate,Generic,300/300mg,Tablet - FDC,30,"10,000",47000.00,4.7,0.16,Hetero Unit III Hyderabad IN,TRUE,1387,"$10,680.14 ",65.89
"82,545",104-CI-T30,FPQ-10633,SO-43331,DN-3022,Côte d'Ivoire,PMO - US,From RDC,N/A - From RDC,Truck,09-11-12,N/A - From RDC,28-Mar-13,28-Feb-13,28-Feb-13,ARV,Adult,SCMS from RDC,"Lamivudine/Tenofovir Disoproxil Fumarate 300/300mg, tablets, 30 Tabs",Lamivudine/Tenofovir Disoproxil Fumarate,Generic,300/300mg,Tablet - FDC,30,"6,500",30550.00,4.7,0.16,Hetero Unit III Hyderabad IN,TRUE,677,"$3,880.14 ",42.83
"82,546",114-UG-T30,FPQ-10946,SO-43640,DN-3025,Uganda,PMO - US,From RDC,N/A - From RDC,Air,11-01-12,N/A - From RDC,04-Apr-13,07-Mar-13,07-Mar-13,ARV,Adult,SCMS from RDC,"Nevirapine 200mg, tablets, 60 Tabs",Nevirapine,Generic,200mg,Tablet,60,"32,298",72993.48,2.26,0.04,"Aurobindo Unit III, India",TRUE,6528,"$21,806.84 ",90.29
"82,547",900-SS-T30,FPQ-11272,SO-44110,DN-3026,South Sudan,PMO - US,From RDC,N/A - From RDC,Air,12/17/2012,N/A - From RDC,31-Mar-13,22-Mar-13,22-Mar-13,ARV,Pediatric,SCMS from RDC,"Nevirapine 10mg/ml, oral suspension w/syringe, Bottle, 240 ml",Nevirapine,Generic,10mg/ml,Oral suspension,240,"2,976",5803.20,1.95,0.01,"Aurobindo Unit III, India",TRUE,1108,"$10,754 ",7.18
"82,548",151-NG-T30,FPQ-10477,SO-44550,DN-3028,Nigeria,PMO - US,From RDC,N/A - From RDC,Air Charter,08-09-12,N/A - From RDC,15-Mar-13,21-Feb-13,21-Feb-13,ARV,Adult,SCMS from RDC,"Nevirapine 200mg, tablets, 60 Tabs",Nevirapine,Generic,200mg,Tablet,60,"33,571",75870.46,2.26,0.04,Hetero Unit III Hyderabad IN,TRUE,12785,"$37,242.50 ",106.37
"82,549",113-ZW-T30,FPQ-10632,SO-43210,DN-3030,Zimbabwe,PMO - US,From RDC,N/A - From RDC,Truck,09-11-12,N/A - From RDC,14-Mar-13,14-Mar-13,14-Mar-13,ARV,Adult,SCMS from RDC,"Lamivudine/Nevirapine/Zidovudine 150/200/300mg, tablets, 60 Tabs",Lamivudine/Nevirapine/Zidovudine,Generic,150/300/200mg,Tablet - FDC,60,"15,120",129729.60,8.58,0.14,"Aurobindo Unit III, India",TRUE,23677,"$9,405.81 ",181.88
"82,550",113-ZW-T30,FPQ-10895,SO-43540,DN-3031,Zimbabwe,PMO - US,From RDC,N/A - From RDC,Truck,10/25/2012,N/A - From RDC,15-Mar-13,14-Mar-13,14-Mar-13,ARV,Adult,SCMS from RDC,"Efavirenz/Lamivudine/Tenofovir Disoproxil Fumarate 600/300/300mg, tablets, 30 Tabs",Efavirenz/Lamivudine/Tenofovir Disoproxil Fumarate,Generic,600/300/300mg,Tablet - FDC,30,"20,160",244137.60,12.11,0.4,Mylan (formerly Matrix) Nashik,TRUE,2268,"$9,405.81 ",302
"82,551",103-ZW-T30,FPQ-9907,SO-42260,DN-3032,Zimbabwe,PMO - US,From RDC,N/A - From RDC,Truck,5/15/2012,N/A - From RDC,31-Mar-13,14-Mar-13,14-Mar-13,ARV,Pediatric,SCMS from RDC,"Lamivudine/Stavudine 30/6mg, dispersible tablets, 60 Tabs",Lamivudine/Stavudine,Generic,30/6mg,Chewable/dispersible tablet - FDC,60,"7,372",14006.80,1.9,0.03,"Cipla, Goa, India",TRUE,5453,"$9,405.81 ",19.64
"86,337",106-HT-T30,FPQ-5523,SO-36741,DN-2015,Haiti,PMO - US,From RDC,N/A - From RDC,Air,4/19/2010,N/A - From RDC,30-Sep-10,07-Oct-10,07-Oct-10,ARV,Pediatric,SCMS from RDC,"Efavirenz 50mg, capsule, 30 Caps",Efavirenz,Generic,50mg,Capsule,30,70,156.80,2.24,0.07,"Aurobindo Unit III, India",FALSE,See DN-2015 (ID#:82917),null,0.34
"82,553",114-UG-T30,FPQ-11143,SO-43970,DN-3041,Uganda,PMO - US,From RDC,N/A - From RDC,Truck,12/13/2012,N/A - From RDC,29-Mar-13,06-Mar-13,06-Mar-13,ARV,Pediatric,SCMS from RDC,"Lamivudine/Zidovudine 30/60mg, tablets, 60 Tabs",Lamivudine/Zidovudine,Generic,30/60mg,Tablet - FDC,60,"1,731",3912.06,2.26,0.04,Mylan (formerly Matrix) Nashik,TRUE,76,$936.81 ,4.84
"82,554",106-HT-T30,FPQ-11281,SO-44400,DN-3015,Haiti,PMO - US,From RDC,N/A - From RDC,Air,1/16/2013,N/A - From RDC,09-Apr-13,14-Mar-13,14-Mar-13,ARV,Adult,SCMS from RDC,"Efavirenz 600mg, tablets, 30 Tabs",Efavirenz,Generic,600mg,Tablet,30,"39,936",132986.88,3.33,0.11,"Strides, Bangalore, India.",TRUE,16035,"$161,712.87 ",164.5
"84,043",105-GY-T30,FPQ-6306,SO-37390,DN-2016,Guyana,PMO - US,From RDC,N/A - From RDC,Air,8/27/2010,N/A - From RDC,23-Nov-10,19-Sep-10,19-Sep-10,ARV,Adult,SCMS from RDC,"Zidovudine 300mg, tablets, 60 Tabs",Zidovudine,Generic,300mg,Tablet,60,"1,002",7224.42,7.21,0.12,"Aurobindo Unit III, India",FALSE,See DN-2016 (ID#:82351),null,15.58
"82,556",151-NG-T30,FPQ-10477,SO-44560,DN-3029,Nigeria,PMO - US,From RDC,N/A - From RDC,Air Charter,08-09-12,N/A - From RDC,15-Mar-13,21-Feb-13,21-Feb-13,ARV,Adult,SCMS from RDC,"Lamivudine/Zidovudine 150/300mg, tablets, 60 Tabs",Lamivudine/Zidovudine,Generic,150/300mg,Tablet - FDC,60,"31,971",232429.17,7.27,0.12,Mylan (formerly Matrix) Nashik,TRUE,11111,"$37,242.50 ",325.87
"84,044",105-GY-T30,FPQ-6307,SO-37400,DN-2017,Guyana,PMO - US,From RDC,N/A - From RDC,Air,8/30/2010,N/A - From RDC,23-Nov-10,19-Sep-10,19-Sep-10,ARV,Pediatric,SCMS from RDC,"Efavirenz 200mg, capsule, 90 Caps",Efavirenz,Generic,200mg,Capsule,90,230,2233.30,9.71,0.11,"Aurobindo Unit III, India",FALSE,See DN-2017 (ID#:82918),null,4.81
"82,558",151-NG-T30,FPQ-10477,SO-43048,DN-3039,Nigeria,PMO - US,From RDC,N/A - From RDC,Air Charter,08-09-12,N/A - From RDC,15-Mar-13,21-Feb-13,21-Feb-13,ARV,Adult,SCMS from RDC,"Efavirenz/Emtricitabine/Tenofovir Disoproxil Fumarate 600/200/300mg, tablets, 30 Tabs",Efavirenz/Emtricitabine/Tenofovir Disoproxil Fumarate,Generic,600/200/300mg,Tablet - FDC,30,"105,014",1437641.66,13.69,0.46,Mylan (formerly Matrix) Nashik,TRUE,13392,"$37,242.50 ","2,015.57"
"82,559",113-ZW-T30,FPQ-10895,SO-43571,DN-3056,Zimbabwe,PMO - US,From RDC,N/A - From RDC,Truck,10/25/2012,N/A - From RDC,31-Jul-13,14-Mar-13,14-Mar-13,ARV,Adult,SCMS from RDC,"Efavirenz/Lamivudine/Tenofovir Disoproxil Fumarate 600/300/300mg, tablets, 30 Tabs",Efavirenz/Lamivudine/Tenofovir Disoproxil Fumarate,Generic,600/300/300mg,Tablet - FDC,30,"20,160",244137.60,12.11,0.4,Mylan (formerly Matrix) Nashik,TRUE,2266,"$9,405.81 ",302
"82,560",105-GY-T30,FPQ-11546,SO-44530,DN-3059,Guyana,PMO - US,From RDC,N/A - From RDC,Truck,1/28/2013,N/A - From RDC,18-Apr-13,15-Mar-13,15-Mar-13,ARV,Pediatric,SCMS from RDC,"Efavirenz 200mg, scored tablets, 90 Tabs",Efavirenz,Generic,200mg,Tablet,90,49,357.70,7.3,0.08,"Strides, Bangalore, India.",TRUE,110,"$3,178 ",0.44
"82,562",103-SS-T30,FPQ-11489,SO-44620,DN-3080,South Sudan,PMO - US,From RDC,N/A - From RDC,Air,1/16/2013,N/A - From RDC,17-Apr-13,23-Apr-13,23-Apr-13,ARV,Pediatric,SCMS from RDC,"Lamivudine/Nevirapine/Zidovudine 30/50/60mg, dispersible tablets, 60 Tabs",Lamivudine/Nevirapine/Zidovudine,Generic,30/50/60mg,Chewable/dispersible tablet - FDC,60,549,2278.35,4.15,0.07,Mylan (formerly Matrix) Nashik,TRUE,37,"$1,198.68 ",2.82
"82,564",102-ZW-T30,FPQ-11477,SO-44271,DN-3094,Zimbabwe,PMO - US,From RDC,N/A - From RDC,Truck,1/16/2013,N/A - From RDC,31-Jul-13,13-Apr-13,13-Apr-13,ARV,Adult,SCMS from RDC,"Efavirenz/Lamivudine/Tenofovir Disoproxil Fumarate 600/300/300mg, tablets, 30 Tabs",Efavirenz/Lamivudine/Tenofovir Disoproxil Fumarate,Generic,600/300/300mg,Tablet - FDC,30,"40,320",488275.20,12.11,0.4,Mylan (formerly Matrix) Nashik,TRUE,4536,"$29,733.53 ",604
"82,565",101-CD-T30,FPQ-11054,SO-43690,DN-3098,"Congo, DRC",PMO - US,From RDC,N/A - From RDC,Air,11/16/2012,N/A - From RDC,27-Nov-13,27-Nov-13,22-Jan-14,ARV,Adult,SCMS from RDC,"Zidovudine 300mg, tablets, 60 Tabs",Zidovudine,Generic,300mg,Tablet,60,"6,362",43007.12,6.76,0.11,"Aurobindo Unit III, India",TRUE,315,"$2,030.96 ",53.2
"82,566",105-GY-T30,FPQ-11546,SO-44500,DN-3099,Guyana,PMO - US,From RDC,N/A - From RDC,Air,1/28/2013,N/A - From RDC,18-Apr-13,19-Apr-13,19-Apr-13,ARV,Adult,SCMS from RDC,"Zidovudine 300mg, tablets, 60 Tabs",Zidovudine,Generic,300mg,Tablet,60,"1,927",13026.52,6.76,0.11,"Aurobindo Unit III, India",TRUE,466,"$5,724.40 ",16.11
"82,567",900-SS-T30,FPQ-11272,SO-44101,DN-3100,South Sudan,PMO - US,From RDC,N/A - From RDC,Air,12/17/2012,N/A - From RDC,30-Apr-13,26-Apr-13,26-Apr-13,ARV,Adult,SCMS from RDC,"Zidovudine 300mg, tablets, 60 Tabs",Zidovudine,Generic,300mg,Tablet,60,"4,560",30825.60,6.76,0.11,"Aurobindo Unit III, India",TRUE,230,"$1,740.47 ",38.13
"82,568",111-MZ-T30,FPQ-11882,SO-44810,DN-3108,Mozambique,PMO - US,From RDC,N/A - From RDC,Air,3/19/2013,N/A - From RDC,04-Jul-13,04-Jul-13,04-Jul-13,ARV,Adult,SCMS from RDC,"Efavirenz 600mg, tablets, 30 Tabs",Efavirenz,Generic,600mg,Tablet,30,"17,037",56733.21,3.33,0.11,"Strides, Bangalore, India.",TRUE,1750,"$9,758.50 ",70.18
"82,569",102-BI-T30,FPQ-11661,SO-44670,DN-3118,Burundi,PMO - US,From RDC,N/A - From RDC,Air,2/20/2013,N/A - From RDC,31-May-13,23-May-13,23-May-13,ARV,Adult,SCMS from RDC,"Lamivudine/Nevirapine/Zidovudine 150/200/300mg, tablets, 60 Tabs",Lamivudine/Nevirapine/Zidovudine,Generic,150/300/200mg,Tablet - FDC,60,"2,208",18944.64,8.58,0.14,Hetero Unit III Hyderabad IN,TRUE,652,"$3,763.20 ",23.43
"82,570",114-UG-T30,FPQ-11133,SO-43890,DN-3122,Uganda,PMO - US,From RDC,N/A - From RDC,Truck,12/13/2012,N/A - From RDC,07-Jun-13,07-Jun-13,07-Jun-13,ARV,Adult,SCMS from RDC,"Zidovudine 300mg, tablets, 60 Tabs",Zidovudine,Generic,300mg,Tablet,60,"1,530",10006.20,6.54,0.11,"Aurobindo Unit III, India",TRUE,11337,"$23,809.39 ",12.38
"82,571",103-SS-T30,FPQ-11489,SO-44630,DN-3125,South Sudan,PMO - US,From RDC,N/A - From RDC,Air,1/16/2013,N/A - From RDC,30-Apr-13,24-Apr-13,24-Apr-13,ARV,Adult,SCMS from RDC,"Lamivudine/Tenofovir Disoproxil Fumarate 300/300mg, tablets, 30 Tabs",Lamivudine/Tenofovir Disoproxil Fumarate,Generic,300/300mg,Tablet - FDC,30,"1,447",6800.90,4.7,0.16,"Aurobindo Unit VII, IN",TRUE,1309,"$12,356 ",8.41
"82,572",114-UG-T30,FPQ-10945,SO-43620,DN-3128,Uganda,PMO - US,From RDC,N/A - From RDC,Air,11-06-12,N/A - From RDC,09-May-13,07-May-13,07-May-13,ARV,Adult,SCMS from RDC,"Efavirenz/Lamivudine/Tenofovir Disoproxil Fumarate 600/300/300mg, tablets, 30 Tabs",Efavirenz/Lamivudine/Tenofovir Disoproxil Fumarate,Generic,600/300/300mg,Tablet - FDC,30,"229,285",2412078.20,10.52,0.35,Hetero Unit III Hyderabad IN,TRUE,29934,"$34,003.70 ","2,983.74"
"82,573",111-MZ-T30,FPQ-11033,SO-43790,DN-3102,Mozambique,PMO - US,From RDC,N/A - From RDC,Truck,11-12-12,N/A - From RDC,01-Aug-13,01-Aug-13,01-Aug-13,ARV,Adult,SCMS from RDC,"Lamivudine/Nevirapine/Zidovudine 150/200/300mg, tablets, 60 Tabs",Lamivudine/Nevirapine/Zidovudine,Generic,150/300/200mg,Tablet - FDC,60,"120,000",1029600.00,8.58,0.14,"Aurobindo Unit III, India",TRUE,36920,"$29,935.05 ","1,273.62"
"82,574",151-NG-T30,FPQ-11022,SO-43842,DN-3148,Nigeria,PMO - US,From RDC,N/A - From RDC,Air Charter,11/15/2012,N/A - From RDC,21-May-13,06-May-13,06-May-13,ARV,Adult,SCMS from RDC,"Nevirapine 200mg, tablets, 60 Tabs",Nevirapine,Generic,200mg,Tablet,60,"57,227",129333.02,2.26,0.04,"Strides, Bangalore, India.",TRUE,4844,"$21,591.10 ",159.98
"82,575",114-UG-T30,FPQ-11133,SO-43873,DN-3153,Uganda,PMO - US,From RDC,N/A - From RDC,Truck,12/13/2012,N/A - From RDC,28-Jun-13,07-Jun-13,07-Jun-13,ARV,Pediatric,SCMS from RDC,"Lamivudine/Nevirapine/Stavudine 30/50/6mg, dispersible tablets, 60 Tabs",Lamivudine/Nevirapine/Stavudine,Generic,30/50/6mg,Chewable/dispersible tablet - FDC,60,475,1092.50,2.3,0.04,"Cipla, Goa, India",TRUE,1982,"$8,163.74 ",1.35
"82,577",151-NG-T30,FPQ-11022,SO-45201,DN-3176,Nigeria,PMO - US,From RDC,N/A - From RDC,Air Charter,11/15/2012,N/A - From RDC,21-May-13,10-May-13,10-May-13,ARV,Adult,SCMS from RDC,"Nevirapine 200mg, tablets, 60 Tabs",Nevirapine,Generic,200mg,Tablet,60,"95,000",214700.00,2.26,0.04,"Cipla, Goa, India",TRUE,12686,"$41,332.14 ",265.58
"84,594",105-GY-T30,FPQ-6307,SO-37400,DN-2017,Guyana,PMO - US,From RDC,N/A - From RDC,Air,8/30/2010,N/A - From RDC,23-Nov-10,19-Sep-10,19-Sep-10,ARV,Pediatric,SCMS from RDC,"Lamivudine 10mg/ml, oral solution, Bottle, 240 ml",Lamivudine,Generic,10mg/ml,Oral solution,240,316,609.88,1.93,0.01,"Aurobindo Unit III, India",FALSE,See DN-2017 (ID#:82918),null,1.31
"82,582",110-ZM-T30,FPQ-11553,SO-44474,DN-3166,Zambia,PMO - US,From RDC,N/A - From RDC,Truck,1/28/2013,N/A - From RDC,25-Jun-13,07-Jun-13,07-Jun-13,ARV,Adult,SCMS from RDC,"Nevirapine 200mg, tablets, 60 Tabs",Nevirapine,Generic,200mg,Tablet,60,"3,480",7864.80,2.26,0.04,"Cipla, Goa, India",TRUE,424,"$11,941.65 ",9.73
"82,583",109-TZ-T30,FPQ-11393,SO-44384,DN-3196,Tanzania,PMO - US,From RDC,N/A - From RDC,Truck,12/30/2012,N/A - From RDC,31-May-13,18-Jun-13,18-Jun-13,ARV,Adult,SCMS from RDC,"Efavirenz/Emtricitabine/Tenofovir Disoproxil Fumarate 600/200/300mg, tablets, 30 Tabs",Efavirenz/Emtricitabine/Tenofovir Disoproxil Fumarate,Generic,600/200/300mg,Tablet - FDC,30,"31,000",401760.00,12.96,0.43,"Cipla, Goa, India",TRUE,3674,"$22,904.03 ",496.98
"82,584",151-NG-T30,FPQ-11022,SO-44260,DN-3198,Nigeria,PMO - US,From RDC,N/A - From RDC,Air Charter,11/15/2012,N/A - From RDC,28-May-13,28-May-13,28-May-13,ARV,Adult,SCMS from RDC,"Efavirenz/Lamivudine/Tenofovir Disoproxil Fumarate 600/300/300mg, tablets, 30 Tabs",Efavirenz/Lamivudine/Tenofovir Disoproxil Fumarate,Generic,600/300/300mg,Tablet - FDC,30,"180,000",1893600.00,10.52,0.35,Hetero Unit III Hyderabad IN,TRUE,26361,"$20,761 ","2,342.38"
"82,585",151-NG-T30,FPQ-11022,SO-45205,DN-3205,Nigeria,PMO - US,From RDC,N/A - From RDC,Air Charter,11/15/2012,N/A - From RDC,04-Jun-13,29-May-13,29-May-13,ARV,Adult,SCMS from RDC,"Efavirenz 600mg, tablets, 30 Tabs",Efavirenz,Generic,600mg,Tablet,30,"13,481",44891.73,3.33,0.11,"Aurobindo Unit III, India",TRUE,1296,"$20,761 ",55.53
"82,588",901-CM-T30,FPQ-12520,SO-45830,DN-3228,Cameroon,PMO - US,From RDC,N/A - From RDC,Air Charter,6/21/2013,N/A - From RDC,22-Jul-13,14-Jul-13,14-Jul-13,ARV,Adult,SCMS from RDC,"Nevirapine 200mg, tablets, 60 Tabs",Nevirapine,Generic,200mg,Tablet,60,"19,683",44483.58,2.26,0.04,"Strides, Bangalore, India.",TRUE,1733,"$20,893.21 ",55.03
"82,589",901-CM-T30,FPQ-12520,SO-45820,DN-3227,Cameroon,PMO - US,From RDC,N/A - From RDC,Air Charter,6/21/2013,N/A - From RDC,22-Jul-13,31-Jul-13,31-Jul-13,ARV,Adult,SCMS from RDC,"Lamivudine/Zidovudine 150/300mg, tablets, 60 Tabs",Lamivudine/Zidovudine,Generic,150/300mg,Tablet - FDC,60,"6,246",43722.00,7,0.12,"Aurobindo Unit III, India",TRUE,18808,"$123,945 ",54.08
"82,590",102-BI-T30,FPQ-12065,SO-45160,DN-3235,Burundi,PMO - US,From RDC,N/A - From RDC,Air,4/22/2013,N/A - From RDC,06-Aug-13,23-Aug-13,23-Aug-13,ARV,Adult,SCMS from RDC,"Efavirenz 600mg, tablets, 30 Tabs",Efavirenz,Generic,600mg,Tablet,30,"4,032",13426.56,3.33,0.11,"Aurobindo Unit III, India",TRUE,336,"$4,385.44 ",16.61
"82,591",109-TZ-T30,FPQ-12278,SO-45720,DN-3236,Tanzania,PMO - US,From RDC,N/A - From RDC,Truck,5/16/2013,N/A - From RDC,29-Aug-13,10-Sep-13,10-Sep-13,ARV,Adult,SCMS from RDC,"Lamivudine/Nevirapine/Zidovudine 150/200/300mg, tablets, 60 Tabs",Lamivudine/Nevirapine/Zidovudine,Generic,150/300/200mg,Tablet - FDC,60,"58,920",505533.60,8.58,0.14,"Strides, Bangalore, India.",TRUE,6560,"$8,057.20 ",625.35
"86,338",105-GY-T30,FPQ-6307,SO-37400,DN-2017,Guyana,PMO - US,From RDC,N/A - From RDC,Air,8/30/2010,N/A - From RDC,23-Nov-10,19-Sep-10,19-Sep-10,ARV,Pediatric,SCMS from RDC,"Zidovudine 100mg, capsules, 100 Caps",Zidovudine,Generic,100mg,Capsule,100,457,2211.88,4.84,0.05,"Aurobindo Unit III, India",FALSE,See DN-2017 (ID#:82918),null,4.77
"82,594",114-UG-T30,FPQ-12253,SO-45510,DN-3264,Uganda,PMO - US,From RDC,N/A - From RDC,Air,05-08-13,N/A - From RDC,30-Aug-13,10-Aug-13,10-Aug-13,ARV,Pediatric,SCMS from RDC,"Lamivudine/Stavudine 30/6mg, dispersible tablets, 60 Tabs",Lamivudine/Stavudine,Generic,30/6mg,Chewable/dispersible tablet - FDC,60,372,706.80,1.9,0.03,"Cipla, Goa, India",TRUE,33,$951.75 ,0.87
"82,595",101-CD-T30,FPQ-12033,SO-45020,DN-3268,"Congo, DRC",PMO - US,From RDC,N/A - From RDC,Air,04-08-13,N/A - From RDC,27-Aug-13,08-Feb-14,11-Mar-14,ARV,Adult,SCMS from RDC,"Lamivudine/Zidovudine 150/300mg, tablets, 60 Tabs",Lamivudine/Zidovudine,Generic,150/300mg,Tablet - FDC,60,"10,590",74130.00,7,0.12,Hetero Unit III Hyderabad IN,TRUE,5426,"$20,499.33 ",91.7
"86,339",105-GY-T30,FPQ-6307,SO-37400,DN-2017,Guyana,PMO - US,From RDC,N/A - From RDC,Air,8/30/2010,N/A - From RDC,23-Nov-10,19-Sep-10,19-Sep-10,ARV,Pediatric,SCMS from RDC,"Zidovudine 10mg/ml, oral solution, Bottle, 240 ml",Zidovudine,Generic,10mg/ml,Oral solution,240,567,1145.34,2.02,0.01,"Aurobindo Unit III, India",FALSE,See DN-2017 (ID#:82918),null,2.47
"82,597",109-TZ-T30,FPQ-11393,SO-44385,DN-3278,Tanzania,PMO - US,From RDC,N/A - From RDC,Truck,12/30/2012,N/A - From RDC,30-Jul-13,15-Aug-13,15-Aug-13,ARV,Pediatric,SCMS from RDC,"Efavirenz 200mg, scored tablets, 90 Tabs",Efavirenz,Generic,200mg,Tablet,90,"6,823",49807.90,7.3,0.08,"Strides, Bangalore, India.",TRUE,428,"$2,376 ",61.61
"82,599",111-MZ-T30,FPQ-11033,SO-43780,DN-3281,Mozambique,PMO - US,From RDC,N/A - From RDC,Truck,11-12-12,N/A - From RDC,27-Sep-13,27-Sep-13,27-Sep-13,ARV,Adult,SCMS from RDC,"Efavirenz 600mg, tablets, 30 Tabs",Efavirenz,Generic,600mg,Tablet,30,"40,250",134032.50,3.33,0.11,"Hetero, Jadcherla, unit 5, IN",TRUE,4223,"$4,044.33 ",165.8
"82,600",113-ZW-T30,FPQ-12429,SO-45850,DN-3291,Zimbabwe,PMO - US,From RDC,N/A - From RDC,Truck,6/25/2013,N/A - From RDC,18-Sep-13,20-Sep-13,20-Sep-13,ARV,Adult,SCMS from RDC,"Lopinavir/Ritonavir 200/50mg, tablets, 120 Tabs",Lopinavir/Ritonavir,Generic,200/50mg,Tablet,120,"8,599",187286.22,21.78,0.18,Mylan (formerly Matrix) Nashik,TRUE,2293,"$4,529.67 ",231.67
"82,601",109-TZ-T30,FPQ-12015,SO-44993,DN-3300,Tanzania,PMO - US,From RDC,N/A - From RDC,Truck,04-02-13,N/A - From RDC,25-Oct-13,01-Oct-13,09-Oct-13,ARV,Adult,SCMS from RDC,"Efavirenz/Emtricitabine/Tenofovir Disoproxil Fumarate 600/200/300mg, tablets, 30 Tabs",Efavirenz/Emtricitabine/Tenofovir Disoproxil Fumarate,Generic,600/200/300mg,Tablet - FDC,30,"12,567",154574.10,12.3,0.41,"Aurobindo Unit VII, IN",TRUE,1482,"$5,474 ",191.21
"82,602",104-CI-T30,FPQ-11253,SO-44201,DN-3329,Côte d'Ivoire,PMO - US,From RDC,N/A - From RDC,Truck,12/14/2012,N/A - From RDC,30-Sep-13,20-Sep-13,20-Sep-13,ARV,Adult,SCMS from RDC,"Lamivudine/Zidovudine 150/300mg, tablets, 60 Tabs",Lamivudine/Zidovudine,Generic,150/300mg,Tablet - FDC,60,"21,158",153818.66,7.27,0.12,Mylan (formerly Matrix) Nashik,TRUE,3653,"$15,614.89 ",190.27
"82,603",105-GY-T30,FPQ-12047,SO-45050,DN-3331,Guyana,PMO - US,From RDC,N/A - From RDC,Air,4/15/2013,N/A - From RDC,30-Sep-13,04-Oct-13,22-Oct-13,ARV,Pediatric,SCMS from RDC,"Efavirenz 200mg, scored tablets, 90 Tabs",Efavirenz,Generic,200mg,Tablet,90,71,660.30,9.3,0.1,"Strides, Bangalore, India.",TRUE,395,"$1,303 ",0.82
"82,604",102-BI-T30,FPQ-12602,SO-46010,DN-3335,Burundi,PMO - US,From RDC,N/A - From RDC,Air,07-09-13,N/A - From RDC,03-Nov-13,05-Nov-13,12-Nov-13,ARV,Adult,SCMS from RDC,"Lamivudine/Zidovudine 150/300mg, tablets, 60 Tabs",Lamivudine/Zidovudine,Generic,150/300mg,Tablet - FDC,60,"6,141",42987.00,7,0.12,"Cipla, Goa, India",TRUE,741,"$3,810.39 ",53.17
"85,151",110-ZM-T30,FPQ-5702,SO-36841,DN-2018,Zambia,PMO - US,From RDC,N/A - From RDC,Truck,5/20/2010,N/A - From RDC,04-Nov-10,12-Oct-10,12-Oct-10,ARV,Adult,SCMS from RDC,"Lamivudine/Nevirapine/Stavudine 150/200/30mg, tablets, 60 Tabs",Lamivudine/Nevirapine/Stavudine,Generic,150/200/30mg,Tablet - FDC,60,"59,746",342344.58,5.73,0.1,"Strides, Bangalore, India.",FALSE,See DN-2018 (ID#:82352),null,738.09
"82,606",113-ZW-T30,FPQ-10895,SO-43560,DN-3342,Zimbabwe,PMO - US,From RDC,N/A - From RDC,Truck,10/25/2012,N/A - From RDC,30-Sep-13,09-Oct-13,18-Oct-13,ARV,Adult,SCMS from RDC,"Efavirenz/Lamivudine/Tenofovir Disoproxil Fumarate 600/300/300mg, tablets, 30 Tabs",Efavirenz/Lamivudine/Tenofovir Disoproxil Fumarate,Generic,600/300/300mg,Tablet - FDC,30,"20,160",224784.00,11.15,0.37,Mylan (formerly Matrix) Nashik,TRUE,22074,"$21,108.57 ",278.06
"82,611",109-TZ-T30,FPQ-12015,SO-44980,DN-3347,Tanzania,PMO - US,From RDC,N/A - From RDC,Truck,04-02-13,N/A - From RDC,31-Oct-13,04-Nov-13,06-Nov-13,ARV,Pediatric,SCMS from RDC,"Lamivudine/Nevirapine/Stavudine 30/50/6mg, dispersible tablets, 60 Tabs",Lamivudine/Nevirapine/Stavudine,Generic,30/50/6mg,Chewable/dispersible tablet - FDC,60,"6,097",14023.10,2.3,0.04,"Cipla, Goa, India",TRUE,12213,"$7,607.20 ",17.35
"82,612",151-NG-T30,FPQ-11864,SO-44932,DN-3366,Nigeria,PMO - US,From RDC,N/A - From RDC,Air Charter,3/14/2013,N/A - From RDC,31-Oct-13,14-Oct-13,24-Oct-13,ARV,Adult,SCMS from RDC,"Lamivudine/Nevirapine/Zidovudine 150/200/300mg, tablets, 60 Tabs",Lamivudine/Nevirapine/Zidovudine,Generic,150/300/200mg,Tablet - FDC,60,"75,000",643500.00,8.58,0.14,"Cipla, Goa, India",TRUE,22700,"$20,225.07 ",796.01
"82,613",101-CD-T30,FPQ-12033,SO-45021,DN-3373,"Congo, DRC",PMO - US,From RDC,N/A - From RDC,Air,04-08-13,N/A - From RDC,31-Oct-13,27-Jan-14,04-Mar-14,ARV,Adult,SCMS from RDC,"Zidovudine 300mg, tablets, 60 Tabs",Zidovudine,Generic,300mg,Tablet,60,"10,916",71390.64,6.54,0.11,"Aurobindo Unit III, India",TRUE,652,"$8,242.72 ",88.31
"82,617",107-RW-T30,FPQ-12190,SO-45390,DN-3421,Rwanda,PMO - US,From RDC,N/A - From RDC,Truck,05-06-13,N/A - From RDC,31-Jan-14,23-Dec-13,17-Jan-14,ARV,Adult,SCMS from RDC,"Nevirapine 200mg, tablets, 60 Tabs",Nevirapine,Generic,200mg,Tablet,60,"79,999",180797.74,2.26,0.04,Hetero Unit III Hyderabad IN,TRUE,9404,"$14,088.22 ",223.65
"82,618",105-GY-T30,FPQ-12619,SO-46090,DN-3425,Guyana,PMO - US,From RDC,N/A - From RDC,Air,7/16/2013,N/A - From RDC,31-Dec-13,02-Dec-13,20-Dec-13,ARV,Adult,SCMS from RDC,"Zidovudine 300mg, tablets, 60 Tabs",Zidovudine,Generic,300mg,Tablet,60,"1,016",5669.28,5.58,0.09,"Aurobindo Unit III, India",TRUE,615,"$8,420.68 ",7.01
"86,340",110-ZM-T30,FPQ-5702,SO-36841,DN-2018,Zambia,PMO - US,From RDC,N/A - From RDC,Truck,5/20/2010,N/A - From RDC,04-Nov-10,12-Oct-10,12-Oct-10,ARV,Adult,SCMS from RDC,"Efavirenz 600mg, tablets, 30 Tabs",Efavirenz,Generic,600mg,Tablet,30,"8,200",36490.00,4.45,0.15,"Aurobindo Unit III, India",FALSE,See DN-2018 (ID#:82352),null,78.67
"82,620",101-CD-T30,FPQ-12033,SO-45022,DN-3426,"Congo, DRC",PMO - US,From RDC,N/A - From RDC,Air,04-08-13,N/A - From RDC,15-Nov-13,26-Jan-14,04-Mar-14,ARV,Pediatric,SCMS from RDC,"Nevirapine 10mg/ml, oral suspension w/syringe, Bottle, 240 ml",Nevirapine,Generic,10mg/ml,Oral suspension,240,"6,032",11762.40,1.95,0.01,"Aurobindo Unit III, India",TRUE,2572,"$16,754.32 ",14.55
"82,621",111-MZ-T30,FPQ-11884,SO-44867,DN-3427,Mozambique,PMO - US,From RDC,N/A - From RDC,Truck,3/19/2013,N/A - From RDC,15-Jan-14,15-Jan-14,31-Jan-14,ARV,Adult,SCMS from RDC,"Efavirenz/Lamivudine/Tenofovir Disoproxil Fumarate 600/300/300mg, tablets, 30 Tabs",Efavirenz/Lamivudine/Tenofovir Disoproxil Fumarate,Generic,600/300/300mg,Tablet - FDC,30,"44,840",499966.00,11.15,0.37,Mylan (formerly Matrix) Nashik,TRUE,5065,"$5,419.21 ",618.46
"82,622",104-CI-T30,FPQ-11253,SO-44212,DN-3430,Côte d'Ivoire,PMO - US,From RDC,N/A - From RDC,Truck,12/14/2012,N/A - From RDC,29-Nov-13,10-Dec-13,08-Jan-14,ARV,Adult,SCMS from RDC,"Lopinavir/Ritonavir 200/50mg, tablets, 120 Tabs",Lopinavir/Ritonavir,Generic,200/50mg,Tablet,120,"1,784",37464.00,21,0.18,Mylan (formerly Matrix) Nashik,TRUE,475,"$3,332.73 ",46.34
"82,623",104-CI-T30,FPQ-12712,SO-46321,DN-3433,Côte d'Ivoire,PMO - US,From RDC,N/A - From RDC,Truck,7/30/2013,N/A - From RDC,10-Dec-13,10-Dec-13,08-Jan-14,ARV,Pediatric,SCMS from RDC,"Lamivudine 10mg/ml, oral solution w/syringe, Bottle, 240 ml",Lamivudine,Generic,10mg/ml,Oral solution,240,"11,000",15950.00,1.45,0.01,"Aurobindo Unit III, India",TRUE,3930,"$9,378.14 ",19.73
"82,625",151-NG-T30,FPQ-12248,SO-47224,DN-3444,Nigeria,PMO - US,From RDC,N/A - From RDC,Air Charter,05-06-13,N/A - From RDC,31-Dec-13,26-Nov-13,05-Dec-13,ARV,Pediatric,SCMS from RDC,"Lamivudine/Nevirapine/Zidovudine 30/50/60mg, dispersible tablets, 60 Tabs",Lamivudine/Nevirapine/Zidovudine,Generic,30/50/60mg,Chewable/dispersible tablet - FDC,60,"70,000",272300.00,3.89,0.06,Mylan (formerly Matrix) Nashik,TRUE,3922,"$26,340 ",336.84
"82,626",103-ZW-T30,FPQ-12086,SO-45130,DN-3457,Zimbabwe,PMO - US,From RDC,N/A - From RDC,Truck,4/19/2013,N/A - From RDC,31-Jan-14,13-Jan-14,23-Jan-14,ARV,Pediatric,SCMS from RDC,"Lamivudine/Nevirapine/Zidovudine 30/50/60mg, dispersible tablets, 60 Tabs",Lamivudine/Nevirapine/Zidovudine,Generic,30/50/60mg,Chewable/dispersible tablet - FDC,60,"92,045",358055.05,3.89,0.06,"Strides, Bangalore, India.",TRUE,5103,"$11,604.57 ",442.91
"82,627",109-TZ-T30,FPQ-12587,SO-45998,DN-3505,Tanzania,PMO - US,From RDC,N/A - From RDC,Truck,07-04-13,N/A - From RDC,31-Jan-14,19-Feb-14,24-Feb-14,ARV,Adult,SCMS from RDC,"Lopinavir/Ritonavir 200/50mg [Aluvia], tablets, 120 Tabs",Lopinavir/Ritonavir,Aluvia,200/50mg,Tablet,120,909,17743.68,19.52,0.16,ABBVIE Ludwigshafen Germany,TRUE,8820,"$3,541.59 ",21.95
"84,045",113-ZW-T30,FPQ-4694,SO-35380,DN-2019,Zimbabwe,PMO - US,From RDC,N/A - From RDC,Truck,12-08-09,N/A - From RDC,30-Sep-10,04-Oct-10,04-Oct-10,ARV,Adult,SCMS from RDC,"Lamivudine/Nevirapine/Stavudine 150/200/30mg, tablets, 60 Tabs",Lamivudine/Nevirapine/Stavudine,Generic,150/200/30mg,Tablet - FDC,60,"112,100",642333.00,5.73,0.1,"Cipla, Goa, India",FALSE,See DN-2019 (ID#:82919),null,"1,384.87"
"82,631",107-RW-T30,FPQ-12766,SO-46491,DN-3481,Rwanda,PMO - US,From RDC,N/A - From RDC,Truck,08-02-13,N/A - From RDC,31-Jan-14,10-Jan-14,31-Jan-14,ARV,Adult,SCMS from RDC,"Lamivudine/Zidovudine 150/300mg, tablets, 60 Tabs",Lamivudine/Zidovudine,Generic,150/300mg,Tablet - FDC,60,"16,000",112000.00,7,0.12,"Cipla, Goa, India",TRUE,1412,"$20,049.08 ",138.54
"82,633",111-MZ-T30,FPQ-12416,SO-45896,DN-3483,Mozambique,PMO - US,From RDC,N/A - From RDC,Truck,6/28/2013,N/A - From RDC,31-Jan-14,10-Feb-14,17-Mar-14,ARV,Adult,SCMS from RDC,"Lamivudine/Nevirapine/Zidovudine 150/200/300mg, tablets, 60 Tabs",Lamivudine/Nevirapine/Zidovudine,Generic,150/300/200mg,Tablet - FDC,60,"39,600",327096.00,8.26,0.14,Mylan (formerly Matrix) Nashik,TRUE,17181,"$15,814.01 ",404.62
"82,634",111-MZ-T30,FPQ-11884,SO-44860,DN-3484,Mozambique,PMO - US,From RDC,N/A - From RDC,Truck,3/19/2013,N/A - From RDC,31-Jan-14,20-Feb-14,19-Mar-14,ARV,Adult,SCMS from RDC,"Efavirenz/Lamivudine/Tenofovir Disoproxil Fumarate 600/300/300mg, tablets, 30 Tabs",Efavirenz/Lamivudine/Tenofovir Disoproxil Fumarate,Generic,600/300/300mg,Tablet - FDC,30,"80,071",892791.65,11.15,0.37,"Aurobindo Unit VII, IN",TRUE,18838,"$7,928.11 ","1,104.38"
"82,635",113-ZW-T30,FPQ-11545,SO-44362,DN-3487,Zimbabwe,PMO - US,From RDC,N/A - From RDC,Truck,1/24/2013,N/A - From RDC,31-Jan-14,10-Feb-14,19-Mar-14,ARV,Adult,SCMS from RDC,"Lamivudine/Tenofovir Disoproxil Fumarate 300/300mg, tablets, 30 Tabs",Lamivudine/Tenofovir Disoproxil Fumarate,Generic,300/300mg,Tablet - FDC,30,"8,609",41409.29,4.81,0.16,"Cipla, Kurkumbh, India",TRUE,873,"$15,000 ",51.22
"82,636",103-ZW-T30,FPQ-12086,SO-45120,DN-3488,Zimbabwe,PMO - US,From RDC,N/A - From RDC,Truck,4/19/2013,N/A - From RDC,31-Jan-14,10-Feb-14,19-Mar-14,ARV,Pediatric,SCMS from RDC,"Lamivudine/Nevirapine/Zidovudine 30/50/60mg, dispersible tablets, 60 Tabs",Lamivudine/Nevirapine/Zidovudine,Generic,30/50/60mg,Chewable/dispersible tablet - FDC,60,"115,211",432041.25,3.75,0.06,Mylan (formerly Matrix) Nashik,TRUE,6428,"$15,847.19 ",534.44
"82,637",110-ZM-T30,FPQ-13456,SO-47470,DN-3491,Zambia,PMO - US,From RDC,N/A - From RDC,Truck,12/17/2013,N/A - From RDC,13-Feb-14,24-Jan-14,17-Mar-14,ARV,Adult,SCMS from RDC,"Zidovudine 300mg, tablets, 60 Tabs",Zidovudine,Generic,300mg,Tablet,60,"6,350",35433.00,5.58,0.09,"Aurobindo Unit III, India",TRUE,320,"$1,300 ",36.43
"82,639",102-ZW-T30,FPQ-12085,SO-45110,DN-3496,Zimbabwe,PMO - US,From RDC,N/A - From RDC,Truck,4/19/2013,N/A - From RDC,31-Jan-14,10-Feb-14,19-Mar-14,ARV,Adult,SCMS from RDC,"Efavirenz/Lamivudine/Tenofovir Disoproxil Fumarate 600/300/300mg, tablets, 30 Tabs",Efavirenz/Lamivudine/Tenofovir Disoproxil Fumarate,Generic,600/300/300mg,Tablet - FDC,30,"90,000",946800.00,10.52,0.35,"Aurobindo Unit VII, IN",TRUE,24375,"$15,847.18 ","1,171.19"
"82,640",107-RW-T30,FPQ-12766,SO-46483,DN-3497,Rwanda,PMO - US,From RDC,N/A - From RDC,Truck,08-02-13,N/A - From RDC,31-Jan-14,03-Feb-14,24-Feb-14,ARV,Adult,SCMS from RDC,"Lamivudine/Tenofovir Disoproxil Fumarate 300/300mg, tablets, 30 Tabs",Lamivudine/Tenofovir Disoproxil Fumarate,Generic,300/300mg,Tablet - FDC,30,"29,993",140967.10,4.7,0.16,"Aurobindo Unit VII, IN",TRUE,4883,"$7,708.30 ",174.38
"85,152",113-ZW-T30,FPQ-4694,SO-35380,DN-2019,Zimbabwe,PMO - US,From RDC,N/A - From RDC,Truck,12-08-09,N/A - From RDC,30-Sep-10,04-Oct-10,04-Oct-10,ARV,Adult,SCMS from RDC,"Lamivudine/Nevirapine/Stavudine 150/200/30mg, tablets, 60 Tabs",Lamivudine/Nevirapine/Stavudine,Generic,150/200/30mg,Tablet - FDC,60,"50,000",286500.00,5.73,0.1,"Cipla, Goa, India",FALSE,See DN-2019 (ID#:82919),null,617.69
"82,645",104-CI-T30,FPQ-11254,SO-44140,DN-3509,Côte d'Ivoire,PMO - US,From RDC,N/A - From RDC,Truck,12/14/2012,N/A - From RDC,31-Jan-14,12-Feb-14,04-Mar-14,ARV,Pediatric,SCMS from RDC,"Abacavir/Lamivudine 60/30mg, tablets, 60 Tabs",Abacavir/Lamivudine,Generic,60/30mg,Tablet - FDC,60,"2,200",8800.00,4,0.07,"Aurobindo Unit III, India",TRUE,105,"$2,151.95 ",10.89
"85,709",113-ZW-T30,FPQ-4694,SO-35380,DN-2019,Zimbabwe,PMO - US,From RDC,N/A - From RDC,Truck,12-08-09,N/A - From RDC,30-Sep-10,04-Oct-10,04-Oct-10,ARV,Adult,SCMS from RDC,"Efavirenz 600mg, tablets, 30 Tabs",Efavirenz,Generic,600mg,Tablet,30,"5,900",25606.00,4.34,0.14,"Aurobindo Unit III, India",FALSE,See DN-2019 (ID#:82919),null,55.21
"82,648",111-MZ-T30,FPQ-12573,SO-46172,DN-3525,Mozambique,PMO - US,From RDC,N/A - From RDC,Truck,6/28/2013,N/A - From RDC,31-Jan-14,20-Feb-14,19-Mar-14,ARV,Adult,SCMS from RDC,"Lamivudine/Nevirapine/Stavudine 150/200/30mg, tablets, 60 Tabs",Lamivudine/Nevirapine/Stavudine,Generic,150/200/30mg,Tablet - FDC,60,"35,533",153502.56,4.32,0.07,"Strides, Bangalore, India.",TRUE,7654,"$7,928.11 ",189.88
"82,649",111-MZ-T30,FPQ-12421,SO-45901,DN-3526,Mozambique,PMO - US,From RDC,N/A - From RDC,Truck,6/28/2013,N/A - From RDC,10-Mar-14,20-Feb-14,19-Mar-14,ARV,Adult,SCMS from RDC,"Efavirenz/Lamivudine/Tenofovir Disoproxil Fumarate 600/300/300mg, tablets, 30 Tabs",Efavirenz/Lamivudine/Tenofovir Disoproxil Fumarate,Generic,600/300/300mg,Tablet - FDC,30,"66,946",727703.02,10.87,0.36,Hetero Unit III Hyderabad IN,TRUE,36903,"$7,928.11 ",900.17
"82,650",109-TZ-T30,FPQ-12354,SO-45742,DN-3532,Tanzania,PMO - US,From RDC,N/A - From RDC,Truck,5/16/2013,N/A - From RDC,31-Jan-14,19-Feb-14,24-Feb-14,ARV,Adult,SCMS from RDC,"Efavirenz/Lamivudine/Tenofovir Disoproxil Fumarate 600/300/300mg, tablets, 30 Tabs",Efavirenz/Lamivudine/Tenofovir Disoproxil Fumarate,Generic,600/300/300mg,Tablet - FDC,30,"46,066",500737.42,10.87,0.36,Mylan (formerly Matrix) Nashik,TRUE,5175,"$3,541.59 ",619.41
"82,651",104-CI-T30,FPQ-12800,SO-46422,DN-3546,Côte d'Ivoire,PMO - US,From RDC,N/A - From RDC,Air,08-09-13,N/A - From RDC,28-Feb-14,18-Feb-14,04-Mar-14,ARV,Adult,SCMS from RDC,"Lamivudine 150mg, tablets, 60 Tabs",Lamivudine,Generic,150mg,Tablet,60,"1,700",3791.00,2.23,0.04,"Aurobindo Unit III, India",TRUE,2699,"$4,063.81 ",4.69
"82,653",111-MZ-T30,FPQ-12416,SO-45890,DN-3553,Mozambique,PMO - US,From RDC,N/A - From RDC,Truck,6/28/2013,N/A - From RDC,03-Jun-14,03-Jun-14,11-Jun-14,ARV,Adult,SCMS from RDC,"Abacavir 300mg, tablets, 60 Tabs",Abacavir,Generic,300mg,Tablet,60,"10,000",113600.00,11.36,0.19,Mylan (formerly Matrix) Nashik,TRUE,3118,"$4,768.06 ",140.52
"82,654",101-CD-T30,FPQ-13554,SO-47630,DN-3561,"Congo, DRC",PMO - US,From RDC,N/A - From RDC,Air,1/15/2014,N/A - From RDC,30-May-14,19-May-14,26-Jun-14,ARV,Adult,SCMS from RDC,"Abacavir 300mg, tablets, 60 Tabs",Abacavir,Generic,300mg,Tablet,60,489,5555.04,11.36,0.19,"Aurobindo Unit III, India",TRUE,2045,"$16,083.32 ",5.71
"82,655",104-CI-T30,FPQ-12800,SO-46400,DN-3568,Côte d'Ivoire,PMO - US,From RDC,N/A - From RDC,Truck,08-09-13,N/A - From RDC,28-Mar-14,11-Apr-14,28-Apr-14,ARV,Adult,SCMS from RDC,"Lamivudine/Nevirapine/Zidovudine 150/200/300mg, tablets, 60 Tabs",Lamivudine/Nevirapine/Zidovudine,Generic,150/300/200mg,Tablet - FDC,60,"40,035",330689.10,8.26,0.14,Mylan (formerly Matrix) Nashik,TRUE,16851,"$23,776.41 ",409.06
"82,656",109-TZ-T30,FPQ-12587,SO-46002,DN-3582,Tanzania,PMO - US,From RDC,N/A - From RDC,Truck,07-04-13,N/A - From RDC,30-Apr-14,02-May-14,07-May-14,ARV,Adult,SCMS from RDC,"Emtricitabine/Tenofovir Disoproxil Fumarate 200/300mg, tablets, 30 Tabs",Emtricitabine/Tenofovir Disoproxil Fumarate,Generic,200/300mg,Tablet - FDC,30,"20,921",122806.27,5.87,0.2,"Aurobindo Unit III, India",TRUE,6692,"$6,010.20 ",151.91
"82,657",114-UG-T30,FPQ-13108,SO-46870,DN-3589,Uganda,PMO - US,From RDC,N/A - From RDC,Truck,10/16/2013,N/A - From RDC,20-Apr-14,18-Apr-14,28-Apr-14,ARV,Adult,SCMS from RDC,"Lamivudine/Zidovudine 150/300mg, tablets, 60 Tabs",Lamivudine/Zidovudine,Generic,150/300mg,Tablet - FDC,60,"7,693",51773.89,6.73,0.11,"Cipla, Goa, India",TRUE,6909,"$4,947.38 ",53.22
"82,661",101-CD-T30,FPQ-13554,SO-47640,DN-3603,"Congo, DRC",PMO - US,From RDC,N/A - From RDC,Air,1/15/2014,N/A - From RDC,26-Mar-14,13-May-14,16-May-14,ARV,Adult,SCMS from RDC,"Nevirapine 200mg, tablets, 60 Tabs",Nevirapine,Generic,200mg,Tablet,60,"2,167",4897.42,2.26,0.04,"Aurobindo Unit III, India",TRUE,211,"$3,531.86 ",5.03
"85,710",106-HT-T30,FPQ-5523,SO-36780,DN-2021,Haiti,PMO - US,From RDC,N/A - From RDC,Air,4/19/2010,N/A - From RDC,20-Oct-10,21-Oct-10,21-Oct-10,ARV,Adult,SCMS from RDC,"Stavudine 30mg, capsules, 60 Caps",Stavudine,Generic,30mg,Capsule,60,"14,448",20371.68,1.41,0.02,"Strides, Bangalore, India.",FALSE,See DN-2021 (ID#:82353),null,43.92
"82,663",111-MZ-T30,FPQ-13123,SO-47082,DN-3612,Mozambique,PMO - US,From RDC,N/A - From RDC,Truck,10/21/2013,N/A - From RDC,23-May-14,23-May-14,04-Jun-14,ARV,Pediatric,SCMS from RDC,"Nevirapine 10mg/ml, oral suspension w/syringe, Bottle, 240 ml",Nevirapine,Generic,10mg/ml,Oral suspension,240,"26,200",48732.00,1.86,0.01,"Aurobindo Unit III, India",TRUE,5343,"$12,803.35 ",50.1
"82,664",110-ZM-T30,FPQ-13221,SO-47190,DN-3616,Zambia,PMO - US,From RDC,N/A - From RDC,Truck,10/31/2013,N/A - From RDC,19-May-14,19-May-14,04-Jun-14,ARV,Adult,SCMS from RDC,"Lamivudine 150mg, tablets, 60 Tabs",Lamivudine,Generic,150mg,Tablet,60,"10,391",23171.93,2.23,0.04,"Micro labs, Verna, Goa, India",TRUE,633,$886.11 ,23.82
"82,665",104-CI-T30,FPQ-13142,SO-47131,DN-3632,Côte d'Ivoire,PMO - US,From RDC,N/A - From RDC,Truck,10/22/2013,N/A - From RDC,30-Apr-14,25-Apr-14,11-Jun-14,ARV,Adult,SCMS from RDC,"Lamivudine/Tenofovir Disoproxil Fumarate 300/300mg, tablets, 30 Tabs",Lamivudine/Tenofovir Disoproxil Fumarate,Generic,300/300mg,Tablet - FDC,30,"10,000",46400.00,4.64,0.15,Hetero Unit III Hyderabad IN,TRUE,8889,"$33,073.60 ",47.7
"82,666",104-CI-T30,FPQ-13142,SO-47151,DN-3633,Côte d'Ivoire,PMO - US,From RDC,N/A - From RDC,Truck,10/22/2013,N/A - From RDC,30-Apr-14,22-Apr-14,11-Jun-14,ARV,Adult,SCMS from RDC,"Abacavir 300mg, tablets, 60 Tabs",Abacavir,Generic,300mg,Tablet,60,"6,750",75802.50,11.23,0.19,"Aurobindo Unit III, India",TRUE,4919,"$17,647.73 ",77.92
"82,667",105-GY-T30,FPQ-13567,SO-47720,DN-3636,Guyana,PMO - US,From RDC,N/A - From RDC,Air,1/16/2014,N/A - From RDC,30-Apr-14,23-Apr-14,11-Jun-14,ARV,Adult,SCMS from RDC,"Abacavir 300mg, tablets, 60 Tabs",Abacavir,Generic,300mg,Tablet,60,49,550.27,11.23,0.19,"Aurobindo Unit III, India",TRUE,5,$660.43 ,0.57
"82,668",107-RW-T30,FPQ-12766,SO-46485,DN-3642,Rwanda,PMO - US,From RDC,N/A - From RDC,Truck,08-02-13,N/A - From RDC,05-May-14,06-Jun-14,20-Jun-14,ARV,Adult,SCMS from RDC,"Lamivudine/Tenofovir Disoproxil Fumarate 300/300mg, tablets, 30 Tabs",Lamivudine/Tenofovir Disoproxil Fumarate,Generic,300/300mg,Tablet - FDC,30,"2,381",11047.84,4.64,0.15,"Cipla, Kurkumbh, India",TRUE,3703,"$8,469.67 ",13.67
"82,669",111-MZ-T30,FPQ-13165,SO-47591,DN-3651,Mozambique,PMO - US,From RDC,N/A - From RDC,Truck,10/21/2013,N/A - From RDC,04-Jul-14,03-Jun-14,19-Jun-14,ARV,Adult,SCMS from RDC,"Lamivudine 150mg, tablets, 60 Tabs",Lamivudine,Generic,150mg,Tablet,60,440,765.60,1.74,0.03,"Micro labs, Verna, Goa, India",TRUE,27,$800 ,0.79
"82,670",110-ZM-T30,FPQ-13574,SO-47791,DN-3657,Zambia,PMO - US,From RDC,N/A - From RDC,Air,1/16/2014,N/A - From RDC,08-Apr-14,18-Apr-14,22-May-14,ARV,Pediatric,SCMS from RDC,"Nevirapine 10mg/ml, oral suspension w/syringe, Bottle, 240 ml",Nevirapine,Generic,10mg/ml,Oral suspension,240,"1,222",2175.16,1.78,0.01,"Aurobindo Unit III, India",TRUE,825,"$6,380.09 ",2.24
"82,671",109-TZ-T30,FPQ-12354,SO-45740,DN-3659,Tanzania,PMO - US,From RDC,N/A - From RDC,Truck,5/16/2013,N/A - From RDC,05-May-14,18-Jun-14,01-Jul-14,ARV,Adult,SCMS from RDC,"Efavirenz/Lamivudine/Tenofovir Disoproxil Fumarate 600/300/300mg, tablets, 30 Tabs",Efavirenz/Lamivudine/Tenofovir Disoproxil Fumarate,Generic,600/300/300mg,Tablet - FDC,30,"116,931",1260516.18,10.78,0.36,Mylan (formerly Matrix) Nashik,TRUE,13280,"$7,083.18 ","1,559.26"
"82,672",104-CI-T30,FPQ-12800,SO-46420,DN-3680,Côte d'Ivoire,PMO - US,From RDC,N/A - From RDC,Truck,08-09-13,N/A - From RDC,15-May-14,12-May-14,30-Jun-14,ARV,Pediatric,SCMS from RDC,"Lamivudine/Nevirapine/Zidovudine 30/50/60mg, dispersible tablets, 60 Tabs",Lamivudine/Nevirapine/Zidovudine,Generic,30/50/60mg,Chewable/dispersible tablet - FDC,60,"6,799",25496.25,3.75,0.06,"Strides, Bangalore, India.",TRUE,292,"$1,672.70 ",31.54
"82,674",113-ZW-T30,FPQ-12950,SO-46652,DN-3703,Zimbabwe,PMO - US,From RDC,N/A - From RDC,Truck,09-10-13,N/A - From RDC,30-May-14,02-Jun-14,06-Jun-14,ARV,Adult,SCMS from RDC,"Efavirenz/Lamivudine/Tenofovir Disoproxil Fumarate 600/300/300mg, tablets, 30 Tabs",Efavirenz/Lamivudine/Tenofovir Disoproxil Fumarate,Generic,600/300/300mg,Tablet - FDC,30,"87,667",945050.26,10.78,0.36,Hetero Unit III Hyderabad IN,TRUE,11717,"$74,740.80 ","1,169.03"
"82,675",109-TZ-T30,FPQ-12587,SO-45990,DN-3704,Tanzania,PMO - US,From RDC,N/A - From RDC,Truck,07-04-13,N/A - From RDC,30-Jun-14,21-Jun-14,01-Jul-14,ARV,Adult,SCMS from RDC,"Emtricitabine/Tenofovir Disoproxil Fumarate 200/300mg, tablets, 30 Tabs",Emtricitabine/Tenofovir Disoproxil Fumarate,Generic,200/300mg,Tablet - FDC,30,"10,267",58932.58,5.74,0.19,Mylan (formerly Matrix) Nashik,TRUE,816,"$3,623.20 ",72.9
"82,676",104-CI-T30,FPQ-10633,SO-43370,DN-3706,Côte d'Ivoire,PMO - US,From RDC,N/A - From RDC,Truck,09-11-12,N/A - From RDC,30-Jun-14,04-Jun-14,10-Jul-14,ARV,Adult,SCMS from RDC,"Efavirenz 600mg, tablets, 30 Tabs",Efavirenz,Generic,600mg,Tablet,30,"25,000",83250.00,3.33,0.11,"Hetero, Jadcherla, unit 5, IN",TRUE,3591,"$21,593.88 ",116.72
"82,677",104-CI-T30,FPQ-10633,SO-43363,DN-3707,Côte d'Ivoire,PMO - US,From RDC,N/A - From RDC,Truck,09-11-12,N/A - From RDC,29-Aug-14,04-Jun-14,10-Jul-14,ARV,Adult,SCMS from RDC,"Efavirenz 600mg, tablets, 30 Tabs",Efavirenz,Generic,600mg,Tablet,30,"30,196",96929.16,3.21,0.11,"Strides, Bangalore, India.",TRUE,3591,"$5,153.54 ",135.89
"82,678",104-CI-T30,FPQ-12144,SO-45640,DN-3711,Côte d'Ivoire,PMO - US,From RDC,N/A - From RDC,Truck,4/22/2013,N/A - From RDC,04-Jun-14,16-Jun-14,10-Jul-14,ARV,Pediatric,SCMS from RDC,"Efavirenz 200mg, scored tablets, 90 Tabs",Efavirenz,Generic,200mg,Tablet,90,"5,840",54312.00,9.3,0.1,"Strides, Bangalore, India.",TRUE,347,"$3,132.77 ",67.18
"82,680",114-UG-T30,FPQ-13108,SO-46875,DN-3732,Uganda,PMO - US,From RDC,N/A - From RDC,Truck,10/16/2013,N/A - From RDC,30-Jun-14,30-Jun-14,01-Jul-14,ARV,Adult,SCMS from RDC,"Lamivudine/Nevirapine/Zidovudine 150/200/300mg, tablets, 60 Tabs",Lamivudine/Nevirapine/Zidovudine,Generic,150/300/200mg,Tablet - FDC,60,"100,000",811000.00,8.11,0.14,"Aurobindo Unit III, India",TRUE,18737,"$9,857.35 ",833.71
"82,683",111-MZ-T30,FPQ-12573,SO-46173,DN-3742,Mozambique,PMO - US,From RDC,N/A - From RDC,Truck,6/28/2013,N/A - From RDC,15-Aug-14,15-Aug-14,22-Sep-14,ARV,Adult,SCMS from RDC,"Lamivudine/Nevirapine/Stavudine 150/200/30mg, tablets, 60 Tabs",Lamivudine/Nevirapine/Stavudine,Generic,150/200/30mg,Tablet - FDC,60,"5,572",24071.04,4.32,0.07,Hetero Unit III Hyderabad IN,TRUE,571,$578.25 ,29.78
"82,685",109-TZ-T30,FPQ-13042,SO-46701,DN-3762,Tanzania,PMO - US,From RDC,N/A - From RDC,Air,10-01-13,N/A - From RDC,31-Jul-14,25-Sep-14,06-Oct-14,ARV,Adult,SCMS from RDC,"Lopinavir/Ritonavir 200/50mg [Aluvia], tablets, 120 Tabs",Lopinavir/Ritonavir,Aluvia,200/50mg,Tablet,120,"32,294",610356.60,18.9,0.16,ABBVIE Ludwigshafen Germany,TRUE,20132,"$97,918.87 ",755.01
"82,687",110-ZM-T30,FPQ-13692,SO-47992,DN-3889,Zambia,PMO - US,From RDC,N/A - From RDC,Truck,02-06-14,N/A - From RDC,30-Sep-14,02-Oct-14,22-Oct-14,ARV,Pediatric,SCMS from RDC,"Abacavir/Lamivudine 60/30mg, tablets, 60 Tabs",Abacavir/Lamivudine,Generic,60/30mg,Tablet - FDC,60,"60,000",237000.00,3.95,0.07,Mylan (formerly Matrix) Nashik,TRUE,2484,"$3,613.05 ",243.64
"82,688",103-ZW-T30,FPQ-13990,SO-48471,DN-3890,Zimbabwe,PMO - US,From RDC,N/A - From RDC,Truck,04-01-14,N/A - From RDC,30-Aug-14,15-Sep-14,17-Oct-14,ARV,Pediatric,SCMS from RDC,"Abacavir/Lamivudine 60/30mg, tablets, 60 Tabs",Abacavir/Lamivudine,Generic,60/30mg,Tablet - FDC,60,"23,000",90850.00,3.95,0.07,Mylan (formerly Matrix) Nashik,TRUE,952,"$1,521.08 ",93.39
"82,691",110-ZM-T30,FPQ-13221,SO-47204,DN-3833,Zambia,PMO - US,From RDC,N/A - From RDC,Truck,10/31/2013,N/A - From RDC,29-Aug-14,04-Sep-14,06-Oct-14,ARV,Adult,SCMS from RDC,"Lamivudine/Tenofovir Disoproxil Fumarate 300/300mg, tablets, 30 Tabs",Lamivudine/Tenofovir Disoproxil Fumarate,Generic,300/300mg,Tablet - FDC,30,"21,529",101186.30,4.7,0.16,"Cipla, Kurkumbh, India",TRUE,9530,"$16,468.54 ",104.02
"82,693",101-CD-T30,FPQ-14252,SO-48852,DN-3885,"Congo, DRC",PMO - US,From RDC,N/A - From RDC,Air,05-07-14,N/A - From RDC,22-Sep-14,30-Sep-14,17-Nov-14,ARV,Adult,SCMS from RDC,"Lamivudine/Nevirapine/Zidovudine 150/200/300mg, tablets, 60 Tabs",Lamivudine/Nevirapine/Zidovudine,Generic,150/300/200mg,Tablet - FDC,60,"7,480",60662.80,8.11,0.14,Mylan (formerly Matrix) Nashik,TRUE,1278,"$12,197.44 ",62.36
"82,694",151-NG-T30,FPQ-13293,SO-47272,DN-3794,Nigeria,PMO - US,From RDC,N/A - From RDC,Air Charter,11/19/2013,N/A - From RDC,30-Jun-14,20-Jun-14,25-Jun-14,ARV,Adult,SCMS from RDC,"Lamivudine/Nevirapine/Zidovudine 150/200/300mg, tablets, 60 Tabs",Lamivudine/Nevirapine/Zidovudine,Generic,150/300/200mg,Tablet - FDC,60,"200,000",1622000.00,8.11,0.14,"Aurobindo Unit III, India",TRUE,51698,"$28,812.57 ","1,667.42"
"84,049",151-NG-T30,FPQ-5688,SO-37500,DN-2025,Nigeria,PMO - US,From RDC,N/A - From RDC,Air,5/27/2010,N/A - From RDC,22-Oct-10,10-Nov-10,10-Nov-10,ARV,Adult,SCMS from RDC,"Lamivudine/Nevirapine/Stavudine 150/200/30mg, tablets, 60 Tabs",Lamivudine/Nevirapine/Stavudine,Generic,150/200/30mg,Tablet - FDC,60,"2,000",11460.00,5.73,0.1,"Cipla, Goa, India",FALSE,See DN-2025 (ID#:83460),null,24.71
"82,696",151-NG-T30,FPQ-13293,SO-47273,DN-3801,Nigeria,PMO - US,From RDC,N/A - From RDC,Air Charter,11/19/2013,N/A - From RDC,31-Jul-14,20-Jun-14,25-Jun-14,ARV,Adult,SCMS from RDC,"Lamivudine/Nevirapine/Zidovudine 150/200/300mg, tablets, 60 Tabs",Lamivudine/Nevirapine/Zidovudine,Generic,150/300/200mg,Tablet - FDC,60,"97,000",786670.00,8.11,0.14,Mylan (formerly Matrix) Nashik,TRUE,12823,"$28,812.57 ",808.7
"82,697",100-ZM-T30,FPQ-13679,SO-48031,DN-3806,Zambia,PMO - US,From RDC,N/A - From RDC,Truck,02-02-14,N/A - From RDC,31-Jul-14,25-Jul-14,31-Jul-14,ARV,Adult,SCMS from RDC,"Efavirenz/Lamivudine/Tenofovir Disoproxil Fumarate 600/300/300mg, tablets, 30 Tabs",Efavirenz/Lamivudine/Tenofovir Disoproxil Fumarate,Generic,600/300/300mg,Tablet - FDC,30,"63,696",686642.88,10.78,0.36,Hetero Unit III Hyderabad IN,TRUE,8487,"$8,054.68 ",705.87
"82,698",151-NG-T30,FPQ-14156,SO-48901,DN-3807,Nigeria,PMO - US,From RDC,N/A - From RDC,Air Charter,4/25/2014,N/A - From RDC,31-Oct-14,20-Jun-14,25-Jun-14,ARV,Adult,SCMS from RDC,"Lamivudine/Tenofovir Disoproxil Fumarate 300/300mg, tablets, 30 Tabs",Lamivudine/Tenofovir Disoproxil Fumarate,Generic,300/300mg,Tablet - FDC,30,"5,000",23200.00,4.64,0.15,"Cipla, Kurkumbh, India",TRUE,1447,"$28,812.57 ",23.85
"82,699",109-TZ-T30,FPQ-12587,SO-46001,DN-3811,Tanzania,PMO - US,From RDC,N/A - From RDC,Truck,07-04-13,N/A - From RDC,18-Sep-14,25-Sep-14,07-Nov-14,ARV,Adult,SCMS from RDC,"Emtricitabine/Tenofovir Disoproxil Fumarate 200/300mg, tablets, 30 Tabs",Emtricitabine/Tenofovir Disoproxil Fumarate,Generic,200/300mg,Tablet - FDC,30,"22,002",126291.48,5.74,0.19,"Aurobindo Unit III, India",TRUE,2003,"$10,010.15 ",156.22
"82,700",100-ZM-T30,FPQ-13679,SO-48030,DN-3820,Zambia,PMO - US,From RDC,N/A - From RDC,Truck,02-02-14,N/A - From RDC,31-Jul-14,25-Jul-14,31-Jul-14,ARV,Adult,SCMS from RDC,"Efavirenz/Lamivudine/Tenofovir Disoproxil Fumarate 600/300/300mg, tablets, 30 Tabs",Efavirenz/Lamivudine/Tenofovir Disoproxil Fumarate,Generic,600/300/300mg,Tablet - FDC,30,"112,334",1210960.52,10.78,0.36,"Aurobindo Unit VII, IN",TRUE,14867,"$13,627.76 ","1,244.87"
"82,701",110-ZM-T30,FPQ-14105,SO-48651,DN-3821,Zambia,PMO - US,From RDC,N/A - From RDC,Truck,4/16/2014,N/A - From RDC,04-Sep-14,03-Sep-14,06-Oct-14,ARV,Adult,SCMS from RDC,"Lamivudine/Zidovudine 150/300mg, tablets, 60 Tabs",Lamivudine/Zidovudine,Generic,150/300mg,Tablet - FDC,60,"36,852",240275.04,6.52,0.11,"Cipla, Goa, India",TRUE,3324,"$4,266.62 ",247
"82,702",113-ZW-T30,FPQ-13508,SO-47540,DN-3825,Zimbabwe,PMO - US,From RDC,N/A - From RDC,Truck,12/24/2013,N/A - From RDC,30-Sep-14,29-Jun-14,04-Aug-14,ARV,Adult,SCMS from RDC,"Nevirapine 200mg, tablets, 60 Tabs",Nevirapine,Generic,200mg,Tablet,60,"100,000",218000.00,2.18,0.04,"Micro labs, Verna, Goa, India",TRUE,64918,"$43,218.07 ",224.1
"84,050",151-NG-T30,FPQ-5688,SO-37500,DN-2025,Nigeria,PMO - US,From RDC,N/A - From RDC,Air,5/27/2010,N/A - From RDC,22-Oct-10,10-Nov-10,10-Nov-10,ARV,Adult,SCMS from RDC,"Lamivudine/Zidovudine 150/300mg, tablets, 60 Tabs",Lamivudine/Zidovudine,Generic,150/300mg,Tablet - FDC,60,"72,023",615796.65,8.55,0.14,"Aurobindo Unit III, India",FALSE,See DN-2025 (ID#:83460),null,"1,327.66"
"85,157",151-NG-T30,FPQ-5688,SO-37500,DN-2025,Nigeria,PMO - US,From RDC,N/A - From RDC,Air,5/27/2010,N/A - From RDC,22-Oct-10,10-Nov-10,10-Nov-10,ARV,Pediatric,SCMS from RDC,"Efavirenz 200mg, capsule, 90 Caps",Efavirenz,Generic,200mg,Capsule,90,"2,150",20876.50,9.71,0.11,"Aurobindo Unit III, India",FALSE,See DN-2025 (ID#:83460),null,45.01
"82,705",111-MZ-T30,FPQ-13124,SO-47050,DN-3827,Mozambique,PMO - US,From RDC,N/A - From RDC,Truck,10/21/2013,N/A - From RDC,29-Aug-14,25-Aug-14,28-Aug-14,ARV,Adult,SCMS from RDC,"Lamivudine/Nevirapine/Zidovudine 150/200/300mg, tablets, 60 Tabs",Lamivudine/Nevirapine/Zidovudine,Generic,150/300/200mg,Tablet - FDC,60,"210,000",1703100.00,8.11,0.14,Hetero Unit III Hyderabad IN,TRUE,81836,"$47,171.27 ","1,750.79"
"82,706",103-SS-T30,FPQ-14409,SO-49120,DN-3842,South Sudan,PMO - US,From RDC,N/A - From RDC,Air,06-05-14,N/A - From RDC,01-Sep-14,01-Sep-14,02-Sep-14,ARV,Adult,SCMS from RDC,"Lamivudine/Zidovudine 150/300mg, tablets, 60 Tabs",Lamivudine/Zidovudine,Generic,150/300mg,Tablet - FDC,60,396,2581.92,6.52,0.11,Hetero Unit III Hyderabad IN,TRUE,410,"$4,708 ",2.65
"82,707",101-CD-T30,FPQ-14252,SO-48850,DN-3843,"Congo, DRC",PMO - US,From RDC,N/A - From RDC,Air,05-07-14,N/A - From RDC,13-Aug-14,24-Sep-14,06-Nov-14,ARV,Adult,SCMS from RDC,"Abacavir 300mg, tablets, 60 Tabs",Abacavir,Generic,300mg,Tablet,60,715,8029.45,11.23,0.19,"Aurobindo Unit III, India",TRUE,1630,"$18,387.80 ",8.25
"85,158",151-NG-T30,FPQ-5688,SO-37500,DN-2025,Nigeria,PMO - US,From RDC,N/A - From RDC,Air,5/27/2010,N/A - From RDC,22-Oct-10,10-Nov-10,10-Nov-10,ARV,Adult,SCMS from RDC,"Lamivudine/Tenofovir Disoproxil Fumarate 300/300mg, tablets, 30 Tabs",Lamivudine/Tenofovir Disoproxil Fumarate,Generic,300/300mg,Tablet - FDC,30,"21,400",206082.00,9.63,0.32,Mylan (formerly Matrix) Nashik,FALSE,See DN-2025 (ID#:83460),null,444.31
"85,711",151-NG-T30,FPQ-5688,SO-37500,DN-2025,Nigeria,PMO - US,From RDC,N/A - From RDC,Air,5/27/2010,N/A - From RDC,22-Oct-10,10-Nov-10,10-Nov-10,ARV,Adult,SCMS from RDC,"Efavirenz/Emtricitabine/Tenofovir Disoproxil Fumarate 600/200/300mg, tablets, 30 Tabs",Efavirenz/Emtricitabine/Tenofovir Disoproxil Fumarate,Generic,600/200/300mg,Tablet - FDC,30,"33,162",660587.04,19.92,0.66,Mylan (formerly Matrix) Nashik,FALSE,See DN-2025 (ID#:83460),null,"1,424.23"
"82,710",105-GY-T30,FPQ-14042,SO-48520,DN-3844,Guyana,PMO - US,From RDC,N/A - From RDC,Air,04-09-14,N/A - From RDC,30-Sep-14,30-Jul-14,05-Sep-14,ARV,Adult,SCMS from RDC,"Abacavir 300mg, tablets, 60 Tabs",Abacavir,Generic,300mg,Tablet,60,53,595.19,11.23,0.19,"Aurobindo Unit III, India",TRUE,516,"$7,663.16 ",0.61
"86,341",151-NG-T30,FPQ-5688,SO-37500,DN-2025,Nigeria,PMO - US,From RDC,N/A - From RDC,Air,5/27/2010,N/A - From RDC,22-Oct-10,10-Nov-10,10-Nov-10,ARV,Adult,SCMS from RDC,"Efavirenz 600mg, tablets, 30 Tabs",Efavirenz,Generic,600mg,Tablet,30,"48,860",212052.40,4.34,0.14,"Aurobindo Unit III, India",FALSE,See DN-2025 (ID#:83460),null,457.18
"86,342",151-NG-T30,FPQ-5688,SO-37500,DN-2025,Nigeria,PMO - US,From RDC,N/A - From RDC,Air,5/27/2010,N/A - From RDC,22-Oct-10,10-Nov-10,10-Nov-10,ARV,Adult,SCMS from RDC,"Lamivudine 150mg, tablets, 60 Tabs",Lamivudine,Generic,150mg,Tablet,60,"4,100",9553.00,2.33,0.04,Hetero Unit III Hyderabad IN,FALSE,See DN-2025 (ID#:83460),null,20.6
"82,713",111-MZ-T30,FPQ-13123,SO-47080,DN-3828,Mozambique,PMO - US,From RDC,N/A - From RDC,Truck,10/21/2013,N/A - From RDC,29-Aug-14,05-Nov-14,07-Nov-14,ARV,Adult,SCMS from RDC,"Efavirenz 600mg, tablets, 30 Tabs",Efavirenz,Generic,600mg,Tablet,30,"12,710",40799.10,3.21,0.11,"Strides, Bangalore, India.",TRUE,9511,"$10,217.02 ",41.94
"82,714",104-CI-T30,FPQ-14370,SO-49100,DN-3851,Côte d'Ivoire,PMO - US,From RDC,N/A - From RDC,Truck,5/23/2014,N/A - From RDC,31-Oct-14,18-Aug-14,05-Sep-14,ARV,Adult,SCMS from RDC,"Abacavir/Lamivudine 600/300mg, tablets, 30 Tabs",Abacavir/Lamivudine,Generic,600/300mg,Tablet - FDC,30,"2,756",37261.12,13.52,0.45,"Cipla, Patalganga, India",TRUE,248,"$1,933.72 ",38.3
"82,721",111-MZ-T30,FPQ-14226,SO-48882,DN-3855,Mozambique,PMO - US,From RDC,N/A - From RDC,Truck,05-02-14,N/A - From RDC,31-Dec-14,27-Oct-14,07-Nov-14,ARV,Adult,SCMS from RDC,"Lamivudine/Stavudine 150/30mg, tablets, 60 Tabs",Lamivudine/Stavudine,Generic,150/30mg,Tablet - FDC,60,"3,068",7976.80,2.6,0.04,"Strides, Bangalore, India.",TRUE,150,$118.16 ,8.2
"82,723",111-MZ-T30,FPQ-13575,SO-47703,DN-3865,Mozambique,PMO - US,From RDC,N/A - From RDC,Truck,1/17/2014,N/A - From RDC,31-Aug-14,30-Oct-14,13-Nov-14,ARV,Adult,SCMS from RDC,"Nevirapine 200mg, tablets, 60 Tabs",Nevirapine,Generic,200mg,Tablet,60,"2,030",4425.40,2.18,0.04,Hetero Unit III Hyderabad IN,TRUE,6342,"$3,290.58 ",4.55
"82,724",117-ET-T30,FPQ-14544,SO-49230,DN-3870,Ethiopia,PMO - US,From RDC,N/A - From RDC,Air,6/30/2014,N/A - From RDC,29-Jul-14,10-Jul-14,17-Jul-14,ARV,Pediatric,SCMS from RDC,"Abacavir/Lamivudine 60/30mg, tablets, 60 Tabs",Abacavir/Lamivudine,Generic,60/30mg,Tablet - FDC,60,"3,071",12560.39,4.09,0.07,"Aurobindo Unit III, India",TRUE,115,$630 ,12.91
"82,725",103-SS-T30,FPQ-14556,SO-49260,DN-3871,South Sudan,PMO - US,From RDC,N/A - From RDC,Air,07-02-14,N/A - From RDC,30-Jan-15,16-Dec-14,17-Dec-14,ARV,Pediatric,SCMS from RDC,"Lamivudine/Nevirapine/Zidovudine 30/50/60mg, [DON] dispersible tablets, 60 Tabs",Lamivudine/Nevirapine/Zidovudine,Generic,30/50/60mg,Chewable/dispersible tablet - FDC,60,"6,459",0.00,0,0,"Cipla, Goa, India",TRUE,565,"$11,705.87 ",0
"82,726",111-MZ-T30,FPQ-13394,SO-47460,DN-3872,Mozambique,PMO - US,From RDC,N/A - From RDC,Truck,12-09-13,N/A - From RDC,30-Sep-14,27-Oct-14,07-Nov-14,ARV,Adult,SCMS from RDC,"Lamivudine/Nevirapine/Zidovudine 150/200/300mg, tablets, 60 Tabs",Lamivudine/Nevirapine/Zidovudine,Generic,150/300/200mg,Tablet - FDC,60,"40,070",324967.70,8.11,0.14,Mylan (formerly Matrix) Nashik,TRUE,28111,"$18,448.52 ",334.07
"82,727",151-NG-T30,FPQ-13704,SO-48322,DN-3914,Nigeria,PMO - US,From RDC,N/A - From RDC,Air Charter,2/13/2014,N/A - From RDC,30-Sep-14,03-Sep-14,05-Sep-14,ARV,Pediatric,SCMS from RDC,"Efavirenz 200mg, capsule, 90 Caps",Efavirenz,Generic,200mg,Capsule,90,"10,230",56265.00,5.5,0.06,"Aurobindo Unit III, India",TRUE,1505,"$10,060 ",57.84
"82,729",901-NA-T30,FPQ-14670,SO-49560,DN-3907,Namibia,PMO - US,From RDC,N/A - From RDC,Truck,7/30/2014,N/A - From RDC,30-Sep-14,15-Sep-14,25-Sep-14,ARV,Adult,SCMS from RDC,"Lamivudine/Nevirapine/Zidovudine 150/200/300mg, tablets, 60 Tabs",Lamivudine/Nevirapine/Zidovudine,Generic,150/300/200mg,Tablet - FDC,60,"40,000",324400.00,8.11,0.14,"Cipla, Goa, India",TRUE,9632,"$15,571.48 ",333.48
"82,730",103-SS-T30,FPQ-13173,SO-47101,DN-3928,South Sudan,PMO - US,From RDC,N/A - From RDC,Air,10/28/2013,N/A - From RDC,30-Sep-14,15-Oct-14,22-Oct-14,ARV,Pediatric,SCMS from RDC,"Lamivudine/Zidovudine 30/60mg, dispersible tablets, 60 Tabs",Lamivudine/Zidovudine,Generic,30/60mg,Chewable/dispersible tablet - FDC,60,132,262.68,1.99,0.03,"Cipla, Goa, India",TRUE,23,"$1,651 ",0.27
"82,731",109-TZ-T30,FPQ-13042,SO-46690,DN-3929,Tanzania,PMO - US,From RDC,N/A - From RDC,Truck,10-01-13,N/A - From RDC,30-Oct-14,17-Oct-14,07-Nov-14,ARV,Pediatric,SCMS from RDC,"Lamivudine/Zidovudine 30/60mg, dispersible tablets, 60 Tabs",Lamivudine/Zidovudine,Generic,30/60mg,Chewable/dispersible tablet - FDC,60,"17,980",38657.00,2.15,0.04,"Cipla, Goa, India",TRUE,2152,$837.59 ,47.82
"82,732",111-MZ-T30,FPQ-13575,SO-47700,DN-3939,Mozambique,PMO - US,From RDC,N/A - From RDC,Truck,1/17/2014,N/A - From RDC,31-Oct-14,30-Oct-14,13-Nov-14,ARV,Adult,SCMS from RDC,"Lamivudine/Nevirapine/Zidovudine 150/200/300mg, tablets, 60 Tabs",Lamivudine/Nevirapine/Zidovudine,Generic,150/300/200mg,Tablet - FDC,60,"106,754",881788.04,8.26,0.14,"Cipla, Goa, India",TRUE,28021,"$19,662.09 ",906.48
"82,733",111-MZ-T30,FPQ-14226,SO-48884,DN-3944,Mozambique,PMO - US,From RDC,N/A - From RDC,Truck,05-02-14,N/A - From RDC,31-Dec-14,28-Oct-14,13-Nov-14,ARV,Pediatric,SCMS from RDC,"Nevirapine 10mg/ml, oral suspension w/syringe, Bottle, 240 ml",Nevirapine,Generic,10mg/ml,Oral suspension,240,"27,264",41168.64,1.51,0.01,"Aurobindo Unit III, India",TRUE,10191,"$8,520.87 ",42.32
"82,735",110-ZM-T30,FPQ-13692,SO-47990,DN-3951,Zambia,PMO - US,From RDC,N/A - From RDC,Truck,02-06-14,N/A - From RDC,31-Oct-14,02-Oct-14,22-Oct-14,ARV,Pediatric,SCMS from RDC,"Abacavir/Lamivudine 60/30mg, tablets, 60 Tabs",Abacavir/Lamivudine,Generic,60/30mg,Tablet - FDC,60,"46,973",187892.00,4,0.07,"Aurobindo Unit III, India",TRUE,3237,"$4,208.35 ",193.15
"82,736",102-BI-T30,FPQ-14112,SO-48630,DN-3952,Burundi,PMO - US,From RDC,N/A - From RDC,Air,4/18/2014,N/A - From RDC,31-Oct-14,15-Oct-14,28-Oct-14,ARV,Adult,SCMS from RDC,"Lamivudine/Zidovudine 150/300mg, tablets, 60 Tabs",Lamivudine/Zidovudine,Generic,150/300mg,Tablet - FDC,60,"1,428",9424.80,6.6,0.11,"Aurobindo Unit III, India",TRUE,331,"$4,218.74 ",9.69
"82,739",104-CI-T30,FPQ-13628,SO-49880,DN-3966,Côte d'Ivoire,PMO - US,From RDC,N/A - From RDC,Truck,1/29/2014,N/A - From RDC,31-Oct-14,17-Oct-14,07-Nov-14,ARV,Adult,SCMS from RDC,"Tenofovir Disoproxil Fumarate 300mg, tablets, 30 Tabs",Tenofovir Disoproxil Fumarate,Generic,300mg,Tablet,30,"5,905",21376.10,3.62,0.12,Hetero Unit III Hyderabad IN,TRUE,599,"$2,440.19 ",21.97
"82,740",103-ZW-T30,FPQ-13967,SO-49890,DN-3972,Zimbabwe,PMO - US,From RDC,N/A - From RDC,Truck,04-02-14,N/A - From RDC,14-Nov-14,30-Oct-14,07-Nov-14,ARV,Pediatric,SCMS from RDC,"Lamivudine/Nevirapine/Zidovudine 30/50/60mg, dispersible tablets, 60 Tabs",Lamivudine/Nevirapine/Zidovudine,Generic,30/50/60mg,Chewable/dispersible tablet - FDC,60,"10,602",38167.20,3.6,0.06,Mylan (formerly Matrix) Nashik,TRUE,3919,"$4,083.50 ",39.24
"82,742",103-ZW-T30,FPQ-13990,SO-48480,DN-3971,Zimbabwe,PMO - US,From RDC,N/A - From RDC,Truck,04-01-14,N/A - From RDC,30-Oct-14,03-Nov-14,10-Nov-14,ARV,Pediatric,SCMS from RDC,"Abacavir/Lamivudine 60/30mg, tablets, 60 Tabs",Abacavir/Lamivudine,Generic,60/30mg,Tablet - FDC,60,"50,847",200845.65,3.95,0.07,"Aurobindo Unit III, India",TRUE,2372,"$2,599.36 ",206.47
"82,743",101-CD-T30,FPQ-14576,SO-49310,DN-3954,"Congo, DRC",PMO - US,From RDC,N/A - From RDC,Air,7/14/2014,N/A - From RDC,14-Apr-15,14-Apr-15,14-Apr-15,ARV,Pediatric,SCMS from RDC,"Nevirapine 10mg/ml, oral suspension w/syringe, Bottle, 240 ml",Nevirapine,Generic,10mg/ml,Oral suspension,240,"1,135",1713.85,1.51,0.01,"Aurobindo Unit III, India",TRUE,1165,"$13,290.31 ",1.76
"86,345",151-NG-T30,FPQ-5688,SO-37500,DN-2025,Nigeria,PMO - US,From RDC,N/A - From RDC,Air,5/27/2010,N/A - From RDC,22-Oct-10,10-Nov-10,10-Nov-10,ARV,Adult,SCMS from RDC,"Tenofovir Disoproxil Fumarate 300mg, tablets, 30 Tabs",Tenofovir Disoproxil Fumarate,Generic,300mg,Tablet,30,"2,500",18250.00,7.3,0.24,Mylan (formerly Matrix) Nashik,FALSE,See DN-2025 (ID#:83460),null,39.35
"82,745",113-ZW-T30,FPQ-14458,SO-49171,DN-3974,Zimbabwe,PMO - US,From RDC,N/A - From RDC,Truck,6/13/2014,N/A - From RDC,31-Jan-15,30-Oct-14,07-Nov-14,ARV,Adult,SCMS from RDC,"Efavirenz/Lamivudine/Tenofovir Disoproxil Fumarate 600/300/300mg, tablets, 30 Tabs",Efavirenz/Lamivudine/Tenofovir Disoproxil Fumarate,Generic,600/300/300mg,Tablet - FDC,30,"100,167",1026711.75,10.25,0.34,Mylan (formerly Matrix) Nashik,TRUE,21570,"$24,309.72 ","1,055.46"
"84,048",102-UG-T30,FPQ-6403,SO-37460,DN-2026,Uganda,PMO - US,From RDC,N/A - From RDC,Air,9/16/2010,N/A - From RDC,20-Oct-10,25-Oct-10,25-Oct-10,ARV,Adult,SCMS from RDC,"Lamivudine/Nevirapine/Zidovudine 150/200/300mg, tablets, 60 Tabs",Lamivudine/Nevirapine/Zidovudine,Generic,150/300/200mg,Tablet - FDC,60,"31,084",348762.48,11.22,0.19,Mylan (formerly Matrix) Nashik,FALSE,See DN-2026 (ID#:84047),null,751.93
"82,748",101-CD-T30,FPQ-14576,SO-49290,DN-3975,"Congo, DRC",PMO - US,From RDC,N/A - From RDC,Air,7/14/2014,N/A - From RDC,30-Jan-15,18-Feb-15,23-Feb-15,ARV,Adult,SCMS from RDC,"Lopinavir/Ritonavir 200/50mg, tablets, 120 Tabs",Lopinavir/Ritonavir,Generic,200/50mg,Tablet,120,"1,156",22726.96,19.66,0.16,Mylan (formerly Matrix) Nashik,TRUE,2187,"$24,532.28 ",23.36
"82,749",151-NG-T30,FPQ-13293,SO-47270,DN-3993,Nigeria,PMO - US,From RDC,N/A - From RDC,Air Charter,11/19/2013,N/A - From RDC,31-Oct-14,30-Oct-14,03-Nov-14,ARV,Adult,SCMS from RDC,"Lamivudine/Nevirapine/Zidovudine 150/200/300mg, tablets, 60 Tabs",Lamivudine/Nevirapine/Zidovudine,Generic,150/300/200mg,Tablet - FDC,60,"191,230",1550875.30,8.11,0.14,Mylan (formerly Matrix) Nashik,TRUE,27094,"$70,210 ","1,594.30"
"82,750",151-NG-T30,FPQ-13704,SO-48310,DN-3997,Nigeria,PMO - US,From RDC,N/A - From RDC,Air Charter,2/13/2014,N/A - From RDC,31-Oct-14,30-Oct-14,03-Nov-14,ARV,Adult,SCMS from RDC,"Abacavir/Lamivudine 600/300mg, tablets, 30 Tabs",Abacavir/Lamivudine,Generic,600/300mg,Tablet - FDC,30,"19,356",261112.44,13.49,0.45,Mylan (formerly Matrix) Nashik,TRUE,1960,"$7,009 ",268.42
"82,751",151-NG-T30,FPQ-14766,SO-49701,DN-3998,Nigeria,PMO - US,From RDC,N/A - From RDC,Air Charter,8/13/2014,N/A - From RDC,31-Mar-15,30-Oct-14,03-Nov-14,ARV,Adult,SCMS from RDC,"Lopinavir/Ritonavir 200/50mg [Aluvia], tablets, 120 Tabs",Lopinavir/Ritonavir,Aluvia,200/50mg,Tablet,120,"28,000",529200.00,18.9,0.16,ABBVIE Ludwigshafen Germany,TRUE,6702,"$20,526 ",544.02
"82,752",151-NG-T30,FPQ-14156,SO-48891,DN-3999,Nigeria,PMO - US,From RDC,N/A - From RDC,Air Charter,4/25/2014,N/A - From RDC,30-Nov-14,30-Oct-14,03-Nov-14,ARV,Adult,SCMS from RDC,"Lamivudine/Nevirapine/Zidovudine 150/200/300mg, tablets, 60 Tabs",Lamivudine/Nevirapine/Zidovudine,Generic,150/300/200mg,Tablet - FDC,60,"45,307",367439.77,8.11,0.14,Mylan (formerly Matrix) Nashik,TRUE,20329,"$49,570 ",377.73
"82,753",114-UG-T30,FPQ-14396,SO-48970,DN-4008,Uganda,PMO - US,From RDC,N/A - From RDC,Truck,06-04-14,N/A - From RDC,28-Nov-14,03-Dec-14,04-Dec-14,ARV,Adult,SCMS from RDC,"Lamivudine/Tenofovir Disoproxil Fumarate 300/300mg, tablets, 30 Tabs",Lamivudine/Tenofovir Disoproxil Fumarate,Generic,300/300mg,Tablet - FDC,30,"42,531",196918.53,4.63,0.15,Hetero Unit III Hyderabad IN,TRUE,7043,"$6,852.08 ",202.43
"82,754",107-RW-T30,FPQ-14111,SO-48801,DN-4009,Rwanda,PMO - US,From RDC,N/A - From RDC,Truck,4/22/2014,N/A - From RDC,30-Jan-15,14-Jan-15,19-Jan-15,ARV,Adult,SCMS from RDC,"Lamivudine/Nevirapine/Zidovudine 150/200/300mg, tablets, 60 Tabs",Lamivudine/Nevirapine/Zidovudine,Generic,150/300/200mg,Tablet - FDC,60,"14,011",113629.21,8.11,0.14,Mylan (formerly Matrix) Nashik,TRUE,1755,"$4,328.90 ",116.81
"82,755",107-RW-T30,FPQ-14111,SO-48790,DN-4012,Rwanda,PMO - US,From RDC,N/A - From RDC,Truck,4/22/2014,N/A - From RDC,16-Feb-15,14-Jan-15,19-Jan-15,ARV,Adult,SCMS from RDC,"Lamivudine/Tenofovir Disoproxil Fumarate 300/300mg, tablets, 30 Tabs",Lamivudine/Tenofovir Disoproxil Fumarate,Generic,300/300mg,Tablet - FDC,30,"73,467",340886.88,4.64,0.15,Hetero Unit III Hyderabad IN,TRUE,17317,"$26,620.36 ",350.43
"82,756",104-CI-T30,FPQ-13628,SO-47912,DN-4024,Côte d'Ivoire,PMO - US,From RDC,N/A - From RDC,Truck,1/29/2014,N/A - From RDC,30-Jan-15,11-Feb-15,16-Feb-15,ARV,Pediatric,SCMS from RDC,"Zidovudine 10mg/ml, oral solution w/syringe, Bottle, 240 ml",Zidovudine,Generic,10mg/ml,Oral solution,240,"4,000",7960.00,1.99,0.01,"Aurobindo Unit III, India",TRUE,10413,"$39,599.10 ",8.18
"82,757",111-MZ-T30,FPQ-14226,SO-48880,DN-4032,Mozambique,PMO - US,From RDC,N/A - From RDC,Truck,05-02-14,N/A - From RDC,02-Mar-15,02-Mar-15,09-Mar-15,ARV,Adult,SCMS from RDC,"Lamivudine/Stavudine 150/30mg, tablets, 60 Tabs",Lamivudine/Stavudine,Generic,150/30mg,Tablet - FDC,60,"7,442",19349.20,2.6,0.04,Hetero Unit III Hyderabad IN,TRUE,12408,"$15,645.33 ",19.89
"82,758",107-RW-T30,FPQ-14811,SO-49951,DN-4040,Rwanda,PMO - US,From RDC,N/A - From RDC,Truck,10/15/2014,N/A - From RDC,14-Jan-15,24-Dec-14,05-Jan-15,ARV,Pediatric,SCMS from RDC,"Efavirenz 200mg, scored tablets, 90 Tabs",Efavirenz,Generic,200mg,Tablet,90,"1,016",9448.80,9.3,0.1,"Strides, Bangalore, India.",TRUE,367,"$3,783.24 ",9.71
"82,760",111-MZ-T30,FPQ-13124,SO-47054,DN-4050,Mozambique,PMO - US,From RDC,N/A - From RDC,Truck,10/21/2013,N/A - From RDC,23-Mar-15,23-Mar-15,23-Mar-15,ARV,Adult,SCMS from RDC,"Lamivudine/Zidovudine 150/300mg, tablets, 60 Tabs",Lamivudine/Zidovudine,Generic,150/300mg,Tablet - FDC,60,"139,000",935470.00,6.73,0.11,Hetero Unit III Hyderabad IN,TRUE,12307,"$8,191.96 ",961.66
"82,761",107-RW-T30,FPQ-14893,SO-49990,DN-4055,Rwanda,PMO - US,From RDC,N/A - From RDC,Air,10/15/2014,N/A - From RDC,31-Jan-15,24-Dec-14,31-Dec-14,ARV,Adult,SCMS from RDC,"Tenofovir Disoproxil Fumarate 300mg, tablets, 30 Tabs",Tenofovir Disoproxil Fumarate,Generic,300mg,Tablet,30,189,691.74,3.66,0.12,Hetero Unit III Hyderabad IN,TRUE,15,$925.60 ,0.71
"82,762",105-GY-T30,FPQ-15217,SO-50030,DN-4056,Guyana,PMO - US,From RDC,N/A - From RDC,Air,10/22/2014,N/A - From RDC,30-Jan-15,06-Jan-15,29-Jan-15,ARV,Adult,SCMS from RDC,"Abacavir 300mg, tablets, 60 Tabs",Abacavir,Generic,300mg,Tablet,60,62,687.58,11.09,0.18,Mylan (formerly Matrix) Nashik,TRUE,6,$865.15 ,0.81
"82,763",105-GY-T30,FPQ-15217,SO-50040,DN-4057,Guyana,PMO - US,From RDC,N/A - From RDC,Air,10/22/2014,N/A - From RDC,31-Mar-15,06-Jan-15,29-Jan-15,ARV,Adult,SCMS from RDC,"Lopinavir/Ritonavir 200/50mg [Aluvia], tablets, 120 Tabs",Lopinavir/Ritonavir,Aluvia,200/50mg,Tablet,120,"1,184",22377.60,18.9,0.16,ABBVIE Ludwigshafen Germany,TRUE,251,"$3,247.35 ",26.34
"82,765",104-CI-T30,FPQ-14370,SO-49052,DN-4064,Côte d'Ivoire,PMO - US,From RDC,N/A - From RDC,Truck,5/23/2014,N/A - From RDC,16-Feb-15,19-Jan-15,27-Jan-15,ARV,Adult,SCMS from RDC,"Efavirenz 600mg, tablets, 30 Tabs",Efavirenz,Generic,600mg,Tablet,30,"10,000",31200.00,3.12,0.1,"Cipla, Goa, India",TRUE,24636,"$46,181.17 ",32.07
"84,595",102-UG-T30,FPQ-6403,SO-37460,DN-2026,Uganda,PMO - US,From RDC,N/A - From RDC,Air,9/16/2010,N/A - From RDC,20-Oct-10,25-Oct-10,25-Oct-10,ARV,Adult,SCMS from RDC,"Lamivudine/Nevirapine/Zidovudine 150/200/300mg, tablets, 60 Tabs",Lamivudine/Nevirapine/Zidovudine,Generic,150/300/200mg,Tablet - FDC,60,"31,932",358277.04,11.22,0.19,"Aurobindo Unit III, India",FALSE,See DN-2026 (ID#:84047),null,772.45
"82,772",107-RW-T30,FPQ-14811,SO-49950,DN-4085,Rwanda,PMO - US,From RDC,N/A - From RDC,Truck,10/15/2014,N/A - From RDC,30-Jan-15,09-Feb-15,20-Feb-15,ARV,Pediatric,SCMS from RDC,"Efavirenz 200mg, scored tablets, 90 Tabs",Efavirenz,Generic,200mg,Tablet,90,868,8072.40,9.3,0.1,"Strides, Bangalore, India.",TRUE,173,"$2,124.48 ",8.3
"82,773",114-UG-T30,FPQ-14396,SO-48994,DN-4101,Uganda,PMO - US,From RDC,N/A - From RDC,Truck,06-04-14,N/A - From RDC,27-Feb-15,25-Feb-15,05-Mar-15,ARV,Adult,SCMS from RDC,"Lamivudine/Tenofovir Disoproxil Fumarate 300/300mg, tablets, 30 Tabs",Lamivudine/Tenofovir Disoproxil Fumarate,Generic,300/300mg,Tablet - FDC,30,"19,086",88368.18,4.63,0.15,"Cipla, Kurkumbh, India",TRUE,2389,"$10,011.25 ",90.84
"82,774",111-MZ-T30,FPQ-13575,SO-47706,DN-4108,Mozambique,PMO - US,From RDC,N/A - From RDC,Truck,1/17/2014,N/A - From RDC,27-Feb-15,30-Mar-15,30-Mar-15,ARV,Adult,SCMS from RDC,"Lamivudine/Zidovudine 150/300mg, tablets, 60 Tabs",Lamivudine/Zidovudine,Generic,150/300mg,Tablet - FDC,60,"17,246",116065.58,6.73,0.11,Hetero Unit III Hyderabad IN,TRUE,1519,"$1,932.67 ",119.32
"82,779",103-ZW-T30,FPQ-13967,SO-48440,DN-4157,Zimbabwe,PMO - US,From RDC,N/A - From RDC,Truck,04-02-14,N/A - From RDC,07-Mar-15,17-Mar-15,18-Mar-15,ARV,Pediatric,SCMS from RDC,"Lamivudine/Nevirapine/Zidovudine 30/50/60mg, dispersible tablets, 60 Tabs",Lamivudine/Nevirapine/Zidovudine,Generic,30/50/60mg,Chewable/dispersible tablet - FDC,60,"57,804",208094.40,3.6,0.06,"Cipla, Goa, India",TRUE,15222,"$18,513.23 ",213.92
"82,781",102-BI-T30,FPQ-15406,SO-50270,DN-4144,Burundi,PMO - US,From RDC,N/A - From RDC,Air,11/19/2014,N/A - From RDC,27-Feb-15,28-Feb-15,05-Mar-15,ARV,Adult,SCMS from RDC,"Lamivudine/Tenofovir Disoproxil Fumarate 300/300mg, tablets, 30 Tabs",Lamivudine/Tenofovir Disoproxil Fumarate,Generic,300/300mg,Tablet - FDC,30,912,4213.44,4.62,0.15,"Cipla, Kurkumbh, India",TRUE,1744,"$10,363.49 ",4.96
"82,782",107-RW-T30,FPQ-14111,SO-48810,DN-4149,Rwanda,PMO - US,From RDC,N/A - From RDC,Truck,4/22/2014,N/A - From RDC,31-Mar-15,24-Mar-15,24-Mar-15,ARV,Adult,SCMS from RDC,"Lamivudine/Tenofovir Disoproxil Fumarate 300/300mg, tablets, 30 Tabs",Lamivudine/Tenofovir Disoproxil Fumarate,Generic,300/300mg,Tablet - FDC,30,"21,868",100374.12,4.59,0.15,Ranbaxy per Shasun Pharma,TRUE,4326,"$9,426.33 ",103.18
"82,783",107-RW-T30,FPQ-14811,SO-49940,DN-4162,Rwanda,PMO - US,From RDC,N/A - From RDC,Truck,10/15/2014,N/A - From RDC,31-Mar-15,24-Mar-15,24-Mar-15,ARV,Adult,SCMS from RDC,"Efavirenz/Lamivudine/Tenofovir Disoproxil Fumarate 600/300/300mg, tablets, 30 Tabs",Efavirenz/Lamivudine/Tenofovir Disoproxil Fumarate,Generic,600/300/300mg,Tablet - FDC,30,"5,148",49420.80,9.6,0.32,"Aurobindo Unit VII, IN",TRUE,12079,"$16,971.93 ",50.8
"85,154",102-UG-T30,FPQ-6403,SO-37460,DN-2026,Uganda,PMO - US,From RDC,N/A - From RDC,Air,9/16/2010,N/A - From RDC,20-Oct-10,25-Oct-10,25-Oct-10,ARV,Adult,SCMS from RDC,"Lamivudine/Zidovudine 150/300mg, tablets, 60 Tabs",Lamivudine/Zidovudine,Generic,150/300mg,Tablet - FDC,60,"21,506",183876.30,8.55,0.14,Hetero Unit III Hyderabad IN,FALSE,See DN-2026 (ID#:84047),null,396.44
"82,785",151-NG-T30,FPQ-14766,SO-49685,DN-4172,Nigeria,PMO - US,From RDC,N/A - From RDC,Air Charter,8/13/2014,N/A - From RDC,28-Feb-15,10-Mar-15,17-Mar-15,ARV,Adult,SCMS from RDC,"Lamivudine/Nevirapine/Zidovudine 150/200/300mg, tablets, 60 Tabs",Lamivudine/Nevirapine/Zidovudine,Generic,150/300/200mg,Tablet - FDC,60,"350,505",2705898.60,7.72,0.13,"Cipla, Goa, India",TRUE,72975,"$129,843.24 ","2,781.66"
"82,850",110-ZM-T30,FPQ-4029,SO-34620,DN-1566,Zambia,PMO - US,From RDC,N/A - From RDC,Truck,08-05-09,N/A - From RDC,15-Jan-10,26-Nov-09,26-Nov-09,ARV,Adult,SCMS from RDC,"Lamivudine 150mg, tablets, 60 Tabs",Lamivudine,Generic,150mg,Tablet,60,21,51.24,2.44,0.04,"Aurobindo Unit III, India",TRUE,1,$792.62 ,0.1
"85,155",102-UG-T30,FPQ-6403,SO-37460,DN-2026,Uganda,PMO - US,From RDC,N/A - From RDC,Air,9/16/2010,N/A - From RDC,20-Oct-10,25-Oct-10,25-Oct-10,ARV,Adult,SCMS from RDC,"Emtricitabine/Tenofovir Disoproxil Fumarate 200/300mg, tablets, 30 Tabs",Emtricitabine/Tenofovir Disoproxil Fumarate,Generic,200/300mg,Tablet - FDC,30,"8,375",98406.25,11.75,0.39,Mylan (formerly Matrix) Nashik,FALSE,See DN-2026 (ID#:84047),null,212.16
"82,787",104-CI-T30,FPQ-14370,SO-49030,DN-4175,Côte d'Ivoire,PMO - US,From RDC,N/A - From RDC,Truck,5/23/2014,N/A - From RDC,27-Mar-15,26-Mar-15,30-Mar-15,ARV,Pediatric,SCMS from RDC,"Lamivudine/Nevirapine/Zidovudine 30/50/60mg, dispersible tablets, 60 Tabs",Lamivudine/Nevirapine/Zidovudine,Generic,30/50/60mg,Chewable/dispersible tablet - FDC,60,"16,500",59400.00,3.6,0.06,Mylan (formerly Matrix) Nashik,TRUE,904,"$5,012.88 ",61.06
"82,788",900-TG-T30,FPQ-15916,SO-51080,DN-4184,Togo,PMO - US,From RDC,N/A - From RDC,Air,2/18/2015,N/A - From RDC,31-Mar-15,23-Mar-15,30-Mar-15,ARV,Adult,SCMS from RDC,"Lopinavir/Ritonavir 200/50mg, tablets, 120 Tabs",Lopinavir/Ritonavir,Generic,200/50mg,Tablet,120,"6,364",123207.04,19.36,0.16,"Aurobindo Unit III, India",TRUE,1591,"$8,834.07 ",145.01
"82,790",104-CI-T30,FPQ-14370,SO-49072,DN-4212,Côte d'Ivoire,PMO - US,From RDC,N/A - From RDC,Truck,5/23/2014,N/A - From RDC,29-May-15,29-Apr-15,29-Apr-15,ARV,Adult,SCMS from RDC,"Abacavir/Lamivudine 600/300mg, tablets, 30 Tabs",Abacavir/Lamivudine,Generic,600/300mg,Tablet - FDC,30,"1,134",14912.10,13.15,0.44,Mylan (formerly Matrix) Nashik,TRUE,121,"$1,076.50 ",15.33
"86,344",102-UG-T30,FPQ-6403,SO-37480,DN-2031,Uganda,PMO - US,From RDC,N/A - From RDC,Air,9/16/2010,N/A - From RDC,20-Oct-10,26-Oct-10,26-Oct-10,ARV,Adult,SCMS from RDC,"Lamivudine/Stavudine 150/30mg, tablets, 60 Tabs",Lamivudine/Stavudine,Generic,150/30mg,Tablet - FDC,60,204,669.12,3.28,0.05,"Cipla, Goa, India",FALSE,See DN-2031 (ID#:83459),null,1.44
"85,159",110-ZM-T30,FPQ-5702,SO-36842,DN-2032,Zambia,PMO - US,From RDC,N/A - From RDC,Truck,5/20/2010,N/A - From RDC,04-Nov-10,08-Nov-10,08-Nov-10,ARV,Adult,SCMS from RDC,"Efavirenz 600mg, tablets, 30 Tabs",Efavirenz,Generic,600mg,Tablet,30,"128,000",578560.00,4.52,0.15,"Emcure Plot No.P-2, I.T-B.T. Park, Phase II, MIDC, Hinjwadi, Pune, India",FALSE,See DN-2032 (ID#:82921),null,"1,247.38"
"82,794",103-ZW-T30,FPQ-13967,SO-50960,DN-4224,Zimbabwe,PMO - US,From RDC,N/A - From RDC,Truck,04-02-14,N/A - From RDC,30-Apr-15,10-Apr-15,14-Apr-15,ARV,Pediatric,SCMS from RDC,"Abacavir/Lamivudine 60/30mg, tablets, 60 Tabs",Abacavir/Lamivudine,Generic,60/30mg,Tablet - FDC,60,"6,634",26204.30,3.95,0.07,Mylan (formerly Matrix) Nashik,TRUE,6368,$225.79 ,26.94
"82,795",151-NG-T30,FPQ-14766,SO-49687,DN-4227,Nigeria,PMO - US,From RDC,N/A - From RDC,Air Charter,8/13/2014,N/A - From RDC,30-Apr-15,15-Apr-15,20-Apr-15,ARV,Adult,SCMS from RDC,"Zidovudine 300mg, tablets, 60 Tabs",Zidovudine,Generic,300mg,Tablet,60,"21,347",113779.51,5.33,0.09,"Cipla, Goa, India",TRUE,1554,"$3,583 ",116.97
"82,799",110-ZM-T30,FPQ-14784,SO-49601,DN-4250,Zambia,PMO - US,From RDC,N/A - From RDC,Truck,08-12-14,N/A - From RDC,29-May-15,15-May-15,15-May-15,ARV,Pediatric,SCMS from RDC,"Abacavir/Lamivudine 60/30mg, tablets, 60 Tabs",Abacavir/Lamivudine,Generic,60/30mg,Tablet - FDC,60,"33,308",131566.60,3.95,0.07,Mylan (formerly Matrix) Nashik,TRUE,2803,"$4,040.64 ",135.25
"82,800",110-ZM-T30,FPQ-14784,SO-49570,DN-4251,Zambia,PMO - US,From RDC,N/A - From RDC,Truck,08-12-14,N/A - From RDC,15-Jun-15,15-May-15,15-May-15,ARV,Adult,SCMS from RDC,"Lamivudine 150mg, tablets, 60 Tabs",Lamivudine,Generic,150mg,Tablet,60,"68,000",118320.00,1.74,0.03,Hetero Unit III Hyderabad IN,TRUE,6221,"$9,341.81 ",121.63
"82,801",104-CI-T30,FPQ-15259,SO-50110,DN-4254,Côte d'Ivoire,PMO - US,From RDC,N/A - From RDC,Truck,10/24/2014,N/A - From RDC,29-May-15,08-Jun-15,19-Jun-15,ARV,Adult,SCMS from RDC,"Lamivudine/Nevirapine/Zidovudine 150/200/300mg, tablets, 60 Tabs",Lamivudine/Nevirapine/Zidovudine,Generic,150/300/200mg,Tablet - FDC,60,"145,000",1119400.00,7.72,0.13,"Strides, Bangalore, India.",TRUE,16614,"$24,788.37 ","1,317.53"
"82,802",110-ZM-T30,FPQ-14575,SO-49284,DN-4256,Zambia,PMO - US,From RDC,N/A - From RDC,Truck,07-11-14,N/A - From RDC,29-May-15,15-May-15,15-May-15,ARV,Adult,SCMS from RDC,"Nevirapine 200mg, tablets, 60 Tabs",Nevirapine,Generic,200mg,Tablet,60,"3,926",8558.68,2.18,0.04,"Cipla, Goa, India",TRUE,477,$535.52 ,8.8
"82,803",151-NG-T30,FPQ-14156,SO-48900,DN-4258,Nigeria,PMO - US,From RDC,N/A - From RDC,Air Charter,4/25/2014,N/A - From RDC,29-May-15,13-May-15,21-May-15,ARV,Adult,SCMS from RDC,"Lamivudine/Tenofovir Disoproxil Fumarate 300/300mg, tablets, 30 Tabs",Lamivudine/Tenofovir Disoproxil Fumarate,Generic,300/300mg,Tablet - FDC,30,"43,272",198618.48,4.59,0.15,Hetero Unit III Hyderabad IN,TRUE,4285,"$34,216.25 ",204.18
"82,804",104-CI-T30,FPQ-14370,SO-49090,DN-4177,Côte d'Ivoire,PMO - US,From RDC,N/A - From RDC,Truck,5/23/2014,N/A - From RDC,29-May-15,29-May-15,18-Jun-15,ARV,Adult,SCMS from RDC,"Lamivudine/Nevirapine/Zidovudine 150/200/300mg, tablets, 60 Tabs",Lamivudine/Nevirapine/Zidovudine,Generic,150/300/200mg,Tablet - FDC,60,"90,000",694800.00,7.72,0.13,Hetero Unit III Hyderabad IN,TRUE,17769,"$36,897.57 ",714.25
"85,713",110-ZM-T30,FPQ-5702,SO-36842,DN-2032,Zambia,PMO - US,From RDC,N/A - From RDC,Truck,5/20/2010,N/A - From RDC,04-Nov-10,08-Nov-10,08-Nov-10,ARV,Adult,SCMS from RDC,"Lamivudine/Nevirapine/Stavudine 150/200/30mg, tablets, 60 Tabs",Lamivudine/Nevirapine/Stavudine,Generic,150/200/30mg,Tablet - FDC,60,"69,247",376011.21,5.43,0.09,"Cipla, Goa, India",FALSE,See DN-2032 (ID#:82921),null,810.68
"82,806",101-CD-T30,FPQ-16158,SO-51270,DN-4285,"Congo, DRC",PMO - US,From RDC,N/A - From RDC,Air,3/31/2015,N/A - From RDC,08-Jul-15,30-Jul-15,30-Jul-15,ARV,Adult,SCMS from RDC,"Lopinavir/Ritonavir 200/50mg, tablets, 120 Tabs",Lopinavir/Ritonavir,Generic,200/50mg,Tablet,120,"2,710",52465.60,19.36,0.16,"Aurobindo Unit III, India",TRUE,731,"$9,041.74 ",61.75
"82,808",105-GY-T30,FPQ-15680,SO-51040,DN-4294,Guyana,PMO - US,From RDC,N/A - From RDC,Air,01-02-15,N/A - From RDC,30-Jun-15,26-Jun-15,03-Jul-15,ARV,Adult,SCMS from RDC,"Lopinavir/Ritonavir 200/50mg, tablets, 120 Tabs",Lopinavir/Ritonavir,Generic,200/50mg,Tablet,120,"1,746",33802.56,19.36,0.16,Hetero Unit III Hyderabad IN,TRUE,473,"$5,769.34 ",39.79
"85,162",104-CI-T30,FPQ-5925,SO-37120,DN-2033,Côte d'Ivoire,PMO - US,From RDC,N/A - From RDC,Truck,6/23/2010,N/A - From RDC,28-Oct-10,23-Nov-10,23-Nov-10,ARV,Adult,SCMS from RDC,"Lamivudine/Zidovudine 150/300mg, tablets, 60 Tabs",Lamivudine/Zidovudine,Generic,150/300mg,Tablet - FDC,60,"50,928",435434.40,8.55,0.14,Hetero Unit III Hyderabad IN,FALSE,See DN-2033 (ID#:82922),null,938.8
"85,716",104-CI-T30,FPQ-5925,SO-37120,DN-2033,Côte d'Ivoire,PMO - US,From RDC,N/A - From RDC,Truck,6/23/2010,N/A - From RDC,28-Oct-10,23-Nov-10,23-Nov-10,ARV,Adult,SCMS from RDC,"Abacavir 300mg, tablets, 60 Tabs",Abacavir,Generic,300mg,Tablet,60,"5,070",80562.30,15.89,0.26,Mylan (formerly Matrix) Nashik,FALSE,See DN-2033 (ID#:82922),null,173.69
"85,717",104-CI-T30,FPQ-5925,SO-37120,DN-2033,Côte d'Ivoire,PMO - US,From RDC,N/A - From RDC,Truck,6/23/2010,N/A - From RDC,28-Oct-10,23-Nov-10,23-Nov-10,ARV,Pediatric,SCMS from RDC,"Efavirenz 50mg, capsule, 30 Caps",Efavirenz,Generic,50mg,Capsule,30,"1,764",3951.36,2.24,0.07,"Aurobindo Unit III, India",FALSE,See DN-2033 (ID#:82922),null,8.52
"82,812",104-CI-T30,FPQ-15259,SO-50111,DN-4314,Côte d'Ivoire,PMO - US,From RDC,N/A - From RDC,Truck,10/24/2014,N/A - From RDC,31-Jul-15,06-Aug-15,07-Aug-15,ARV,Adult,SCMS from RDC,"Lopinavir/Ritonavir 200/50mg, tablets, 120 Tabs",Lopinavir/Ritonavir,Generic,200/50mg,Tablet,120,"10,000",196600.00,19.66,0.16,Hetero Unit III Hyderabad IN,TRUE,7041,"$28,406.40 ",231.4
"85,718",104-CI-T30,FPQ-5925,SO-37120,DN-2033,Côte d'Ivoire,PMO - US,From RDC,N/A - From RDC,Truck,6/23/2010,N/A - From RDC,28-Oct-10,23-Nov-10,23-Nov-10,ARV,Adult,SCMS from RDC,"Efavirenz 600mg, tablets, 30 Tabs",Efavirenz,Generic,600mg,Tablet,30,"69,384",313615.68,4.52,0.15,Mylan (formerly Matrix) Nashik,FALSE,See DN-2033 (ID#:82922),null,676.16
"82,357",104-CI-T30,FPQ-5925,SO-37150,DN-2035,Côte d'Ivoire,PMO - US,From RDC,N/A - From RDC,Truck,6/23/2010,N/A - From RDC,30-Nov-10,26-Nov-10,26-Nov-10,ARV,Pediatric,SCMS from RDC,"Lamivudine 10mg/ml, oral solution w/syringe, Bottle, 240 ml",Lamivudine,Generic,10mg/ml,Oral solution,240,"2,415",4467.75,1.85,0.01,"Aurobindo Unit III, India",FALSE,See DN-2035 (ID#:82356),null,9.63
"83,462",104-CI-T30,FPQ-5925,SO-37150,DN-2035,Côte d'Ivoire,PMO - US,From RDC,N/A - From RDC,Truck,6/23/2010,N/A - From RDC,30-Nov-10,26-Nov-10,26-Nov-10,ARV,Adult,SCMS from RDC,"Abacavir/Lamivudine 600/300mg, scored tablets, 30 Tabs",Abacavir/Lamivudine,Generic,600/300mg,Tablet - FDC,30,"1,980",44550.00,22.5,0.75,Mylan (formerly Matrix) Nashik,FALSE,See DN-2035 (ID#:82356),null,96.05
"83,463",104-CI-T30,FPQ-5925,SO-37150,DN-2035,Côte d'Ivoire,PMO - US,From RDC,N/A - From RDC,Truck,6/23/2010,N/A - From RDC,30-Nov-10,26-Nov-10,26-Nov-10,ARV,Adult,SCMS from RDC,"Emtricitabine/Tenofovir Disoproxil Fumarate 200/300mg, tablets, 30 Tabs",Emtricitabine/Tenofovir Disoproxil Fumarate,Generic,200/300mg,Tablet - FDC,30,"9,760",114680.00,11.75,0.39,Mylan (formerly Matrix) Nashik,FALSE,See DN-2035 (ID#:82356),null,247.25
"82,837",154-NG-T30,FPQ-3815,SO-32270,DN-1311,Nigeria,PMO - US,From RDC,N/A - From RDC,Air Charter,5/26/2009,N/A - From RDC,30-Jul-09,04-Aug-09,04-Aug-09,ARV,Adult,SCMS from RDC,"Lamivudine 150mg, tablets, 60 Tabs",Lamivudine,Generic,150mg,Tablet,60,50,122.00,2.44,0.04,"Aurobindo Unit III, India",TRUE,112,"$7,445.80 ",0.24
"83,464",104-CI-T30,FPQ-5925,SO-37150,DN-2035,Côte d'Ivoire,PMO - US,From RDC,N/A - From RDC,Truck,6/23/2010,N/A - From RDC,30-Nov-10,26-Nov-10,26-Nov-10,ARV,Adult,SCMS from RDC,"Lamivudine/Stavudine 150/30mg, tablets, 60 Tabs",Lamivudine/Stavudine,Generic,150/30mg,Tablet - FDC,60,"26,444",86736.32,3.28,0.05,Mylan (formerly Matrix) Nashik,FALSE,See DN-2035 (ID#:82356),null,187
"82,839",154-NG-T30,FPQ-3815,SO-32273,DN-1333,Nigeria,PMO - US,From RDC,N/A - From RDC,Air,5/26/2009,N/A - From RDC,17-Sep-09,14-Sep-09,14-Sep-09,ARV,Adult,SCMS from RDC,"Lamivudine/Nevirapine/Stavudine 150/200/30mg, tablets, 60 Tabs",Lamivudine/Nevirapine/Stavudine,Generic,150/200/30mg,Tablet - FDC,60,50,350.00,7,0.12,"Strides, Bangalore, India.",TRUE,35,"$1,567.51 ",0.69
"82,840",104-CI-T30,FPQ-4187,SO-33550,DN-1475,Côte d'Ivoire,PMO - US,From RDC,N/A - From RDC,Air,09-09-09,N/A - From RDC,22-Oct-09,16-Oct-09,16-Oct-09,ARV,Pediatric,SCMS from RDC,"Zidovudine 10mg/ml, oral solution, Bottle, 240 ml",Zidovudine,Generic,10mg/ml,Oral solution,240,"2,000",4200.00,2.1,0.01,"Aurobindo Unit III, India",TRUE,749,"$2,336.27 ",8.23
"84,598",104-CI-T30,FPQ-5925,SO-37150,DN-2035,Côte d'Ivoire,PMO - US,From RDC,N/A - From RDC,Truck,6/23/2010,N/A - From RDC,30-Nov-10,26-Nov-10,26-Nov-10,ARV,Pediatric,SCMS from RDC,"Stavudine 1mg/ml, powder for oral solution, 200 ml",Stavudine,Generic,1mg/ml,Oral solution,200,"2,449",3306.15,1.35,0.01,"Aurobindo Unit III, India",FALSE,See DN-2035 (ID#:82356),null,7.13
"82,842",106-HT-T30,FPQ-4277,SO-33730,DN-1479,Haiti,PMO - US,From RDC,N/A - From RDC,Air,9/22/2009,N/A - From RDC,18-Nov-09,18-Oct-09,18-Oct-09,ARV,Pediatric,SCMS from RDC,"Abacavir 20mg/ml, oral solution, Bottle, 240 ml",Abacavir,Generic,20mg/ml,Oral solution,240,96,1405.44,14.64,0.06,"Aurobindo Unit III, India",TRUE,54,"$1,576.32 ",2.75
"82,843",104-CI-T30,FPQ-4187,SO-33540,DN-1509,Côte d'Ivoire,PMO - US,From RDC,N/A - From RDC,Air,09-09-09,N/A - From RDC,27-Nov-09,13-Nov-09,13-Nov-09,ARV,Pediatric,SCMS from RDC,"Zidovudine 10mg/ml, oral solution, Bottle, 240 ml",Zidovudine,Generic,10mg/ml,Oral solution,240,"1,758",3691.80,2.1,0.01,"Aurobindo Unit III, India",TRUE,604,"$7,100.04 ",7.24
"82,844",104-CI-T30,FPQ-4187,SO-33530,DN-1508,Côte d'Ivoire,PMO - US,From RDC,N/A - From RDC,Air,09-09-09,N/A - From RDC,26-Nov-09,05-Nov-09,05-Nov-09,ARV,Adult,SCMS from RDC,"Nevirapine 200mg, tablets, 60 Tabs",Nevirapine,Generic,200mg,Tablet,60,"6,050",17545.00,2.9,0.05,"Aurobindo Unit III, India",TRUE,442,"$5,028.04 ",34.39
"82,845",114-UG-T30,FPQ-4275,SO-33860,DN-1522,Uganda,PMO - US,From RDC,N/A - From RDC,Air,9/17/2009,N/A - From RDC,03-Dec-09,30-Nov-09,30-Nov-09,ARV,Adult,SCMS from RDC,"Lamivudine/Nevirapine/Zidovudine 150/200/300mg, tablets, 60 Tabs",Lamivudine/Nevirapine/Zidovudine,Generic,150/300/200mg,Tablet - FDC,60,"15,584",174852.48,11.22,0.19,"Aurobindo Unit III, India",TRUE,6843,"$15,170.33 ",342.71
"82,846",114-UG-T30,FPQ-4454,SO-34270,DN-1541,Uganda,PMO - US,From RDC,N/A - From RDC,Air,9/25/2009,N/A - From RDC,07-Dec-09,30-Nov-09,30-Nov-09,ARV,Adult,SCMS from RDC,"Efavirenz 600mg, tablets, 30 Tabs",Efavirenz,Generic,600mg,Tablet,30,"4,700",27166.00,5.78,0.19,"Aurobindo Unit III, India",TRUE,680,"$3,335.33 ",53.25
"82,847",104-CI-T30,FPQ-4187,SO-34730,DN-1542,Côte d'Ivoire,PMO - US,From RDC,N/A - From RDC,Air,09-09-09,N/A - From RDC,26-Nov-09,02-Dec-09,02-Dec-09,ARV,Adult,SCMS from RDC,"Nevirapine 200mg, tablets, 60 Tabs",Nevirapine,Generic,200mg,Tablet,60,"1,437",4167.30,2.9,0.05,"Aurobindo Unit III, India",TRUE,138,"$1,211.48 ",8.17
"82,848",123-NG-T30,FPQ-4014,SO-32970,DN-1560,Nigeria,PMO - US,From RDC,N/A - From RDC,Air Charter,7/27/2009,N/A - From RDC,18-Dec-09,18-Dec-09,18-Dec-09,ARV,Adult,SCMS from RDC,"Lamivudine/Zidovudine 150/300mg, tablets, 60 Tabs",Lamivudine/Zidovudine,Generic,150/300mg,Tablet - FDC,60,"42,751",374498.76,8.76,0.15,Mylan (formerly Matrix) Nashik,TRUE,3409,"$11,637.64 ",734.02
"82,849",106-HT-T30,FPQ-4384,SO-34670,DN-1559,Haiti,PMO - US,From RDC,N/A - From RDC,Air,10/23/2009,N/A - From RDC,09-Dec-09,01-Dec-09,01-Dec-09,ARV,Adult,SCMS from RDC,"Abacavir 300mg, tablets, 60 Tabs",Abacavir,Generic,300mg,Tablet,60,225,4819.50,21.42,0.36,Mylan (formerly Matrix) Nashik,TRUE,306,"$4,030.02 ",10.39
"82,851",104-CI-T30,FPQ-4187,SO-33510,DN-1585,Côte d'Ivoire,PMO - US,From RDC,N/A - From RDC,Air,09-09-09,N/A - From RDC,30-Dec-09,05-Jan-10,05-Jan-10,ARV,Adult,SCMS from RDC,"Zidovudine 300mg, tablets, 60 Tabs",Zidovudine,Generic,300mg,Tablet,60,"9,780",73643.40,7.53,0.13,"Aurobindo Unit III, India",TRUE,550,"$2,794.67 ",144.34
"82,854",104-CI-T30,FPQ-4378,SO-34440,DN-1621,Côte d'Ivoire,PMO - US,From RDC,N/A - From RDC,Air,10/15/2009,N/A - From RDC,08-Feb-10,23-Jan-10,23-Jan-10,ARV,Pediatric,SCMS from RDC,"Abacavir 20mg/ml, oral solution, Bottle, 240 ml",Abacavir,Generic,20mg/ml,Oral solution,240,400,5856.00,14.64,0.06,"Aurobindo Unit III, India",TRUE,146,"$5,254.09 ",11.48
"82,855",104-CI-T30,FPQ-4378,SO-34400,DN-1623,Côte d'Ivoire,PMO - US,From RDC,N/A - From RDC,Air,10/15/2009,N/A - From RDC,09-Feb-10,02-Feb-10,02-Feb-10,ARV,Adult,SCMS from RDC,"Lamivudine/Zidovudine 150/300mg, tablets, 60 Tabs",Lamivudine/Zidovudine,Generic,150/300mg,Tablet - FDC,60,"30,000",262800.00,8.76,0.15,"Aurobindo Unit III, India",TRUE,2715,"$7,403.18 ",515.09
"84,599",104-CI-T30,FPQ-5925,SO-37150,DN-2035,Côte d'Ivoire,PMO - US,From RDC,N/A - From RDC,Truck,6/23/2010,N/A - From RDC,30-Nov-10,26-Nov-10,26-Nov-10,ARV,Adult,SCMS from RDC,"Stavudine 20mg, capsules, 60 Caps",Stavudine,Generic,20mg,Capsule,60,"2,551",3647.93,1.43,0.02,"Aurobindo Unit III, India",FALSE,See DN-2035 (ID#:82356),null,7.86
"82,857",104-CI-T30,FPQ-3964,SO-33171,DN-1629,Côte d'Ivoire,PMO - US,From RDC,N/A - From RDC,Air,7/24/2009,N/A - From RDC,11-Feb-10,02-Feb-10,02-Feb-10,ARV,Pediatric,SCMS from RDC,"Didanosine 200mg, chewable/dispersible tablets, 60 Tabs",Didanosine,Generic,200mg,Chewable/dispersible tablet,60,23,356.50,15.5,0.26,"Aurobindo Unit III, India",TRUE,379,"$1,945.66 ",0.7
"82,858",104-CI-T30,FPQ-4378,SO-35790,DN-1646,Côte d'Ivoire,PMO - US,From RDC,N/A - From RDC,Air,10/15/2009,N/A - From RDC,06-Apr-10,24-Feb-10,24-Feb-10,ARV,Adult,SCMS from RDC,"Nevirapine 200mg, tablets, 60 Tabs",Nevirapine,Generic,200mg,Tablet,60,"1,681",4589.13,2.73,0.05,"Aurobindo Unit III, India",TRUE,164,"$2,976.56 ",8.99
"82,859",113-ZW-T30,FPQ-4694,SO-35390,DN-1659,Zimbabwe,PMO - US,From RDC,N/A - From RDC,Truck,12-08-09,N/A - From RDC,31-Mar-10,12-Mar-10,12-Mar-10,ARV,Adult,SCMS from RDC,"Zidovudine 300mg, tablets, 60 Tabs",Zidovudine,Generic,300mg,Tablet,60,"5,880",44276.40,7.53,0.13,Hetero Unit III Hyderabad IN,TRUE,679,"$3,302.14 ",95.46
"85,160",104-CI-T30,FPQ-5925,SO-37150,DN-2035,Côte d'Ivoire,PMO - US,From RDC,N/A - From RDC,Truck,6/23/2010,N/A - From RDC,30-Nov-10,26-Nov-10,26-Nov-10,ARV,Pediatric,SCMS from RDC,"Zidovudine 10mg/ml, oral solution, Bottle, 240 ml",Zidovudine,Generic,10mg/ml,Oral solution,240,"7,483",15115.66,2.02,0.01,"Aurobindo Unit III, India",FALSE,See DN-2035 (ID#:82356),null,32.59
"82,861",106-HT-T30,FPQ-4384,SO-35920,DN-1667,Haiti,PMO - US,From RDC,N/A - From RDC,Air,10/23/2009,N/A - From RDC,10-Mar-10,03-Mar-10,03-Mar-10,ARV,Pediatric,SCMS from RDC,"Abacavir 20mg/ml, oral solution, Bottle, 240 ml",Abacavir,Generic,20mg/ml,Oral solution,240,224,3046.40,13.6,0.06,"Aurobindo Unit III, India",TRUE,746,"$6,036.96 ",6.57
"82,862",104-CI-T30,FPQ-4378,SO-34451,DN-1670,Côte d'Ivoire,PMO - US,From RDC,N/A - From RDC,Air,10/15/2009,N/A - From RDC,16-Mar-10,10-Mar-10,10-Mar-10,ARV,Pediatric,SCMS from RDC,"Didanosine 200mg, chewable/dispersible tablets, 60 Tabs",Didanosine,Generic,200mg,Chewable/dispersible tablet,60,"1,485",23017.50,15.5,0.26,"Aurobindo Unit III, India",TRUE,914,"$4,519.97 ",45.11
"82,863",104-CI-T30,FPQ-4378,SO-34412,DN-1671,Côte d'Ivoire,PMO - US,From RDC,N/A - From RDC,Air,10/15/2009,N/A - From RDC,09-Mar-10,10-Mar-10,10-Mar-10,ARV,Adult,SCMS from RDC,"Lamivudine 150mg, tablets, 60 Tabs",Lamivudine,Generic,150mg,Tablet,60,"8,010",19544.40,2.44,0.04,"Aurobindo Unit III, India",TRUE,5350,"$4,519.97 ",38.31
"82,864",117-ET-T30,FPQ-4828,SO-35460,DN-1674,Ethiopia,PMO - US,From RDC,N/A - From RDC,Air,12/28/2009,N/A - From RDC,03-Mar-10,05-Mar-10,05-Mar-10,ARV,Adult,SCMS from RDC,"Lamivudine/Zidovudine 150/300mg, tablets, 60 Tabs",Lamivudine/Zidovudine,Generic,150/300mg,Tablet - FDC,60,"20,000",175200.00,8.76,0.15,"Aurobindo Unit III, India",TRUE,1804,"$6,321.99 ",377.73
"82,865",114-UG-T30,FPQ-5014,SO-35880,DN-1678,Uganda,PMO - US,From RDC,N/A - From RDC,Air,1/29/2010,N/A - From RDC,01-Apr-10,15-Mar-10,15-Mar-10,ARV,Adult,SCMS from RDC,"Lamivudine/Stavudine 150/30mg, tablets, 60 Tabs",Lamivudine/Stavudine,Generic,150/30mg,Tablet - FDC,60,120,408.00,3.4,0.06,"Strides, Bangalore, India.",TRUE,6,$484.56 ,0.88
"85,715",104-CI-T30,FPQ-5925,SO-37150,DN-2035,Côte d'Ivoire,PMO - US,From RDC,N/A - From RDC,Truck,6/23/2010,N/A - From RDC,30-Nov-10,26-Nov-10,26-Nov-10,ARV,Pediatric,SCMS from RDC,"Abacavir 20mg/ml, oral solution, Bottle, 240 ml",Abacavir,Generic,20mg/ml,Oral solution,240,412,5603.20,13.6,0.06,"Aurobindo Unit III, India",FALSE,See DN-2035 (ID#:82356),null,12.08
"86,346",104-CI-T30,FPQ-5925,SO-37150,DN-2035,Côte d'Ivoire,PMO - US,From RDC,N/A - From RDC,Truck,6/23/2010,N/A - From RDC,30-Nov-10,26-Nov-10,26-Nov-10,ARV,Adult,SCMS from RDC,"Tenofovir Disoproxil Fumarate 300mg, tablets, 30 Tabs",Tenofovir Disoproxil Fumarate,Generic,300mg,Tablet,30,"2,480",18104.00,7.3,0.24,Mylan (formerly Matrix) Nashik,FALSE,See DN-2035 (ID#:82356),null,39.03
"86,347",104-CI-T30,FPQ-5925,SO-37150,DN-2035,Côte d'Ivoire,PMO - US,From RDC,N/A - From RDC,Truck,6/23/2010,N/A - From RDC,30-Nov-10,26-Nov-10,26-Nov-10,ARV,Pediatric,SCMS from RDC,"Didanosine 200mg, chewable/dispersible tablets, 60 Tabs",Didanosine,Generic,200mg,Chewable/dispersible tablet,60,"1,192",18476.00,15.5,0.26,"Aurobindo Unit III, India",FALSE,See DN-2035 (ID#:82356),null,39.83
"82,869",114-UG-T30,FPQ-4497,SO-34870,DN-1733,Uganda,PMO - US,From RDC,N/A - From RDC,Air,10/28/2009,N/A - From RDC,31-Mar-10,19-Mar-10,19-Mar-10,ARV,Adult,SCMS from RDC,"Efavirenz 600mg, tablets, 30 Tabs",Efavirenz,Generic,600mg,Tablet,30,"1,000",5130.00,5.13,0.17,"Aurobindo Unit III, India",TRUE,95,"$3,549.77 ",11.06
"85,163",113-ZW-T30,FPQ-4694,SO-35370,DN-2041,Zimbabwe,PMO - US,From RDC,N/A - From RDC,Truck,12-08-09,N/A - From RDC,30-Nov-10,25-Nov-10,25-Nov-10,ARV,Adult,SCMS from RDC,"Lamivudine/Nevirapine/Stavudine 150/200/30mg, tablets, 60 Tabs",Lamivudine/Nevirapine/Stavudine,Generic,150/200/30mg,Tablet - FDC,60,"112,100",608703.00,5.43,0.09,"Cipla, Goa, India",FALSE,See DN-2041 (ID#:83461),null,"1,312.36"
"85,719",113-ZW-T30,FPQ-4694,SO-35370,DN-2041,Zimbabwe,PMO - US,From RDC,N/A - From RDC,Truck,12-08-09,N/A - From RDC,30-Nov-10,25-Nov-10,25-Nov-10,ARV,Adult,SCMS from RDC,"Lamivudine/Stavudine 150/30mg, tablets, 60 Tabs",Lamivudine/Stavudine,Generic,150/30mg,Tablet - FDC,60,"5,900",18880.00,3.2,0.05,"Cipla, Goa, India",FALSE,See DN-2041 (ID#:83461),null,40.71
"86,349",151-NG-T30,FPQ-5688,SO-37920,DN-2047,Nigeria,PMO - US,From RDC,N/A - From RDC,Air Charter,5/27/2010,N/A - From RDC,18-Nov-10,09-Nov-10,09-Nov-10,ARV,Adult,SCMS from RDC,"Nevirapine 200mg, tablets, 60 Tabs",Nevirapine,Generic,200mg,Tablet,60,"11,022",28436.76,2.58,0.04,"Aurobindo Unit III, India",FALSE,See DN-2047 (ID#:82925),null,61.31
"82,873",104-CI-T30,FPQ-4378,SO-34415,DN-1763,Côte d'Ivoire,PMO - US,From RDC,N/A - From RDC,Air,10/15/2009,N/A - From RDC,12-Apr-10,08-Apr-10,08-Apr-10,ARV,Adult,SCMS from RDC,"Lamivudine/Zidovudine 150/300mg, tablets, 60 Tabs",Lamivudine/Zidovudine,Generic,150/300mg,Tablet - FDC,60,"20,000",175200.00,8.76,0.15,"Aurobindo Unit III, India",TRUE,1807,"$21,347.20 ",343.39
"82,874",114-UG-T30,FPQ-4325,SO-35620,DN-1753,Uganda,PMO - US,From RDC,N/A - From RDC,Truck,9/23/2009,N/A - From RDC,01-Apr-10,25-Mar-10,25-Mar-10,ARV,Adult,SCMS from RDC,"Lamivudine/Nevirapine/Zidovudine 150/200/300mg, tablets, 60 Tabs",Lamivudine/Nevirapine/Zidovudine,Generic,150/300/200mg,Tablet - FDC,60,"45,116",506201.52,11.22,0.19,"Aurobindo Unit III, India",TRUE,5285,"$11,065 ",992.15
"82,875",104-CI-T30,FPQ-4378,SO-34370,DN-1759,Côte d'Ivoire,PMO - US,From RDC,N/A - From RDC,Air,10/15/2009,N/A - From RDC,06-Apr-10,01-Apr-10,01-Apr-10,ARV,Pediatric,SCMS from RDC,"Zidovudine 100mg, capsules, 100 Caps",Zidovudine,Generic,100mg,Capsule,100,"2,604",12603.36,4.84,0.05,"Aurobindo Unit III, India",TRUE,675,"$1,702.91 ",24.7
"82,876",114-UG-T30,FPQ-5238,SO-36100,DN-1760,Uganda,PMO - US,From RDC,N/A - From RDC,Air,03-02-10,N/A - From RDC,26-May-10,08-Apr-10,08-Apr-10,ARV,Adult,SCMS from RDC,"Lamivudine/Stavudine 150/30mg, tablets, 60 Tabs",Lamivudine/Stavudine,Generic,150/30mg,Tablet - FDC,60,75,255.00,3.4,0.06,"Cipla, Goa, India",TRUE,10,"$1,865.86 ",0.55
"82,877",114-UG-T30,FPQ-5238,SO-36080,DN-1765,Uganda,PMO - US,From RDC,N/A - From RDC,Air,03-02-10,N/A - From RDC,26-May-10,12-Apr-10,12-Apr-10,ARV,Adult,SCMS from RDC,"Nevirapine 200mg, tablets, 60 Tabs",Nevirapine,Generic,200mg,Tablet,60,"5,000",13650.00,2.73,0.05,"Aurobindo Unit III, India",TRUE,861,"$7,383.90 ",29.43
"82,878",114-UG-T30,FPQ-5239,SO-36170,DN-1766,Uganda,PMO - US,From RDC,N/A - From RDC,Air,03-02-10,N/A - From RDC,26-May-10,12-Apr-10,12-Apr-10,ARV,Adult,SCMS from RDC,"Efavirenz 600mg, tablets, 30 Tabs",Efavirenz,Generic,600mg,Tablet,30,"2,000",10260.00,5.13,0.17,Mylan (formerly Matrix) Nashik,TRUE,563,"$1,524.56 ",22.12
"85,722",117-ET-T30,FPQ-6428,SO-37620,DN-2050,Ethiopia,PMO - US,From RDC,N/A - From RDC,Air,9/24/2010,N/A - From RDC,19-Nov-10,08-Nov-10,08-Nov-10,ARV,Adult,SCMS from RDC,"Zidovudine 300mg, tablets, 60 Tabs",Zidovudine,Generic,300mg,Tablet,60,500,3605.00,7.21,0.12,"Aurobindo Unit III, India",FALSE,See DN-2050 (ID#:82926),null,7.77
"82,880",151-NG-T30,FPQ-4537,SO-35110,DN-1777,Nigeria,PMO - US,From RDC,N/A - From RDC,Air Charter,11-06-09,N/A - From RDC,31-Mar-10,18-May-10,18-May-10,ARV,Adult,SCMS from RDC,"Lamivudine/Zidovudine+Efavirenz 150/300mg+600mg, tablets, co-blister 60+30 Tabs",Lamivudine/Zidovudine+Efavirenz,Generic,150/300mg+600mg,Tablet - FDC + co-blister,90,854,23485.00,27.5,0.31,"Aurobindo Unit III, India",TRUE,142,"$9,736.10 ",50.63
"82,881",151-NG-T30,FPQ-4537,SO-36001,DN-1785,Nigeria,PMO - US,From RDC,N/A - From RDC,Air Charter,11-06-09,N/A - From RDC,31-May-10,18-May-10,18-May-10,ARV,Adult,SCMS from RDC,"Efavirenz 600mg, tablets, 30 Tabs",Efavirenz,Generic,600mg,Tablet,30,"14,600",69350.00,4.75,0.16,"Aurobindo Unit III, India",TRUE,1288,"$9,736.10 ",149.52
"82,882",114-UG-T30,FPQ-5238,SO-36060,DN-1818,Uganda,PMO - US,From RDC,N/A - From RDC,Air,03-02-10,N/A - From RDC,02-Jun-10,03-May-10,03-May-10,ARV,Adult,SCMS from RDC,"Lamivudine/Zidovudine 150/300mg, tablets, 60 Tabs",Lamivudine/Zidovudine,Generic,150/300mg,Tablet - FDC,60,"4,000",35040.00,8.76,0.15,Hetero Unit III Hyderabad IN,TRUE,263,"$2,458.26 ",75.55
"82,883",151-NG-T30,FPQ-4537,SO-36005,DN-1823,Nigeria,PMO - US,From RDC,N/A - From RDC,Air Charter,11-06-09,N/A - From RDC,31-May-10,18-May-10,18-May-10,ARV,Adult,SCMS from RDC,"Lamivudine/Zidovudine 150/300mg, tablets, 60 Tabs",Lamivudine/Zidovudine,Generic,150/300mg,Tablet - FDC,60,"1,227",10748.52,8.76,0.15,Hetero Unit III Hyderabad IN,TRUE,107,"$9,736.10 ",23.17
"82,884",104-CI-T30,FPQ-4659,SO-35600,DN-1825,Côte d'Ivoire,PMO - US,From RDC,N/A - From RDC,Air,12-08-09,N/A - From RDC,31-May-10,20-May-10,20-May-10,ARV,Adult,SCMS from RDC,"Emtricitabine/Tenofovir Disoproxil Fumarate 200/300mg [Truvada], tablets, 30 Tabs",Emtricitabine/Tenofovir Disoproxil Fumarate,Truvada,300/200mg,Tablet - FDC,30,"3,120",81900.00,26.25,0.88,"Aspen-OSD, Port Elizabeth, SA",TRUE,798,"$2,941.11 ",176.58
"82,885",151-NG-T30,FPQ-4537,SO-35053,DN-1826,Nigeria,PMO - US,From RDC,N/A - From RDC,Air Charter,11-06-09,N/A - From RDC,31-May-10,18-May-10,18-May-10,ARV,Adult,SCMS from RDC,"Lamivudine/Zidovudine 150/300mg, tablets, 60 Tabs",Lamivudine/Zidovudine,Generic,150/300mg,Tablet - FDC,60,"54,096",473880.96,8.76,0.15,Hetero Unit III Hyderabad IN,TRUE,4660,"$9,736.10 ","1,021.69"
"82,886",104-CI-T30,FPQ-4378,SO-34413,DN-1836,Côte d'Ivoire,PMO - US,From RDC,N/A - From RDC,Air,10/15/2009,N/A - From RDC,31-May-10,25-May-10,25-May-10,ARV,Pediatric,SCMS from RDC,"Nevirapine 10mg/ml, oral suspension, Bottle, 240 ml",Nevirapine,Generic,10mg/ml,Oral suspension,240,"1,417",2593.11,1.83,0.01,"Aurobindo Unit III, India",TRUE,538,"$2,195.90 ",5.08
"82,887",105-GY-T30,FPQ-5599,SO-36700,DN-1838,Guyana,PMO - US,From RDC,N/A - From RDC,Air,4/28/2010,N/A - From RDC,07-Jun-10,27-May-10,27-May-10,ARV,Adult,SCMS from RDC,"Efavirenz 600mg, tablets, 30 Tabs",Efavirenz,Generic,600mg,Tablet,30,"3,604",17119.00,4.75,0.16,"Aurobindo Unit III, India",TRUE,499,"$5,783.60 ",36.91
"82,888",117-ET-T30,FPQ-5624,SO-36710,DN-1843,Ethiopia,PMO - US,From RDC,N/A - From RDC,Air,05-04-10,N/A - From RDC,15-Jun-10,01-Jun-10,01-Jun-10,ARV,Adult,SCMS from RDC,"Abacavir 300mg, tablets, 60 Tabs",Abacavir,Generic,300mg,Tablet,60,"4,000",68560.00,17.14,0.29,"Aurobindo Unit III, India",TRUE,400,$961.46 ,147.82
"82,889",106-HT-T30,FPQ-5523,SO-36740,DN-1847,Haiti,PMO - US,From RDC,N/A - From RDC,Air,4/19/2010,N/A - From RDC,30-Jun-10,09-Jun-10,09-Jun-10,ARV,Pediatric,SCMS from RDC,"Abacavir 20mg/ml, oral solution, Bottle, 240 ml",Abacavir,Generic,20mg/ml,Oral solution,240,480,6528.00,13.6,0.06,"Aurobindo Unit III, India",TRUE,390,"$6,438.38 ",14.07
"82,890",106-HT-T30,FPQ-5523,SO-36801,DN-1854,Haiti,PMO - US,From RDC,N/A - From RDC,Air,4/19/2010,N/A - From RDC,30-Jun-10,30-Jun-10,30-Jun-10,ARV,Adult,SCMS from RDC,"Efavirenz 600mg, tablets, 30 Tabs",Efavirenz,Generic,600mg,Tablet,30,"43,512",206682.00,4.75,0.16,Mylan (formerly Matrix) Nashik,TRUE,3609,"$32,479.84 ",445.61
"82,891",114-UG-T30,FPQ-5239,SO-36130,DN-1856,Uganda,PMO - US,From RDC,N/A - From RDC,Air,03-02-10,N/A - From RDC,30-Jun-10,22-Jun-10,22-Jun-10,ARV,Adult,SCMS from RDC,"Lamivudine/Nevirapine/Zidovudine 150/200/300mg, tablets, 60 Tabs",Lamivudine/Nevirapine/Zidovudine,Generic,150/300/200mg,Tablet - FDC,60,"5,000",56000.00,11.2,0.19,Mylan (formerly Matrix) Nashik,TRUE,690,"$5,410.32 ",120.74
"82,892",117-ET-T30,FPQ-5581,SO-36690,DN-1857,Ethiopia,PMO - US,From RDC,N/A - From RDC,Air,4/28/2010,N/A - From RDC,21-Jun-10,01-Jun-10,01-Jun-10,ARV,Adult,SCMS from RDC,"Lamivudine 150mg, tablets, 60 Tabs",Lamivudine,Generic,150mg,Tablet,60,69,168.36,2.44,0.04,"Aurobindo Unit III, India",TRUE,77,$961.46 ,0.36
"82,893",104-CI-T30,FPQ-4378,SO-34430,DN-1861,Côte d'Ivoire,PMO - US,From RDC,N/A - From RDC,Air,10/15/2009,N/A - From RDC,28-Jun-10,16-Jun-10,16-Jun-10,ARV,Adult,SCMS from RDC,"Lamivudine/Nevirapine/Zidovudine 150/200/300mg, tablets, 60 Tabs",Lamivudine/Nevirapine/Zidovudine,Generic,150/300/200mg,Tablet - FDC,60,"80,010",897712.20,11.22,0.19,"Aurobindo Unit III, India",TRUE,9402,"$33,266.37 ","1,759.52"
"84,601",111-MZ-T30,FPQ-6426,SO-37590,DN-2051,Mozambique,PMO - US,From RDC,N/A - From RDC,Truck,9/23/2010,N/A - From RDC,20-Dec-10,23-Dec-10,23-Dec-10,ARV,Adult,SCMS from RDC,"Efavirenz 600mg, tablets, 30 Tabs",Efavirenz,Generic,600mg,Tablet,30,"30,000",130200.00,4.34,0.14,Mylan (formerly Matrix) Nashik,FALSE,See DN-2051 (ID#:82359),null,280.71
"82,895",104-CI-T30,FPQ-5201,SO-36342,DN-1887,Côte d'Ivoire,PMO - US,From RDC,N/A - From RDC,Air,03-03-10,N/A - From RDC,12-Jul-10,05-Jul-10,05-Jul-10,ARV,Pediatric,SCMS from RDC,"Lamivudine 10mg/ml, oral solution, Bottle, 240 ml",Lamivudine,Generic,10mg/ml,Oral solution,240,"4,340",8246.00,1.9,0.01,"Cipla, Goa, India",TRUE,1632,"$5,121.68 ",17.78
"82,896",104-CI-T30,FPQ-5201,SO-36360,DN-1879,Côte d'Ivoire,PMO - US,From RDC,N/A - From RDC,Air,03-03-10,N/A - From RDC,09-Jul-10,05-Jul-10,05-Jul-10,ARV,Adult,SCMS from RDC,"Nevirapine 200mg, tablets, 60 Tabs",Nevirapine,Generic,200mg,Tablet,60,"12,000",32760.00,2.73,0.05,"Strides, Bangalore, India.",TRUE,733,"$5,121.68 ",70.63
"84,602",111-MZ-T30,FPQ-6426,SO-37590,DN-2051,Mozambique,PMO - US,From RDC,N/A - From RDC,Truck,9/23/2010,N/A - From RDC,20-Dec-10,23-Dec-10,23-Dec-10,ARV,Adult,SCMS from RDC,"Lamivudine/Nevirapine/Stavudine 150/200/30mg, tablets, 60 Tabs",Lamivudine/Nevirapine/Stavudine,Generic,150/200/30mg,Tablet - FDC,60,"30,000",162900.00,5.43,0.09,"Cipla, Goa, India",FALSE,See DN-2051 (ID#:82359),null,351.21
"86,351",110-ZM-T30,FPQ-5702,SO-36851,DN-2053,Zambia,PMO - US,From RDC,N/A - From RDC,Truck,5/20/2010,N/A - From RDC,26-Nov-10,03-Dec-10,03-Dec-10,ARV,Adult,SCMS from RDC,"Efavirenz 600mg, tablets, 30 Tabs",Efavirenz,Generic,600mg,Tablet,30,"170,000",768400.00,4.52,0.15,Mylan (formerly Matrix) Nashik,FALSE,See DN-2053 (ID#:85164),null,"1,656.67"
"86,352",110-ZM-T30,FPQ-5702,SO-36851,DN-2053,Zambia,PMO - US,From RDC,N/A - From RDC,Truck,5/20/2010,N/A - From RDC,26-Nov-10,03-Dec-10,03-Dec-10,ARV,Adult,SCMS from RDC,"Emtricitabine/Tenofovir Disoproxil Fumarate 200/300mg, tablets, 30 Tabs",Emtricitabine/Tenofovir Disoproxil Fumarate,Generic,200/300mg,Tablet - FDC,30,"59,446",698490.50,11.75,0.39,Mylan (formerly Matrix) Nashik,FALSE,See DN-2053 (ID#:85164),null,"1,505.95"
"84,052",110-ZM-T30,FPQ-6221,SO-37320,DN-2054,Zambia,PMO - US,From RDC,N/A - From RDC,Truck,8/20/2010,N/A - From RDC,31-Dec-10,25-Nov-10,25-Nov-10,ARV,Adult,SCMS from RDC,"Lamivudine/Nevirapine/Stavudine 150/200/30mg, tablets, 60 Tabs",Lamivudine/Nevirapine/Stavudine,Generic,150/200/30mg,Tablet - FDC,60,"36,562",198531.66,5.43,0.09,"Cipla, Goa, India",FALSE,See DN-2054 (ID#:83465),null,428.03
"84,603",110-ZM-T30,FPQ-6221,SO-37320,DN-2054,Zambia,PMO - US,From RDC,N/A - From RDC,Truck,8/20/2010,N/A - From RDC,31-Dec-10,25-Nov-10,25-Nov-10,ARV,Adult,SCMS from RDC,"Lamivudine/Nevirapine/Stavudine 150/200/30mg, tablets, 60 Tabs",Lamivudine/Nevirapine/Stavudine,Generic,150/200/30mg,Tablet - FDC,60,"3,653",19835.79,5.43,0.09,"Cipla, Goa, India",FALSE,See DN-2054 (ID#:83465),null,42.77
"85,723",110-ZM-T30,FPQ-6221,SO-37320,DN-2054,Zambia,PMO - US,From RDC,N/A - From RDC,Truck,8/20/2010,N/A - From RDC,31-Dec-10,25-Nov-10,25-Nov-10,ARV,Adult,SCMS from RDC,"Lamivudine/Zidovudine 150/300mg, tablets, 60 Tabs",Lamivudine/Zidovudine,Generic,150/300mg,Tablet - FDC,60,"75,000",641250.00,8.55,0.14,"Aurobindo Unit III, India",FALSE,See DN-2054 (ID#:83465),null,"1,382.54"
"86,353",102-UG-T30,FPQ-6403,SO-37470,DN-2056,Uganda,PMO - US,From RDC,N/A - From RDC,Air,9/16/2010,N/A - From RDC,02-Dec-10,29-Nov-10,29-Nov-10,ARV,Adult,SCMS from RDC,"Nevirapine 200mg, tablets, 60 Tabs",Nevirapine,Generic,200mg,Tablet,60,"10,685",28422.10,2.66,0.04,Hetero Unit III Hyderabad IN,FALSE,See DN-2056 (ID#:84604),null,61.28
"84,606",106-HT-T30,FPQ-5523,SO-36730,DN-2059,Haiti,PMO - US,From RDC,N/A - From RDC,Air,4/19/2010,N/A - From RDC,26-Nov-10,15-Dec-10,15-Dec-10,ARV,Adult,SCMS from RDC,"Nevirapine 200mg, tablets, 60 Tabs",Nevirapine,Generic,200mg,Tablet,60,"53,200",141512.00,2.66,0.04,"Strides, Bangalore, India.",FALSE,See DN-2059 (ID#:84053),null,305.1
"84,607",106-HT-T30,FPQ-5523,SO-36730,DN-2059,Haiti,PMO - US,From RDC,N/A - From RDC,Air,4/19/2010,N/A - From RDC,26-Nov-10,15-Dec-10,15-Dec-10,ARV,Pediatric,SCMS from RDC,"Efavirenz 50mg, capsule, 30 Caps",Efavirenz,Generic,50mg,Capsule,30,"1,778",3982.72,2.24,0.07,"Aurobindo Unit III, India",FALSE,See DN-2059 (ID#:84053),null,8.59
"82,906",113-ZW-T30,FPQ-4694,SO-35351,DN-1948,Zimbabwe,PMO - US,From RDC,N/A - From RDC,Air,12-08-09,N/A - From RDC,30-Jul-10,22-Jul-10,22-Jul-10,ARV,Adult,SCMS from RDC,"Lamivudine/Nevirapine/Stavudine 150/200/30mg, tablets, 60 Tabs",Lamivudine/Nevirapine/Stavudine,Generic,150/200/30mg,Tablet - FDC,60,"60,000",343800.00,5.73,0.1,"Cipla, Goa, India",TRUE,7268,"$13,243.91 ",741.23
"82,907",117-ET-T30,FPQ-5967,SO-37102,DN-1952,Ethiopia,PMO - US,From RDC,N/A - From RDC,Air,6/28/2010,N/A - From RDC,21-Sep-10,14-Jul-10,14-Jul-10,ARV,Adult,SCMS from RDC,"Lamivudine/Nevirapine/Stavudine 150/200/30mg, tablets, 60 Tabs",Lamivudine/Nevirapine/Stavudine,Generic,150/200/30mg,Tablet - FDC,60,561,3214.53,5.73,0.1,"Cipla, Goa, India",TRUE,341,$114.22 ,6.93
"82,908",106-HT-T30,FPQ-5523,SO-36760,DN-1964,Haiti,PMO - US,From RDC,N/A - From RDC,Air,4/19/2010,N/A - From RDC,10-Aug-10,23-Aug-10,23-Aug-10,ARV,Adult,SCMS from RDC,"Efavirenz 600mg, tablets, 30 Tabs",Efavirenz,Generic,600mg,Tablet,30,"39,312",174938.40,4.45,0.15,"Strides, Bangalore, India.",TRUE,7225,"$69,748.50 ",377.17
"84,054",104-CI-T30,FPQ-5623,SO-36870,DN-2060,Côte d'Ivoire,PMO - US,From RDC,N/A - From RDC,Air,05-07-10,N/A - From RDC,30-Nov-10,22-Dec-10,22-Dec-10,ARV,Adult,SCMS from RDC,"Nevirapine 200mg, tablets, 60 Tabs",Nevirapine,Generic,200mg,Tablet,60,"19,767",52580.22,2.66,0.04,Hetero Unit III Hyderabad IN,FALSE,See DN-2060 (ID#:82927),null,113.36
"82,910",104-CI-T30,FPQ-5201,SO-36311,DN-1982,Côte d'Ivoire,PMO - US,From RDC,N/A - From RDC,Air,03-03-10,N/A - From RDC,23-Aug-10,23-Aug-10,23-Aug-10,ARV,Adult,SCMS from RDC,"Emtricitabine/Tenofovir Disoproxil Fumarate 200/300mg [Truvada], tablets, 30 Tabs",Emtricitabine/Tenofovir Disoproxil Fumarate,Truvada,300/200mg,Tablet - FDC,30,"2,000",52500.00,26.25,0.88,"Aspen-OSD, Port Elizabeth, SA",TRUE,6991,"$12,648.36 ",113.19
"82,911",100-DO-T30,FPQ-6079,SO-37200,DN-1985,Dominican Republic,PMO - US,From RDC,N/A - From RDC,Air,7/16/2010,N/A - From RDC,30-Aug-10,28-Aug-10,28-Aug-10,ARV,Adult,SCMS from RDC,"Lamivudine/Tenofovir Disoproxil Fumarate 300/300mg, tablets, 30 Tabs",Lamivudine/Tenofovir Disoproxil Fumarate,Generic,300/300mg,Tablet - FDC,30,"6,000",57780.00,9.63,0.32,Mylan (formerly Matrix) Nashik,TRUE,1726,"$17,450.76 ",124.57
"82,912",114-UG-T30,FPQ-5451,SO-36831,DN-1988,Uganda,PMO - US,From RDC,N/A - From RDC,Air,05-07-10,N/A - From RDC,30-Aug-10,23-Aug-10,23-Aug-10,ARV,Adult,SCMS from RDC,"Lamivudine/Nevirapine/Zidovudine 150/200/300mg, tablets, 60 Tabs",Lamivudine/Nevirapine/Zidovudine,Generic,150/300/200mg,Tablet - FDC,60,"16,347",183413.34,11.22,0.19,Mylan (formerly Matrix) Nashik,TRUE,2098,"$10,620 ",395.44
"82,914",102-UG-T30,FPQ-6202,SO-37250,DN-1997,Uganda,PMO - US,From RDC,N/A - From RDC,Air,08-06-10,N/A - From RDC,29-Oct-10,27-Sep-10,27-Sep-10,ARV,Adult,SCMS from RDC,"Efavirenz 600mg, tablets, 30 Tabs",Efavirenz,Generic,600mg,Tablet,30,"60,342",268521.90,4.45,0.15,"Strides, Bangalore, India.",TRUE,20269,"$132,890.27 ",578.93
"82,915",110-ZM-T30,FPQ-5702,SO-37380,DN-2010,Zambia,PMO - US,From RDC,N/A - From RDC,Truck,5/20/2010,N/A - From RDC,04-Nov-10,09-Sep-10,09-Sep-10,ARV,Adult,SCMS from RDC,"Lamivudine/Stavudine 150/30mg, tablets, 60 Tabs",Lamivudine/Stavudine,Generic,150/30mg,Tablet - FDC,60,"9,100",29848.00,3.28,0.05,"Cipla, Goa, India",TRUE,693,"$2,997.97 ",64.35
"84,608",104-CI-T30,FPQ-5925,SO-37740,DN-2064,Côte d'Ivoire,PMO - US,From RDC,N/A - From RDC,Air,6/23/2010,N/A - From RDC,30-Nov-10,09-Dec-10,09-Dec-10,ARV,Adult,SCMS from RDC,"Abacavir 300mg, tablets, 60 Tabs",Abacavir,Generic,300mg,Tablet,60,600,9864.00,16.44,0.27,"Aurobindo Unit III, India",FALSE,See DN-2064 (ID#:83469),null,21.27
"82,917",106-HT-T30,FPQ-5523,SO-36741,DN-2015,Haiti,PMO - US,From RDC,N/A - From RDC,Air,4/19/2010,N/A - From RDC,30-Sep-10,07-Oct-10,07-Oct-10,ARV,Pediatric,SCMS from RDC,"Didanosine 200mg, chewable/dispersible tablets, 60 Tabs",Didanosine,Generic,200mg,Chewable/dispersible tablet,60,192,2976.00,15.5,0.26,"Aurobindo Unit III, India",TRUE,8085,"$78,061.30 ",6.42
"82,918",105-GY-T30,FPQ-6307,SO-37400,DN-2017,Guyana,PMO - US,From RDC,N/A - From RDC,Air,8/30/2010,N/A - From RDC,23-Nov-10,19-Sep-10,19-Sep-10,ARV,Pediatric,SCMS from RDC,"Efavirenz 50mg, capsule, 30 Caps",Efavirenz,Generic,50mg,Capsule,30,230,515.20,2.24,0.07,"Aurobindo Unit III, India",TRUE,411,"$3,380.86 ",1.11
"82,919",113-ZW-T30,FPQ-4694,SO-35380,DN-2019,Zimbabwe,PMO - US,From RDC,N/A - From RDC,Truck,12-08-09,N/A - From RDC,30-Sep-10,04-Oct-10,04-Oct-10,ARV,Adult,SCMS from RDC,"Lamivudine/Stavudine 150/30mg, tablets, 60 Tabs",Lamivudine/Stavudine,Generic,150/30mg,Tablet - FDC,60,"5,900",19352.00,3.28,0.05,"Cipla, Goa, India",TRUE,18105,"$16,594.87 ",41.72
"82,920",109-TZ-T30,FPQ-6226,SO-37310,DN-2024,Tanzania,PMO - US,From RDC,N/A - From RDC,Truck,8/16/2010,N/A - From RDC,29-Oct-10,29-Oct-10,29-Oct-10,ARV,Adult,SCMS from RDC,"Efavirenz 600mg, tablets, 30 Tabs",Efavirenz,Generic,600mg,Tablet,30,"90,000",400500.00,4.45,0.15,Mylan (formerly Matrix) Nashik,TRUE,7397,"$28,022.17 ",863.48
"82,921",110-ZM-T30,FPQ-5702,SO-36842,DN-2032,Zambia,PMO - US,From RDC,N/A - From RDC,Truck,5/20/2010,N/A - From RDC,04-Nov-10,08-Nov-10,08-Nov-10,ARV,Adult,SCMS from RDC,"Lamivudine 150mg, tablets, 60 Tabs",Lamivudine,Generic,150mg,Tablet,60,"32,920",76703.60,2.33,0.04,Hetero Unit III Hyderabad IN,TRUE,18057,"$16,868.38 ",165.37
"82,922",104-CI-T30,FPQ-5925,SO-37120,DN-2033,Côte d'Ivoire,PMO - US,From RDC,N/A - From RDC,Truck,6/23/2010,N/A - From RDC,28-Oct-10,23-Nov-10,23-Nov-10,ARV,Adult,SCMS from RDC,"Emtricitabine/Tenofovir Disoproxil Fumarate 200/300mg, tablets, 30 Tabs",Emtricitabine/Tenofovir Disoproxil Fumarate,Generic,200/300mg,Tablet - FDC,30,"8,640",97977.60,11.34,0.38,Mylan (formerly Matrix) Nashik,TRUE,11468,"$7,816.45 ",211.24
"82,923",151-NG-T30,FPQ-5688,SO-36921,DN-2042,Nigeria,PMO - US,From RDC,N/A - From RDC,Air Charter,5/27/2010,N/A - From RDC,18-Nov-10,10-Nov-10,10-Nov-10,ARV,Adult,SCMS from RDC,"Efavirenz/Emtricitabine/Tenofovir Disoproxil Fumarate 600/200/300mg, tablets, 30 Tabs",Efavirenz/Emtricitabine/Tenofovir Disoproxil Fumarate,Generic,600/200/300mg,Tablet - FDC,30,"20,000",398400.00,19.92,0.66,Mylan (formerly Matrix) Nashik,TRUE,2181,"$20,264.93 ",858.95
"82,924",151-NG-T30,FPQ-5688,SO-36922,DN-2043,Nigeria,PMO - US,From RDC,N/A - From RDC,Air Charter,5/27/2010,N/A - From RDC,18-Nov-10,10-Nov-10,10-Nov-10,ARV,Adult,SCMS from RDC,"Efavirenz/Emtricitabine/Tenofovir Disoproxil Fumarate 600/200/300mg, tablets, 30 Tabs",Efavirenz/Emtricitabine/Tenofovir Disoproxil Fumarate,Generic,600/200/300mg,Tablet - FDC,30,"1,000",19920.00,19.92,0.66,Mylan (formerly Matrix) Nashik,TRUE,101,"$20,264.93 ",42.95
"82,925",151-NG-T30,FPQ-5688,SO-37920,DN-2047,Nigeria,PMO - US,From RDC,N/A - From RDC,Air Charter,5/27/2010,N/A - From RDC,18-Nov-10,09-Nov-10,09-Nov-10,ARV,Adult,SCMS from RDC,"Nevirapine 200mg, tablets, 60 Tabs",Nevirapine,Generic,200mg,Tablet,60,"87,071",224643.18,2.58,0.04,Hetero Unit III Hyderabad IN,TRUE,6291,"$20,265 ",484.33
"82,926",117-ET-T30,FPQ-6428,SO-37620,DN-2050,Ethiopia,PMO - US,From RDC,N/A - From RDC,Air,9/24/2010,N/A - From RDC,19-Nov-10,08-Nov-10,08-Nov-10,ARV,Adult,SCMS from RDC,"Abacavir 300mg, tablets, 60 Tabs",Abacavir,Generic,300mg,Tablet,60,"3,000",49320.00,16.44,0.27,Mylan (formerly Matrix) Nashik,TRUE,342,"$1,419.84 ",106.33
"82,927",104-CI-T30,FPQ-5623,SO-36870,DN-2060,Côte d'Ivoire,PMO - US,From RDC,N/A - From RDC,Air,05-07-10,N/A - From RDC,30-Nov-10,22-Dec-10,22-Dec-10,ARV,Adult,SCMS from RDC,"Nevirapine 200mg, tablets, 60 Tabs",Nevirapine,Generic,200mg,Tablet,60,233,619.78,2.66,0.04,"Strides, Bangalore, India.",TRUE,1161,"$7,826.75 ",1.34
"82,928",114-UG-T30,FPQ-6427,SO-37570,DN-2067,Uganda,PMO - US,From RDC,N/A - From RDC,Truck,9/29/2010,N/A - From RDC,27-Dec-10,02-Dec-10,02-Dec-10,ARV,Adult,SCMS from RDC,"Lamivudine/Zidovudine 150/300mg, tablets, 60 Tabs",Lamivudine/Zidovudine,Generic,150/300mg,Tablet - FDC,60,"62,753",536538.15,8.55,0.14,Hetero Unit III Hyderabad IN,TRUE,5090,"$35,284.86 ","1,156.78"
"82,929",117-ET-T30,FPQ-5991,SO-37160,DN-2074,Ethiopia,PMO - US,From RDC,N/A - From RDC,Air,07-02-10,N/A - From RDC,08-Dec-10,09-Dec-10,09-Dec-10,ARV,Adult,SCMS from RDC,"Lopinavir/Ritonavir 200/50mg, tablets, 120 Tabs",Lopinavir/Ritonavir,Generic,200/50mg,Tablet,120,"3,900",140400.00,36,0.3,"Aurobindo Unit III, India",TRUE,950,"$1,842.95 ",302.7
"84,609",104-CI-T30,FPQ-5925,SO-37740,DN-2064,Côte d'Ivoire,PMO - US,From RDC,N/A - From RDC,Air,6/23/2010,N/A - From RDC,30-Nov-10,09-Dec-10,09-Dec-10,ARV,Pediatric,SCMS from RDC,"Stavudine 1mg/ml, powder for oral solution w/syringe, 200 ml",Stavudine,Generic,1mg/ml,Powder for oral solution,200,"6,551",8778.34,1.34,0.01,"Aurobindo Unit III, India",FALSE,See DN-2064 (ID#:83469),null,18.93
"85,165",104-CI-T30,FPQ-5925,SO-37740,DN-2064,Côte d'Ivoire,PMO - US,From RDC,N/A - From RDC,Air,6/23/2010,N/A - From RDC,30-Nov-10,09-Dec-10,09-Dec-10,ARV,Pediatric,SCMS from RDC,"Zidovudine 10mg/ml, oral solution, Bottle, 240 ml",Zidovudine,Generic,10mg/ml,Oral solution,240,551,1113.02,2.02,0.01,"Aurobindo Unit III, India",FALSE,See DN-2064 (ID#:83469),null,2.4
"82,933",104-CI-T30,FPQ-6144,SO-38380,DN-2106,Côte d'Ivoire,PMO - US,From RDC,N/A - From RDC,Air,08-03-10,N/A - From RDC,31-Jan-11,22-Feb-11,22-Feb-11,ARV,Adult,SCMS from RDC,"Tenofovir Disoproxil Fumarate 300mg, tablets, 30 Tabs",Tenofovir Disoproxil Fumarate,Generic,300mg,Tablet,30,"4,480",29433.60,6.57,0.22,"Aurobindo Unit III, India",TRUE,3629,"$8,758.37 ",63.46
"82,934",104-CI-T30,FPQ-5925,SO-38470,DN-2107,Côte d'Ivoire,PMO - US,From RDC,N/A - From RDC,Air,6/23/2010,N/A - From RDC,16-Feb-11,22-Feb-11,22-Feb-11,ARV,Adult,SCMS from RDC,"Zidovudine 300mg, tablets, 60 Tabs",Zidovudine,Generic,300mg,Tablet,60,"12,240",88250.40,7.21,0.12,"Aurobindo Unit III, India",TRUE,671,"$8,758.36 ",190.27
"85,724",104-CI-T30,FPQ-5925,SO-37740,DN-2064,Côte d'Ivoire,PMO - US,From RDC,N/A - From RDC,Air,6/23/2010,N/A - From RDC,30-Nov-10,09-Dec-10,09-Dec-10,ARV,Adult,SCMS from RDC,"Stavudine 20mg, capsules, 60 Caps",Stavudine,Generic,20mg,Capsule,60,"1,013",1448.59,1.43,0.02,"Aurobindo Unit III, India",FALSE,See DN-2064 (ID#:83469),null,3.12
"82,936",114-UG-T30,FPQ-6427,SO-37540,DN-2109,Uganda,PMO - US,From RDC,N/A - From RDC,Truck,9/29/2010,N/A - From RDC,22-Feb-11,28-Feb-11,28-Feb-11,ARV,Adult,SCMS from RDC,"Efavirenz 600mg, tablets, 30 Tabs",Efavirenz,Generic,600mg,Tablet,30,"52,231",226682.54,4.34,0.14,Hetero Unit III Hyderabad IN,TRUE,4447,"$17,711.71 ",488.73
"82,937",106-HT-T30,FPQ-6484,SO-38120,DN-2113,Haiti,PMO - US,From RDC,N/A - From RDC,Air,10/13/2010,N/A - From RDC,28-Feb-11,14-Feb-11,14-Feb-11,ARV,Pediatric,SCMS from RDC,"Nevirapine 10mg/ml, oral suspension w/syringe, Bottle, 240 ml",Nevirapine,Generic,10mg/ml,Oral suspension,240,"1,000",1950.00,1.95,0.01,"Aurobindo Unit III, India",TRUE,830,"$6,555.75 ",4.2
"82,938",111-MZ-T30,FPQ-6981,SO-38370,DN-2119,Mozambique,PMO - US,From RDC,N/A - From RDC,Truck,01-06-11,N/A - From RDC,31-Mar-11,30-Mar-11,30-Mar-11,ARV,Pediatric,SCMS from RDC,"Zidovudine 10mg/ml, oral solution w/syringe, Bottle, 240 ml",Zidovudine,Generic,10mg/ml,Oral solution,240,"2,823",5928.30,2.1,0.01,"Aurobindo Unit III, India",TRUE,1098,"$3,567.53 ",9.78
"82,941",110-ZM-T30,FPQ-6221,SO-37950,DN-2125,Zambia,PMO - US,From RDC,N/A - From RDC,Truck,8/20/2010,N/A - From RDC,31-Mar-11,05-Apr-11,05-Apr-11,ARV,Adult,SCMS from RDC,"Lamivudine/Zidovudine 150/300mg, tablets, 60 Tabs",Lamivudine/Zidovudine,Generic,150/300mg,Tablet - FDC,60,"25,000",213750.00,8.55,0.14,"Aurobindo Unit III, India",TRUE,2565,"$4,471.07 ",460.84
"82,942",113-ZW-T30,FPQ-6470,SO-37810,DN-2126,Zimbabwe,PMO - US,From RDC,N/A - From RDC,Truck,10/13/2010,N/A - From RDC,31-Mar-11,17-Mar-11,17-Mar-11,ARV,Adult,SCMS from RDC,"Nevirapine 200mg, tablets, 60 Tabs",Nevirapine,Generic,200mg,Tablet,60,"91,970",230844.70,2.51,0.04,Hetero Unit III Hyderabad IN,TRUE,5357,"$7,765.18 ",497.7
"82,943",107-RW-T30,FPQ-7304,SO-38930,DN-2141,Rwanda,PMO - US,From RDC,N/A - From RDC,Air,2/28/2011,N/A - From RDC,18-Mar-11,13-Mar-11,13-Mar-11,ARV,Pediatric,SCMS from RDC,"Abacavir 20mg/ml, oral solution w/syringe, Bottle, 240 ml",Abacavir,Generic,20mg/ml,Oral solution,240,"1,965",26920.50,13.7,0.06,"Aurobindo Unit III, India",TRUE,724,"$4,520.04 ",44.42
"85,725",104-CI-T30,FPQ-5925,SO-37740,DN-2064,Côte d'Ivoire,PMO - US,From RDC,N/A - From RDC,Air,6/23/2010,N/A - From RDC,30-Nov-10,09-Dec-10,09-Dec-10,ARV,Pediatric,SCMS from RDC,"Nevirapine 10mg/ml, oral suspension w/syringe, Bottle, 240 ml",Nevirapine,Generic,10mg/ml,Oral suspension,240,"4,200",8190.00,1.95,0.01,"Aurobindo Unit III, India",FALSE,See DN-2064 (ID#:83469),null,17.66
"82,945",151-NG-T30,FPQ-6800,SO-39240,DN-2174,Nigeria,PMO - US,From RDC,N/A - From RDC,Air Charter,12-07-10,N/A - From RDC,21-Jun-11,11-May-11,11-May-11,ARV,Adult,SCMS from RDC,"Tenofovir Disoproxil Fumarate 300mg, tablets, 30 Tabs",Tenofovir Disoproxil Fumarate,Generic,300mg,Tablet,30,844,5545.08,6.57,0.22,"Aurobindo Unit III, India",TRUE,76,"$12,601.07 ",9.15
"82,946",200-ZW-T30,FPQ-6483,SO-39280,DN-2179,Zimbabwe,PMO - US,From RDC,N/A - From RDC,Truck,10/13/2010,N/A - From RDC,04-Apr-11,20-May-11,20-May-11,ARV,Pediatric,SCMS from RDC,"Lamivudine/Stavudine 30/6mg, dispersible tablets, 60 Tabs",Lamivudine/Stavudine,Generic,30/6mg,Chewable/dispersible tablet - FDC,60,"3,453",6560.70,1.9,0.03,"Cipla, Goa, India",TRUE,687,"$3,403.99 ",14.14
"82,947",117-ET-T30,FPQ-7000,SO-38410,DN-2200,Ethiopia,PMO - US,From RDC,N/A - From RDC,Air,01-07-11,N/A - From RDC,10-May-11,18-May-11,18-May-11,ARV,Adult,SCMS from RDC,"Didanosine 250mg, delayed-release capsules, 30 Caps",Didanosine,Generic,250mg,Delayed-release capsules,30,"6,872",89336.00,13,0.43,"Aurobindo Unit III, India",TRUE,577,"$2,143.50 ",147.4
"85,726",200-DO-T30,FPQ-6616,SO-38020,DN-2065,Dominican Republic,PMO - US,From RDC,N/A - From RDC,Air,10/25/2010,N/A - From RDC,31-Jan-11,08-Dec-10,08-Dec-10,ARV,Adult,SCMS from RDC,"Stavudine 30mg, capsules, 60 Caps",Stavudine,Generic,30mg,Capsule,60,"1,207",1689.80,1.4,0.02,"Aurobindo Unit III, India",FALSE,See DN-2065 (ID#:82360),null,2.79
"82,949",200-ZW-T30,FPQ-6483,SO-37880,DN-2203,Zimbabwe,PMO - US,From RDC,N/A - From RDC,Truck,10/13/2010,N/A - From RDC,31-May-11,13-Jun-11,13-Jun-11,ARV,Pediatric,SCMS from RDC,"Lamivudine/Zidovudine 30/60mg, tablets, 60 Tabs",Lamivudine/Zidovudine,Generic,30/60mg,Tablet - FDC,60,"1,988",6461.00,3.25,0.05,"Aurobindo Unit III, India",TRUE,1671,"$5,346.74 ",13.93
"82,950",113-ZW-T30,FPQ-6470,SO-39510,DN-2205,Zimbabwe,PMO - US,From RDC,N/A - From RDC,Truck,10/13/2010,N/A - From RDC,31-May-11,15-Jun-11,15-Jun-11,ARV,Adult,SCMS from RDC,"Lamivudine/Nevirapine/Stavudine 150/200/30mg, tablets, 60 Tabs",Lamivudine/Nevirapine/Stavudine,Generic,150/200/30mg,Tablet - FDC,60,"19,512",104974.56,5.38,0.09,"Cipla, Goa, India",TRUE,10589,"$15,608.15 ",226.33
"82,951",151-NG-T30,FPQ-6800,SO-39370,DN-2209,Nigeria,PMO - US,From RDC,N/A - From RDC,Air Charter,12-07-10,N/A - From RDC,21-Jun-11,05-Jul-11,05-Jul-11,ARV,Adult,SCMS from RDC,"Lamivudine/Zidovudine 150/300mg, tablets, 60 Tabs",Lamivudine/Zidovudine,Generic,150/300mg,Tablet - FDC,60,"32,000",264320.00,8.26,0.14,"Aurobindo Unit III, India",TRUE,3175,"$13,398.04 ",436.13
"82,952",151-NG-T30,FPQ-7217,SO-39580,DN-2213,Nigeria,PMO - US,From RDC,N/A - From RDC,Air Charter,2/21/2011,N/A - From RDC,15-Jun-11,06-Jul-11,06-Jul-11,ARV,Adult,SCMS from RDC,"Lamivudine/Zidovudine 150/300mg, tablets, 60 Tabs",Lamivudine/Zidovudine,Generic,150/300mg,Tablet - FDC,60,"12,609",104150.34,8.26,0.14,Hetero Unit III Hyderabad IN,TRUE,4114,"$13,398.06 ",171.85
"82,953",151-NG-T30,FPQ-7217,SO-39650,DN-2221,Nigeria,PMO - US,From RDC,N/A - From RDC,Air Charter,2/21/2011,N/A - From RDC,15-Jun-11,06-Jul-11,06-Jul-11,ARV,Pediatric,SCMS from RDC,"Efavirenz 200mg, capsule, 90 Caps",Efavirenz,Generic,200mg,Capsule,90,"1,220",11821.80,9.69,0.11,"Aurobindo Unit III, India",TRUE,169,"$13,398.06 ",19.51
"82,954",100-BJ-T30,FPQ-7658,SO-39790,DN-2237,Benin,PMO - US,From RDC,N/A - From RDC,Air,5/15/2011,N/A - From RDC,13-Jun-11,09-Jun-11,09-Jun-11,ARV,Adult,SCMS from RDC,"Efavirenz 600mg, tablets, 30 Tabs",Efavirenz,Generic,600mg,Tablet,30,"72,029",303962.38,4.22,0.14,Mylan (formerly Matrix) Nashik,TRUE,7682,"$28,541.79 ",501.54
"82,955",111-MZ-T30,FPQ-7053,SO-39400,DN-2240,Mozambique,PMO - US,From RDC,N/A - From RDC,Truck,1/24/2011,N/A - From RDC,10-Aug-11,04-Aug-11,04-Aug-11,ARV,Adult,SCMS from RDC,"Nevirapine 200mg, tablets, 60 Tabs",Nevirapine,Generic,200mg,Tablet,60,"2,800",7224.00,2.58,0.04,Hetero Unit III Hyderabad IN,TRUE,161,"$5,491.01 ",11.92
"82,956",104-CI-T30,FPQ-6495,SO-39860,DN-2246,Côte d'Ivoire,PMO - US,From RDC,N/A - From RDC,Air,10-04-10,N/A - From RDC,30-Jun-11,26-Jun-11,26-Jun-11,ARV,Pediatric,SCMS from RDC,"Zidovudine 10mg/ml, oral solution w/syringe, Bottle, 240 ml",Zidovudine,Generic,10mg/ml,Oral solution,240,390,819.00,2.1,0.01,"Aurobindo Unit III, India",TRUE,140,"$2,503.33 ",1.77
"82,958",100-GH-T30,FPQ-7799,SO-39940,DN-2259,Ghana,PMO - US,From RDC,N/A - From RDC,Air,06-06-11,N/A - From RDC,04-Jul-11,15-Jul-11,15-Jul-11,ARV,Adult,SCMS from RDC,"Lamivudine/Zidovudine 150/300mg, tablets, 60 Tabs",Lamivudine/Zidovudine,Generic,150/300mg,Tablet - FDC,60,"29,998",247783.48,8.26,0.14,"Aurobindo Unit III, India",TRUE,3274,"$21,881.71 ",408.84
"82,959",106-HT-T30,FPQ-6801,SO-39910,DN-2263,Haiti,PMO - US,From RDC,N/A - From RDC,Air,12/14/2010,N/A - From RDC,19-Jul-11,28-Jun-11,28-Jun-11,ARV,Pediatric,SCMS from RDC,"Efavirenz 50mg, capsule, 30 Caps",Efavirenz,Generic,50mg,Capsule,30,"1,428",3198.72,2.24,0.07,"Aurobindo Unit III, India",TRUE,1055,"$11,490.20 ",5.28
"82,960",111-MZ-T30,FPQ-7053,SO-40060,DN-2268,Mozambique,PMO - US,From RDC,N/A - From RDC,Truck,1/24/2011,N/A - From RDC,31-Aug-11,01-Sep-11,01-Sep-11,ARV,Adult,SCMS from RDC,"Lamivudine/Nevirapine/Zidovudine 150/200/300mg, tablets, 60 Tabs",Lamivudine/Nevirapine/Zidovudine,Generic,150/300/200mg,Tablet - FDC,60,"125,202",1404766.44,11.22,0.19,Mylan (formerly Matrix) Nashik,TRUE,34813,"$14,716.83 ","2,317.86"
"82,961",151-NG-T30,FPQ-7217,SO-40080,DN-2271,Nigeria,PMO - US,From RDC,N/A - From RDC,Air Charter,2/21/2011,N/A - From RDC,30-Jun-11,06-Jul-11,06-Jul-11,ARV,Adult,SCMS from RDC,"Efavirenz/Emtricitabine/Tenofovir Disoproxil Fumarate 600/200/300mg, tablets, 30 Tabs",Efavirenz/Emtricitabine/Tenofovir Disoproxil Fumarate,Generic,600/200/300mg,Tablet - FDC,30,"62,611",1247211.12,19.92,0.66,Mylan (formerly Matrix) Nashik,TRUE,7190,"$13,398.06 ","2,057.90"
"82,962",110-ZM-T30,FPQ-6677,SO-38940,DN-2272,Zambia,PMO - US,From RDC,N/A - From RDC,Truck,11-08-10,N/A - From RDC,22-Aug-11,05-Aug-11,05-Aug-11,ARV,Adult,SCMS from RDC,"Abacavir 300mg, tablets, 60 Tabs",Abacavir,Generic,300mg,Tablet,60,"5,125",77080.00,15.04,0.25,Mylan (formerly Matrix) Nashik,TRUE,523,"$3,949.19 ",127.18
"82,964",114-UG-T30,FPQ-7652,SO-40140,DN-2276,Uganda,PMO - US,From RDC,N/A - From RDC,Truck,4/29/2011,N/A - From RDC,05-Sep-11,14-Jul-11,14-Jul-11,ARV,Adult,SCMS from RDC,"Lamivudine/Nevirapine/Zidovudine 150/200/300mg, tablets, 60 Tabs",Lamivudine/Nevirapine/Zidovudine,Generic,150/300/200mg,Tablet - FDC,60,"20,833",233746.26,11.22,0.19,Mylan (formerly Matrix) Nashik,TRUE,2757,"$18,317.11 ",385.68
"82,965",106-HT-T30,FPQ-6801,SO-40150,DN-2277,Haiti,PMO - US,From RDC,N/A - From RDC,Air,12/14/2010,N/A - From RDC,19-Jul-11,21-Jul-11,21-Jul-11,ARV,Adult,SCMS from RDC,"Efavirenz 600mg, tablets, 30 Tabs",Efavirenz,Generic,600mg,Tablet,30,"49,425",208573.50,4.22,0.14,"Aurobindo Unit III, India",TRUE,4235,"$29,352.17 ",344.15
"82,966",110-ZM-T30,FPQ-7085,SO-38720,DN-2299,Zambia,PMO - US,From RDC,N/A - From RDC,Truck,02-03-11,N/A - From RDC,01-Sep-11,15-Aug-11,15-Aug-11,ARV,Adult,SCMS from RDC,"Abacavir 300mg, tablets, 60 Tabs",Abacavir,Generic,300mg,Tablet,60,"38,000",589000.00,15.5,0.26,Mylan (formerly Matrix) Nashik,TRUE,10847,"$15,973.89 ",971.85
"82,967",111-MZ-T30,FPQ-7053,SO-38633,DN-2302,Mozambique,PMO - US,From RDC,N/A - From RDC,Truck,1/24/2011,N/A - From RDC,31-Aug-11,15-Sep-11,15-Sep-11,ARV,Adult,SCMS from RDC,"Lamivudine/Zidovudine 150/300mg, tablets, 60 Tabs",Lamivudine/Zidovudine,Generic,150/300mg,Tablet - FDC,60,"25,312",216417.60,8.55,0.14,"Aurobindo Unit III, India",TRUE,4988,"$7,960.74 ",357.09
"82,968",106-HT-T30,FPQ-6801,SO-38213,DN-2310,Haiti,PMO - US,From RDC,N/A - From RDC,Air,12/14/2010,N/A - From RDC,19-Jul-11,11-Aug-11,11-Aug-11,ARV,Pediatric,SCMS from RDC,"Zidovudine 10mg/ml, oral solution w/syringe, Bottle, 240 ml",Zidovudine,Generic,10mg/ml,Oral solution,240,"8,768",18412.80,2.1,0.01,"Aurobindo Unit III, India",TRUE,10030,"$96,669.40 ",30.38
"85,727",200-DO-T30,FPQ-6616,SO-38020,DN-2065,Dominican Republic,PMO - US,From RDC,N/A - From RDC,Air,10/25/2010,N/A - From RDC,31-Jan-11,08-Dec-10,08-Dec-10,ARV,Adult,SCMS from RDC,"Tenofovir Disoproxil Fumarate 300mg, tablets, 30 Tabs",Tenofovir Disoproxil Fumarate,Generic,300mg,Tablet,30,"2,615",18383.45,7.03,0.23,Mylan (formerly Matrix) Nashik,FALSE,See DN-2065 (ID#:82360),null,30.33
"82,970",111-MZ-T30,FPQ-7053,SO-38690,DN-2308,Mozambique,PMO - US,From RDC,N/A - From RDC,Truck,1/24/2011,N/A - From RDC,12-Aug-11,15-Sep-11,15-Sep-11,ARV,Pediatric,SCMS from RDC,"Zidovudine 10mg/ml, oral solution w/syringe, Bottle, 240 ml",Zidovudine,Generic,10mg/ml,Oral solution,240,"5,625",11362.50,2.02,0.01,"Aurobindo Unit III, India",TRUE,2157,"$2,166.21 ",18.75
"82,971",200-ZW-T30,FPQ-6483,SO-38900,DN-2318,Zimbabwe,PMO - US,From RDC,N/A - From RDC,Truck,10/13/2010,N/A - From RDC,30-Sep-11,23-Sep-11,23-Sep-11,ARV,Pediatric,SCMS from RDC,"Didanosine 200mg, delayed-release capsules, 30 Caps",Didanosine,Generic,200mg,Delayed-release capsules,30,51,561.00,11,0.37,"Aurobindo Unit III, India",TRUE,6,$909.15 ,1.21
"86,355",200-DO-T30,FPQ-6616,SO-38020,DN-2065,Dominican Republic,PMO - US,From RDC,N/A - From RDC,Air,10/25/2010,N/A - From RDC,31-Jan-11,08-Dec-10,08-Dec-10,ARV,Adult,SCMS from RDC,"Lamivudine/Zidovudine 150/300mg, tablets, 60 Tabs",Lamivudine/Zidovudine,Generic,150/300mg,Tablet - FDC,60,"16,000",136800.00,8.55,0.14,"Aurobindo Unit III, India",FALSE,See DN-2065 (ID#:82360),null,225.72
"82,973",110-ZM-T30,FPQ-7085,SO-38741,DN-2322,Zambia,PMO - US,From RDC,N/A - From RDC,Truck,02-03-11,N/A - From RDC,29-Sep-11,29-Aug-11,29-Aug-11,ARV,Adult,SCMS from RDC,"Lamivudine/Zidovudine 150/300mg, tablets, 60 Tabs",Lamivudine/Zidovudine,Generic,150/300mg,Tablet - FDC,60,"73,692",608695.92,8.26,0.14,"Aurobindo Unit VII, IN",TRUE,21879,"$8,647.16 ","1,004.35"
"82,974",110-ZM-T30,FPQ-7085,SO-38732,DN-2323,Zambia,PMO - US,From RDC,N/A - From RDC,Truck,02-03-11,N/A - From RDC,05-Sep-11,05-Sep-11,05-Sep-11,ARV,Adult,SCMS from RDC,"Efavirenz 600mg, tablets, 30 Tabs",Efavirenz,Generic,600mg,Tablet,30,"99,366",429261.12,4.32,0.14,Hetero Unit III Hyderabad IN,TRUE,8045,"$13,511.49 ",708.28
"82,975",111-MZ-T30,FPQ-7053,SO-38635,DN-2325,Mozambique,PMO - US,From RDC,N/A - From RDC,Truck,1/24/2011,N/A - From RDC,13-Oct-11,13-Oct-11,13-Oct-11,ARV,Adult,SCMS from RDC,"Efavirenz 600mg, tablets, 30 Tabs",Efavirenz,Generic,600mg,Tablet,30,"45,608",192465.76,4.22,0.14,Hetero Unit III Hyderabad IN,TRUE,5406,"$7,664.01 ",317.57
"82,976",114-UG-T30,FPQ-7162,SO-38800,DN-2329,Uganda,PMO - US,From RDC,N/A - From RDC,Truck,2/14/2011,N/A - From RDC,05-Aug-11,24-Aug-11,24-Aug-11,ARV,Adult,SCMS from RDC,"Efavirenz 600mg, tablets, 30 Tabs",Efavirenz,Generic,600mg,Tablet,30,"47,312",199656.64,4.22,0.14,Mylan (formerly Matrix) Nashik,TRUE,20230,"$79,938.08 ",329.43
"82,977",113-ZW-T30,FPQ-7052,SO-38512,DN-2343,Zimbabwe,PMO - US,From RDC,N/A - From RDC,Truck,1/19/2011,N/A - From RDC,30-Sep-11,07-Oct-11,07-Oct-11,ARV,Adult,SCMS from RDC,"Lamivudine/Nevirapine/Stavudine 150/200/30mg, tablets, 60 Tabs",Lamivudine/Nevirapine/Stavudine,Generic,150/200/30mg,Tablet - FDC,60,"70,000",376600.00,5.38,0.09,"Strides, Bangalore, India.",TRUE,5154,"$12,956.94 ",621.39
"82,978",106-HT-T30,FPQ-7653,SO-39730,DN-2346,Haiti,PMO - US,From RDC,N/A - From RDC,Air,05-11-11,N/A - From RDC,05-Dec-11,01-Oct-11,01-Oct-11,ARV,Adult,SCMS from RDC,"Nevirapine 200mg, tablets, 60 Tabs",Nevirapine,Generic,200mg,Tablet,60,"15,000",37650.00,2.51,0.04,Hetero Unit III Hyderabad IN,TRUE,877,"$9,178.48 ",62.12
"86,356",200-DO-T30,FPQ-6616,SO-38020,DN-2065,Dominican Republic,PMO - US,From RDC,N/A - From RDC,Air,10/25/2010,N/A - From RDC,31-Jan-11,08-Dec-10,08-Dec-10,ARV,Adult,SCMS from RDC,"Lamivudine 150mg, tablets, 60 Tabs",Lamivudine,Generic,150mg,Tablet,60,439,1022.87,2.33,0.04,"Strides, Bangalore, India.",FALSE,See DN-2065 (ID#:82360),null,1.69
"82,980",151-NG-T30,FPQ-7812,SO-39995,DN-2354,Nigeria,PMO - US,From RDC,N/A - From RDC,Air Charter,06-06-11,N/A - From RDC,03-Nov-11,28-Sep-11,28-Sep-11,ARV,Adult,SCMS from RDC,"Tenofovir Disoproxil Fumarate 300mg, tablets, 30 Tabs",Tenofovir Disoproxil Fumarate,Generic,300mg,Tablet,30,"1,639",10522.38,6.42,0.21,Mylan (formerly Matrix) Nashik,TRUE,107,"$18,495.90 ",17.36
"82,981",151-NG-T30,FPQ-7812,SO-39996,DN-2355,Nigeria,PMO - US,From RDC,N/A - From RDC,Air Charter,06-06-11,N/A - From RDC,03-Nov-11,14-Oct-11,14-Oct-11,ARV,Adult,SCMS from RDC,"Lamivudine/Tenofovir Disoproxil Fumarate 300/300mg, tablets, 30 Tabs",Lamivudine/Tenofovir Disoproxil Fumarate,Generic,300/300mg,Tablet - FDC,30,"100,654",868644.02,8.63,0.29,Mylan (formerly Matrix) Nashik,TRUE,9629,"$21,326.73 ","1,433.26"
"82,984",113-ZW-T30,FPQ-7934,SO-40282,DN-2384,Zimbabwe,PMO - US,From RDC,N/A - From RDC,Truck,6/28/2011,N/A - From RDC,25-Oct-11,21-Oct-11,21-Oct-11,ARV,Adult,SCMS from RDC,"Efavirenz 600mg, tablets, 30 Tabs",Efavirenz,Generic,600mg,Tablet,30,"4,200",17724.00,4.22,0.14,"Strides, Bangalore, India.",TRUE,257,$320.43 ,29.24
"83,471",200-DO-T30,FPQ-6616,SO-38030,DN-2066,Dominican Republic,PMO - US,From RDC,N/A - From RDC,Air,10/25/2010,N/A - From RDC,30-Nov-10,14-Dec-10,14-Dec-10,ARV,Adult,SCMS from RDC,"Lopinavir/Ritonavir 200/50mg, tablets, 120 Tabs",Lopinavir/Ritonavir,Generic,200/50mg,Tablet,120,"1,100",39600.00,36,0.3,"Aurobindo Unit III, India",FALSE,See DN-2066 (ID#:83470),null,65.34
"82,986",113-ZW-T30,FPQ-7934,SO-40283,DN-2397,Zimbabwe,PMO - US,From RDC,N/A - From RDC,Truck,6/28/2011,N/A - From RDC,21-Nov-11,21-Nov-11,21-Nov-11,ARV,Adult,SCMS from RDC,"Nevirapine 200mg, tablets, 60 Tabs",Nevirapine,Generic,200mg,Tablet,60,"55,800",140058.00,2.51,0.04,Mylan (formerly Matrix) Nashik,TRUE,5598,"$11,154.87 ",231.1
"82,987",111-MZ-T30,FPQ-8157,SO-40330,DN-2417,Mozambique,PMO - US,From RDC,N/A - From RDC,Truck,08-04-11,N/A - From RDC,30-Nov-11,14-Dec-11,14-Dec-11,ARV,Pediatric,SCMS from RDC,"Zidovudine 10mg/ml, oral solution w/syringe, Bottle, 240 ml",Zidovudine,Generic,10mg/ml,Oral solution,240,"2,350",4935.00,2.1,0.01,"Aurobindo Unit III, India",TRUE,904,$573.43 ,8.14
"82,988",104-CI-T30,FPQ-8295,SO-40810,DN-2418,Côte d'Ivoire,PMO - US,From RDC,N/A - From RDC,Truck,8/25/2011,N/A - From RDC,30-Nov-11,19-Nov-11,19-Nov-11,ARV,Pediatric,SCMS from RDC,"Zidovudine 100mg, capsules, 100 Caps",Zidovudine,Generic,100mg,Capsule,100,"2,256",10738.56,4.76,0.05,"Aurobindo Unit III, India",TRUE,172,"$3,296.34 ",17.72
"82,989",104-CI-T30,FPQ-8295,SO-40750,DN-2420,Côte d'Ivoire,PMO - US,From RDC,N/A - From RDC,Truck,8/25/2011,N/A - From RDC,09-Dec-11,19-Nov-11,19-Nov-11,ARV,Adult,SCMS from RDC,"Efavirenz/Emtricitabine/Tenofovir Disoproxil Fumarate 600/200/300mg, tablets, 30 Tabs",Efavirenz/Emtricitabine/Tenofovir Disoproxil Fumarate,Generic,600/200/300mg,Tablet - FDC,30,"6,678",133025.76,19.92,0.66,Mylan (formerly Matrix) Nashik,TRUE,2244,"$3,296.34 ",219.49
"82,990",107-RW-T30,FPQ-8372,SO-40960,DN-2429,Rwanda,PMO - US,From RDC,N/A - From RDC,Air,10/19/2011,N/A - From RDC,24-Nov-11,11-Nov-11,11-Nov-11,ARV,Pediatric,SCMS from RDC,"Efavirenz 50mg, capsule, 30 Caps",Efavirenz,Generic,50mg,Capsule,30,500,1120.00,2.24,0.07,"Aurobindo Unit III, India",TRUE,30,"$1,309.03 ",1.85
"82,991",107-RW-T30,FPQ-8204,SO-41040,DN-2439,Rwanda,PMO - US,From RDC,N/A - From RDC,Air,08-12-11,N/A - From RDC,05-Dec-11,02-Dec-11,02-Dec-11,ARV,Pediatric,SCMS from RDC,"Efavirenz 50mg, capsule, 30 Caps",Efavirenz,Generic,50mg,Capsule,30,700,1568.00,2.24,0.07,"Aurobindo Unit III, India",TRUE,46,"$1,274.98 ",2.59
"82,992",113-ZW-T30,FPQ-7052,SO-38510,DN-2440,Zimbabwe,PMO - US,From RDC,N/A - From RDC,Truck,1/19/2011,N/A - From RDC,30-Dec-11,09-Dec-11,09-Dec-11,ARV,Adult,SCMS from RDC,"Lamivudine/Nevirapine/Stavudine 150/200/30mg, tablets, 60 Tabs",Lamivudine/Nevirapine/Stavudine,Generic,150/200/30mg,Tablet - FDC,60,"9,493",52781.08,5.56,0.09,"Cipla, Goa, India",TRUE,1021,"$5,216.63 ",87.09
"82,993",113-ZW-T30,FPQ-7052,SO-38521,DN-2441,Zimbabwe,PMO - US,From RDC,N/A - From RDC,Truck,1/19/2011,N/A - From RDC,07-Dec-11,09-Dec-11,09-Dec-11,ARV,Adult,SCMS from RDC,"Lamivudine/Nevirapine/Stavudine 150/200/30mg, tablets, 60 Tabs",Lamivudine/Nevirapine/Stavudine,Generic,150/200/30mg,Tablet - FDC,60,"75,507",406227.66,5.38,0.09,"Cipla, Goa, India",TRUE,8578,"$5,216.63 ",670.28
"82,994",114-UG-T30,FPQ-8522,SO-40941,DN-2461,Uganda,PMO - US,From RDC,N/A - From RDC,Truck,10-05-11,N/A - From RDC,31-Jan-12,19-Jan-12,19-Jan-12,ARV,Adult,SCMS from RDC,"Lamivudine/Zidovudine 150/300mg, tablets, 60 Tabs",Lamivudine/Zidovudine,Generic,150/300mg,Tablet - FDC,60,"4,226",34906.76,8.26,0.14,"Aurobindo Unit III, India",TRUE,8,"$10,891.66 ",57.6
"83,053",151-NG-T30,FPQ-9432,SO-41681,DN-2727,Nigeria,PMO - US,From RDC,N/A - From RDC,Air Charter,03-01-12,N/A - From RDC,02-Aug-12,09-Jul-12,09-Jul-12,ARV,Adult,SCMS from RDC,"Nevirapine 200mg, tablets, 60 Tabs",Nevirapine,Generic,200mg,Tablet,60,"99,999",243997.56,2.44,0.04,Mylan (formerly Matrix) Nashik,TRUE,13437,"$21,347.12 ",342.08
"85,728",110-ZM-T30,FPQ-6221,SO-37340,DN-2072,Zambia,PMO - US,From RDC,N/A - From RDC,Truck,8/20/2010,N/A - From RDC,15-Nov-10,10-Dec-10,10-Dec-10,ARV,Adult,SCMS from RDC,"Nevirapine 200mg, tablets, 60 Tabs",Nevirapine,Generic,200mg,Tablet,60,"10,000",26600.00,2.66,0.04,Hetero Unit III Hyderabad IN,FALSE,See DN-2072 (ID#:83472),null,57.35
"83,473",106-HT-T30,FPQ-6484,SO-37760,DN-2073,Haiti,PMO - US,From RDC,N/A - From RDC,Air,10/13/2010,N/A - From RDC,20-Dec-10,05-Jan-11,05-Jan-11,ARV,Adult,SCMS from RDC,"Lamivudine 150mg, tablets, 60 Tabs",Lamivudine,Generic,150mg,Tablet,60,"9,009",20990.97,2.33,0.04,Hetero Unit III Hyderabad IN,FALSE,See DN-2073 (ID#:82362),null,45.26
"83,474",106-HT-T30,FPQ-6484,SO-37760,DN-2073,Haiti,PMO - US,From RDC,N/A - From RDC,Air,10/13/2010,N/A - From RDC,20-Dec-10,05-Jan-11,05-Jan-11,ARV,Adult,SCMS from RDC,"Stavudine 15mg, capsules, 60 Caps",Stavudine,Generic,15mg,Capsule,60,168,252.00,1.5,0.02,"Aurobindo Unit III, India",FALSE,See DN-2073 (ID#:82362),null,0.54
"82,998",110-ZM-T30,FPQ-8476,SO-40951,DN-2477,Zambia,PMO - US,From RDC,N/A - From RDC,Truck,9/27/2011,N/A - From RDC,15-May-12,23-Dec-11,23-Dec-11,ARV,Adult,SCMS from RDC,"Emtricitabine/Tenofovir Disoproxil Fumarate 200/300mg, tablets, 30 Tabs",Emtricitabine/Tenofovir Disoproxil Fumarate,Generic,200/300mg,Tablet - FDC,30,"66,075",592692.75,8.97,0.3,Mylan (formerly Matrix) Nashik,TRUE,5727,"$14,325.71 ",977.94
"82,999",101-CD-T30,FPQ-8840,SO-41130,DN-2492,"Congo, DRC",PMO - US,From RDC,N/A - From RDC,Air,11/21/2011,N/A - From RDC,16-Mar-12,14-Feb-12,14-Feb-12,ARV,Adult,SCMS from RDC,"Abacavir 300mg, tablets, 60 Tabs",Abacavir,Generic,300mg,Tablet,60,11,160.93,14.63,0.24,Mylan (formerly Matrix) Nashik,TRUE,28,$456.17 ,0.23
"83,475",106-HT-T30,FPQ-6484,SO-37760,DN-2073,Haiti,PMO - US,From RDC,N/A - From RDC,Air,10/13/2010,N/A - From RDC,20-Dec-10,05-Jan-11,05-Jan-11,ARV,Pediatric,SCMS from RDC,"Zidovudine 100mg, capsules, 100 Caps",Zidovudine,Generic,100mg,Capsule,100,"2,583",12501.72,4.84,0.05,"Aurobindo Unit III, India",FALSE,See DN-2073 (ID#:82362),null,26.95
"84,612",106-HT-T30,FPQ-6484,SO-37760,DN-2073,Haiti,PMO - US,From RDC,N/A - From RDC,Air,10/13/2010,N/A - From RDC,20-Dec-10,05-Jan-11,05-Jan-11,ARV,Adult,SCMS from RDC,"Abacavir 300mg, tablets, 60 Tabs",Abacavir,Generic,300mg,Tablet,60,600,9864.00,16.44,0.27,"Aurobindo Unit III, India",FALSE,See DN-2073 (ID#:82362),null,21.27
"85,167",106-HT-T30,FPQ-6484,SO-37760,DN-2073,Haiti,PMO - US,From RDC,N/A - From RDC,Air,10/13/2010,N/A - From RDC,20-Dec-10,05-Jan-11,05-Jan-11,ARV,Pediatric,SCMS from RDC,"Lamivudine 10mg/ml, oral solution w/syringe, Bottle, 240 ml",Lamivudine,Generic,10mg/ml,Oral solution,240,"4,810",8898.50,1.85,0.01,"Aurobindo Unit III, India",FALSE,See DN-2073 (ID#:82362),null,19.19
"85,729",106-HT-T30,FPQ-6484,SO-37760,DN-2073,Haiti,PMO - US,From RDC,N/A - From RDC,Air,10/13/2010,N/A - From RDC,20-Dec-10,05-Jan-11,05-Jan-11,ARV,Adult,SCMS from RDC,"Emtricitabine/Tenofovir Disoproxil Fumarate 200/300mg, tablets, 30 Tabs",Emtricitabine/Tenofovir Disoproxil Fumarate,Generic,200/300mg,Tablet - FDC,30,400,4700.00,11.75,0.39,Mylan (formerly Matrix) Nashik,FALSE,See DN-2073 (ID#:82362),null,10.13
"85,730",106-HT-T30,FPQ-6484,SO-37760,DN-2073,Haiti,PMO - US,From RDC,N/A - From RDC,Air,10/13/2010,N/A - From RDC,20-Dec-10,05-Jan-11,05-Jan-11,ARV,Pediatric,SCMS from RDC,"Lamivudine 10mg/ml, oral solution w/syringe, Bottle, 240 ml",Lamivudine,Generic,10mg/ml,Oral solution,240,"8,000",14800.00,1.85,0.01,"Aurobindo Unit III, India",FALSE,See DN-2073 (ID#:82362),null,31.91
"86,358",104-CI-T30,FPQ-6144,SO-38130,DN-2076,Côte d'Ivoire,PMO - US,From RDC,N/A - From RDC,Air,08-03-10,N/A - From RDC,15-Dec-10,15-Dec-10,15-Dec-10,ARV,Adult,SCMS from RDC,"Zidovudine 300mg, tablets, 60 Tabs",Zidovudine,Generic,300mg,Tablet,60,"6,438",46417.98,7.21,0.12,"Aurobindo Unit III, India",FALSE,See DN-2076 (ID#:85168),null,100.08
"83,007",105-GY-T30,FPQ-8620,SO-41000,DN-2503,Guyana,PMO - US,From RDC,N/A - From RDC,Air,10/27/2011,N/A - From RDC,30-Mar-12,04-Feb-12,04-Feb-12,ARV,Pediatric,SCMS from RDC,"Zidovudine 10mg/ml, oral solution w/syringe, Bottle, 240 ml",Zidovudine,Generic,10mg/ml,Oral solution,240,204,428.40,2.1,0.01,"Aurobindo Unit III, India",TRUE,171,"$2,522.76 ",0.6
"86,365",114-UG-T30,FPQ-6614,SO-37990,DN-2077,Uganda,PMO - US,From RDC,N/A - From RDC,Air,10/31/2010,N/A - From RDC,08-Feb-11,23-Dec-10,23-Dec-10,ARV,Adult,SCMS from RDC,"Efavirenz 600mg, tablets, 30 Tabs",Efavirenz,Generic,600mg,Tablet,30,"2,550",11526.00,4.52,0.15,"Emcure Plot No.P-2, I.T-B.T. Park, Phase II, MIDC, Hinjwadi, Pune, India",FALSE,See DN-2077 (ID#:82369),null,19.02
"83,009",111-MZ-T30,FPQ-8157,SO-40360,DN-2518,Mozambique,PMO - US,From RDC,N/A - From RDC,Truck,08-04-11,N/A - From RDC,30-Mar-12,08-Mar-12,08-Mar-12,ARV,Adult,SCMS from RDC,"Lamivudine/Nevirapine/Zidovudine 150/200/300mg, tablets, 60 Tabs",Lamivudine/Nevirapine/Zidovudine,Generic,150/300/200mg,Tablet - FDC,60,"15,600",175032.00,11.22,0.19,Mylan (formerly Matrix) Nashik,TRUE,27345,"$20,994.62 ",288.8
"84,614",202-GT-T30,FPQ-6943,SO-38260,DN-2089,Guatemala,PMO - US,From RDC,N/A - From RDC,Air,12/29/2010,N/A - From RDC,31-Jan-11,24-Jan-11,24-Jan-11,ARV,Adult,SCMS from RDC,"Emtricitabine/Tenofovir Disoproxil Fumarate 200/300mg, tablets, 30 Tabs",Emtricitabine/Tenofovir Disoproxil Fumarate,Generic,200/300mg,Tablet - FDC,30,"7,987",87218.04,10.92,0.36,Mylan (formerly Matrix) Nashik,FALSE,See DN-2089 (ID#:83478),null,143.91
"83,011",106-HT-T30,FPQ-9056,SO-41300,DN-2535,Haiti,PMO - US,From RDC,N/A - From RDC,Air,12/20/2011,N/A - From RDC,02-Mar-12,12-Mar-12,12-Mar-12,ARV,Pediatric,SCMS from RDC,"Abacavir 20mg/ml, oral solution w/syringe, Bottle, 240 ml",Abacavir,Generic,20mg/ml,Oral solution,240,"1,470",18375.00,12.5,0.05,"Aurobindo Unit III, India",TRUE,9635,"$95,269.39 ",25.76
"83,012",109-TZ-T30,FPQ-8303,SO-40510,DN-2537,Tanzania,PMO - US,From RDC,N/A - From RDC,Truck,8/22/2011,N/A - From RDC,30-Mar-12,12-Mar-12,12-Mar-12,ARV,Pediatric,SCMS from RDC,"Efavirenz 50mg, capsule, 30 Caps",Efavirenz,Generic,50mg,Capsule,30,"24,747",55433.28,2.24,0.07,"Aurobindo Unit III, India",TRUE,1437,"$1,698.83 ",91.46
"83,013",109-TZ-T30,FPQ-8297,SO-40642,DN-2541,Tanzania,PMO - US,From RDC,N/A - From RDC,Truck,8/22/2011,N/A - From RDC,23-Mar-12,12-Mar-12,12-Mar-12,ARV,Adult,SCMS from RDC,"Lopinavir/Ritonavir 200/50mg [Aluvia], tablets, 120 Tabs",Lopinavir/Ritonavir,Aluvia,200/50mg,Tablet,120,"17,030",574592.20,33.74,0.28,ABBVIE Ludwigshafen Germany,TRUE,3508,"$1,698.83 ",948.08
"83,014",109-TZ-T30,FPQ-8297,SO-40640,DN-2542,Tanzania,PMO - US,From RDC,N/A - From RDC,Truck,8/22/2011,N/A - From RDC,23-Mar-12,12-Mar-12,12-Mar-12,ARV,Adult,SCMS from RDC,"Lopinavir/Ritonavir 200/50mg, tablets, 120 Tabs",Lopinavir/Ritonavir,Generic,200/50mg,Tablet,120,"3,679",123614.40,33.6,0.28,"Aurobindo Unit III, India",TRUE,932,"$1,698.83 ",203.96
"83,015",110-ZM-T30,FPQ-7667,SO-40243,DN-2578,Zambia,PMO - US,From RDC,N/A - From RDC,Ocean,7/26/2011,N/A - From RDC,30-Mar-12,27-Feb-12,27-Feb-12,ARV,Pediatric,SCMS from RDC,"Nevirapine 10mg/ml, oral suspension w/syringe, Bottle, 240 ml",Nevirapine,Generic,10mg/ml,Oral suspension,240,"4,013",7825.35,1.95,0.01,"Aurobindo Unit III, India",TRUE,1487,"$5,447.21 ",12.91
"83,016",151-NG-T30,FPQ-8952,SO-41251,DN-2586,Nigeria,PMO - US,From RDC,N/A - From RDC,Air,12-08-11,N/A - From RDC,04-Jul-12,15-Mar-12,15-Mar-12,ARV,Adult,SCMS from RDC,"Lamivudine/Nevirapine/Zidovudine 150/200/300mg, tablets, 60 Tabs",Lamivudine/Nevirapine/Zidovudine,Generic,150/300/200mg,Tablet - FDC,60,"84,000",924000.00,11,0.18,Mylan (formerly Matrix) Nashik,TRUE,11160,"$87,294.56 ","1,295.45"
"83,017",109-TZ-T30,FPQ-8297,SO-40614,DN-2588,Tanzania,PMO - US,From RDC,N/A - From RDC,Truck,8/22/2011,N/A - From RDC,04-May-12,13-Mar-12,13-Mar-12,ARV,Adult,SCMS from RDC,"Lamivudine 150mg, tablets, 60 Tabs",Lamivudine,Generic,150mg,Tablet,60,"96,018",223721.94,2.33,0.04,Macleods Daman Plant INDIA,TRUE,4271,"$3,825.80 ",369.14
"83,018",111-MZ-T30,FPQ-8157,SO-40382,DN-2589,Mozambique,PMO - US,From RDC,N/A - From RDC,Truck,08-04-11,N/A - From RDC,07-May-12,24-May-12,24-May-12,ARV,Pediatric,SCMS from RDC,"Nevirapine 10mg/ml, oral suspension w/syringe, Bottle, 240 ml",Nevirapine,Generic,10mg/ml,Oral suspension,240,"41,737",81387.15,1.95,0.01,"Aurobindo Unit III, India",TRUE,15160,"$12,405.54 ",134.29
"83,019",111-MZ-T30,FPQ-8157,SO-40381,DN-2590,Mozambique,PMO - US,From RDC,N/A - From RDC,Truck,08-04-11,N/A - From RDC,07-May-12,24-May-12,24-May-12,ARV,Adult,SCMS from RDC,"Lamivudine/Nevirapine/Zidovudine 150/200/300mg, tablets, 60 Tabs",Lamivudine/Nevirapine/Zidovudine,Generic,150/300/200mg,Tablet - FDC,60,"185,875",2085517.50,11.22,0.19,"Aurobindo Unit III, India",TRUE,26760,"$12,405.54 ","3,441.10"
"83,020",109-TZ-T30,FPQ-8297,SO-40631,DN-2591,Tanzania,PMO - US,From RDC,N/A - From RDC,Truck,8/22/2011,N/A - From RDC,30-Apr-12,11-Apr-12,11-Apr-12,ARV,Adult,SCMS from RDC,"Efavirenz/Emtricitabine/Tenofovir Disoproxil Fumarate 600/200/300mg, tablets, 30 Tabs",Efavirenz/Emtricitabine/Tenofovir Disoproxil Fumarate,Generic,600/200/300mg,Tablet - FDC,30,"131,280",2196314.40,16.73,0.56,Mylan (formerly Matrix) Nashik,TRUE,15032,"$3,279.25 ","3,623.92"
"83,021",102-BI-T30,FPQ-9229,SO-41530,DN-2594,Burundi,PMO - US,From RDC,N/A - From RDC,Air,1/25/2012,N/A - From RDC,26-Apr-12,04-May-12,04-May-12,ARV,Pediatric,SCMS from RDC,"Lamivudine/Zidovudine 30/60mg, tablets, 60 Tabs",Lamivudine/Zidovudine,Generic,30/60mg,Tablet - FDC,60,15,44.85,2.99,0.05,Mylan (formerly Matrix) Nashik,TRUE,5256,"$9,506 ",0.06
"83,022",106-HT-T30,FPQ-9441,SO-41650,DN-2600,Haiti,PMO - US,From RDC,N/A - From RDC,Air,03-01-12,N/A - From RDC,16-Apr-12,28-Mar-12,28-Mar-12,ARV,Adult,SCMS from RDC,"Tenofovir Disoproxil Fumarate 300mg, tablets, 30 Tabs",Tenofovir Disoproxil Fumarate,Generic,300mg,Tablet,30,192,1056.00,5.5,0.18,Mylan (formerly Matrix) Nashik,TRUE,20,$870.96 ,1.48
"83,023",114-UG-T30,FPQ-9354,SO-41630,DN-2603,Uganda,PMO - US,From RDC,N/A - From RDC,Air,2/20/2012,N/A - From RDC,03-May-12,27-Mar-12,27-Mar-12,ARV,Adult,SCMS from RDC,"Nevirapine 200mg, tablets, 60 Tabs",Nevirapine,Generic,200mg,Tablet,60,"5,924",14869.24,2.51,0.04,"Strides, Bangalore, India.",TRUE,1421,"$4,322.60 ",20.85
"83,024",111-MZ-T30,FPQ-8157,SO-40390,DN-2616,Mozambique,PMO - US,From RDC,N/A - From RDC,Truck,08-04-11,N/A - From RDC,07-May-12,10-May-12,10-May-12,ARV,Adult,SCMS from RDC,"Lamivudine/Nevirapine/Zidovudine 150/200/300mg, tablets, 60 Tabs",Lamivudine/Nevirapine/Zidovudine,Generic,150/300/200mg,Tablet - FDC,60,"117,749",1321143.78,11.22,0.19,Mylan (formerly Matrix) Nashik,TRUE,28088,"$19,652.22 ","2,179.89"
"83,026",104-CI-T30,FPQ-8295,SO-40793,DN-2622,Côte d'Ivoire,PMO - US,From RDC,N/A - From RDC,Truck,8/25/2011,N/A - From RDC,16-Apr-12,11-Apr-12,11-Apr-12,ARV,Pediatric,SCMS from RDC,"Didanosine 200mg, delayed-release capsules, 30 Caps",Didanosine,Generic,200mg,Delayed-release capsules,30,"1,825",20075.00,11,0.37,"Aurobindo Unit III, India",TRUE,119,"$3,159.12 ",33.12
"83,027",104-CI-T30,FPQ-8787,SO-41150,DN-2623,Côte d'Ivoire,PMO - US,From RDC,N/A - From RDC,Air,11-11-11,N/A - From RDC,16-Apr-12,11-Apr-12,11-Apr-12,ARV,Pediatric,SCMS from RDC,"Didanosine 200mg, delayed-release capsules, 30 Caps",Didanosine,Generic,200mg,Delayed-release capsules,30,"1,235",13585.00,11,0.37,"Aurobindo Unit III, India",TRUE,649,"$1,191.02 ",19.05
"83,028",151-NG-T30,FPQ-8364,SO-40660,DN-2630,Nigeria,PMO - US,From RDC,N/A - From RDC,Air Charter,8/29/2011,N/A - From RDC,20-May-12,30-Apr-12,30-Apr-12,ARV,Adult,SCMS from RDC,"Lamivudine/Nevirapine/Zidovudine 150/200/300mg, tablets, 60 Tabs",Lamivudine/Nevirapine/Zidovudine,Generic,150/300/200mg,Tablet - FDC,60,"48,821",547771.62,11.22,0.19,Mylan (formerly Matrix) Nashik,TRUE,6949,"$27,441.22 ",903.82
"83,029",102-LY-T30,FPQ-9665,SO-41900,DN-2641,Libya,PMO - US,From RDC,N/A - From RDC,Air,04-04-12,N/A - From RDC,23-May-12,23-May-12,23-May-12,ARV,Adult,SCMS from RDC,"Lopinavir/Ritonavir 200/50mg [Aluvia], tablets, 120 Tabs",Lopinavir/Ritonavir,Aluvia,200/50mg,Tablet,120,500,15410.00,30.82,0.26,ABBVIE Ludwigshafen Germany,TRUE,709,$761.91 ,21.6
"83,030",102-DO-T30,FPQ-9676,SO-41871,DN-2648,Dominican Republic,PMO - US,From RDC,N/A - From RDC,Air,04-09-12,N/A - From RDC,21-May-12,09-May-12,09-May-12,ARV,Adult,SCMS from RDC,"Lamivudine/Tenofovir Disoproxil Fumarate 300/300mg, tablets, 30 Tabs",Lamivudine/Tenofovir Disoproxil Fumarate,Generic,300/300mg,Tablet - FDC,30,847,4692.38,5.54,0.18,"Aurobindo Unit VII, IN",TRUE,85,"$1,857.04 ",6.58
"84,615",202-GT-T30,FPQ-6943,SO-38260,DN-2089,Guatemala,PMO - US,From RDC,N/A - From RDC,Air,12/29/2010,N/A - From RDC,31-Jan-11,24-Jan-11,24-Jan-11,ARV,Pediatric,SCMS from RDC,"Efavirenz 200mg, capsule, 90 Caps",Efavirenz,Generic,200mg,Capsule,90,680,6589.20,9.69,0.11,"Aurobindo Unit III, India",FALSE,See DN-2089 (ID#:83478),null,10.87
"83,032",113-ZW-T30,FPQ-8464,SO-40870,DN-2656,Zimbabwe,PMO - US,From RDC,N/A - From RDC,Truck,10-04-11,N/A - From RDC,12-Jun-12,25-May-12,25-May-12,ARV,Adult,SCMS from RDC,"Lamivudine/Tenofovir Disoproxil Fumarate 300/300mg, tablets, 30 Tabs",Lamivudine/Tenofovir Disoproxil Fumarate,Generic,300/300mg,Tablet - FDC,30,"78,082",432574.28,5.54,0.18,Mylan (formerly Matrix) Nashik,TRUE,14314,"$15,219.72 ",713.75
"83,135",102-BI-T30,FPQ-11661,SO-44660,DN-3129,Burundi,PMO - US,From RDC,N/A - From RDC,Air,2/20/2013,N/A - From RDC,30-Jun-13,09-May-13,09-May-13,ARV,Adult,SCMS from RDC,"Abacavir 300mg, tablets, 60 Tabs",Abacavir,Generic,300mg,Tablet,60,180,2332.80,12.96,0.22,Mylan (formerly Matrix) Nashik,TRUE,123,"$1,501.40 ",2.89
"85,171",202-GT-T30,FPQ-6943,SO-38260,DN-2089,Guatemala,PMO - US,From RDC,N/A - From RDC,Air,12/29/2010,N/A - From RDC,31-Jan-11,24-Jan-11,24-Jan-11,ARV,Pediatric,SCMS from RDC,"Efavirenz 50mg, capsule, 30 Caps",Efavirenz,Generic,50mg,Capsule,30,"1,467",3286.08,2.24,0.07,"Aurobindo Unit III, India",FALSE,See DN-2089 (ID#:83478),null,5.42
"86,360",202-GT-T30,FPQ-6943,SO-38260,DN-2089,Guatemala,PMO - US,From RDC,N/A - From RDC,Air,12/29/2010,N/A - From RDC,31-Jan-11,24-Jan-11,24-Jan-11,ARV,Adult,SCMS from RDC,"Nevirapine 200mg, tablets, 60 Tabs",Nevirapine,Generic,200mg,Tablet,60,879,2267.82,2.58,0.04,"Aurobindo Unit III, India",FALSE,See DN-2089 (ID#:83478),null,3.74
"83,037",110-ZM-T30,FPQ-9472,SO-41710,DN-2661,Zambia,PMO - US,From RDC,N/A - From RDC,Truck,03-08-12,N/A - From RDC,26-Jul-12,18-Jun-12,18-Jun-12,ARV,Adult,SCMS from RDC,"Efavirenz 600mg, tablets, 30 Tabs",Efavirenz,Generic,600mg,Tablet,30,"46,190",190302.80,4.12,0.14,"Strides, Bangalore, India.",TRUE,4539,"$4,496.13 ",266.8
"83,038",114-UG-T30,FPQ-9875,SO-42050,DN-2675,Uganda,PMO - US,From RDC,N/A - From RDC,Air,05-09-12,N/A - From RDC,04-Jul-12,12-Jun-12,12-Jun-12,ARV,Adult,SCMS from RDC,"Efavirenz 600mg, tablets, 30 Tabs",Efavirenz,Generic,600mg,Tablet,30,"20,000",78200.00,3.91,0.13,"Strides, Bangalore, India.",TRUE,2501,"$18,520.22 ",109.64
"83,039",114-UG-T30,FPQ-9875,SO-42080,DN-2677,Uganda,PMO - US,From RDC,N/A - From RDC,Truck,05-09-12,N/A - From RDC,17-Aug-12,08-Jun-12,08-Jun-12,ARV,Adult,SCMS from RDC,"Lamivudine/Zidovudine 150/300mg, tablets, 60 Tabs",Lamivudine/Zidovudine,Generic,150/300mg,Tablet - FDC,60,"17,827",138694.06,7.78,0.13,Hetero Unit III Hyderabad IN,TRUE,2939,"$17,665.42 ",194.45
"83,057",900-UG-T30,FPQ-10048,SO-42600,DN-2746,Uganda,PMO - US,From RDC,N/A - From RDC,Air,06-06-12,N/A - From RDC,07-Aug-12,07-Aug-12,07-Aug-12,ARV,Adult,SCMS from RDC,"Efavirenz 600mg, tablets, 30 Tabs",Efavirenz,Generic,600mg,Tablet,30,"23,000",89930.00,3.91,0.13,"Strides, Bangalore, India.",TRUE,1403,"$9,800 ",126.08
"83,040",102-CD-T30,FPQ-9640,SO-41860,DN-2678,"Congo, DRC",PMO - US,From RDC,N/A - From RDC,Air,04-02-12,N/A - From RDC,03-Sep-12,03-Sep-12,03-Sep-12,ARV,Adult,SCMS from RDC,"Lamivudine/Nevirapine/Zidovudine 150/200/300mg, tablets, 60 Tabs",Lamivudine/Nevirapine/Zidovudine,Generic,150/300/200mg,Tablet - FDC,60,"2,000",20580.00,10.29,0.17,Mylan (formerly Matrix) Nashik,TRUE,274,"$2,371.06 ",28.85
"83,041",151-NG-T30,FPQ-8952,SO-41256,DN-2690,Nigeria,PMO - US,From RDC,N/A - From RDC,Air Charter,12-08-11,N/A - From RDC,04-Jul-12,03-Jun-12,03-Jun-12,ARV,Adult,SCMS from RDC,"Nevirapine 200mg, tablets, 60 Tabs",Nevirapine,Generic,200mg,Tablet,60,"6,026",14703.44,2.44,0.04,Mylan (formerly Matrix) Nashik,TRUE,6944,"$17,090 ",20.61
"83,042",107-RW-T30,FPQ-9912,SO-42160,DN-2691,Rwanda,PMO - US,From RDC,N/A - From RDC,Air,05-11-12,N/A - From RDC,31-Jul-12,15-Jun-12,15-Jun-12,ARV,Adult,SCMS from RDC,"Tenofovir Disoproxil Fumarate 300mg, tablets, 30 Tabs",Tenofovir Disoproxil Fumarate,Generic,300mg,Tablet,30,"1,056",5808.00,5.5,0.18,Mylan (formerly Matrix) Nashik,TRUE,69,"$1,366.67 ",8.14
"83,043",113-ZW-T30,FPQ-8464,SO-40901,DN-2695,Zimbabwe,PMO - US,From RDC,N/A - From RDC,Truck,10-04-11,N/A - From RDC,11-Dec-12,27-Jun-12,27-Jun-12,ARV,Adult,SCMS from RDC,"Lamivudine/Nevirapine/Stavudine 150/200/30mg, tablets, 60 Tabs",Lamivudine/Nevirapine/Stavudine,Generic,150/200/30mg,Tablet - FDC,60,"71,030",333841.00,4.7,0.08,"Strides, Bangalore, India.",TRUE,6990,"$5,530.11 ",550.84
"11,137",112-NG-T01,Pre-PQ Process,SO-563,DN-209,Nigeria,PMO - US,From RDC,N/A - From RDC,,Pre-PQ Process,N/A - From RDC,03-Jul-07,03-Jul-07,03-Jul-07,ARV,Adult,SCMS from RDC,"Lamivudine/Nevirapine/Stavudine 150/200/40mg, tablets, 60 Tabs",Lamivudine/Nevirapine/Stavudine,Generic,150/200/40mg,Tablet - FDC,60,"1,018",7838.60,7.7,0.13,"Cipla, Goa, India",FALSE,See DN-209 (ID#:11136),null,12.54
"83,045",102-CD-T30,FPQ-9640,SO-41850,DN-2697,"Congo, DRC",PMO - US,From RDC,N/A - From RDC,Air,04-02-12,N/A - From RDC,11-Sep-12,11-Sep-12,11-Sep-12,ARV,Adult,SCMS from RDC,"Lopinavir/Ritonavir 200/50mg, tablets, 120 Tabs",Lopinavir/Ritonavir,Generic,200/50mg,Tablet,120,600,17808.00,29.68,0.25,"Aurobindo Unit III, India",TRUE,895,"$6,061.40 ",24.97
"12,050",112-NG-T01,Pre-PQ Process,SO-563,DN-209,Nigeria,PMO - US,From RDC,N/A - From RDC,,Pre-PQ Process,N/A - From RDC,03-Jul-07,03-Jul-07,03-Jul-07,ARV,Adult,SCMS from RDC,"Lamivudine 150mg, tablets, 60 Tabs",Lamivudine,Generic,150mg,Tablet,60,552,1827.12,3.31,0.06,"Ranbaxy, Paonta Shahib, India",FALSE,See DN-209 (ID#:11136),null,2.92
"12,056",112-NG-T01,Pre-PQ Process,SO-563,DN-209,Nigeria,PMO - US,From RDC,N/A - From RDC,,Pre-PQ Process,N/A - From RDC,03-Jul-07,03-Jul-07,03-Jul-07,ARV,Pediatric,SCMS from RDC,"Nevirapine 10mg/ml, oral suspension, Bottle, 240 ml",Nevirapine,Generic,10mg/ml,Oral suspension,240,313,1940.60,6.2,0.03,"Aurobindo Unit III, India",FALSE,See DN-209 (ID#:11136),null,3.1
"83,048",151-NG-T30,FPQ-9432,SO-42334,DN-2708,Nigeria,PMO - US,From RDC,N/A - From RDC,Air Charter,03-01-12,N/A - From RDC,02-Aug-12,03-Jun-12,03-Jun-12,ARV,Adult,SCMS from RDC,"Emtricitabine/Tenofovir Disoproxil Fumarate 200/300mg, tablets, 30 Tabs",Emtricitabine/Tenofovir Disoproxil Fumarate,Generic,200/300mg,Tablet - FDC,30,"13,743",110493.72,8.04,0.27,"Aurobindo Unit III, India",TRUE,1340,"$17,090 ",154.91
"83,049",151-NG-T30,FPQ-9432,SO-42335,DN-2709,Nigeria,PMO - US,From RDC,N/A - From RDC,Air Charter,03-01-12,N/A - From RDC,02-Aug-12,03-Jun-12,03-Jun-12,ARV,Adult,SCMS from RDC,"Lamivudine/Nevirapine/Zidovudine 150/200/300mg, tablets, 60 Tabs",Lamivudine/Nevirapine/Zidovudine,Generic,150/300/200mg,Tablet - FDC,60,"116,254",1196253.66,10.29,0.17,Mylan (formerly Matrix) Nashik,TRUE,14964,"$17,090 ","1,677.15"
"83,050",114-UG-T30,FPQ-9354,SO-41620,DN-2712,Uganda,PMO - US,From RDC,N/A - From RDC,Air,2/20/2012,N/A - From RDC,20-Jul-12,13-Jul-12,13-Jul-12,ARV,Adult,SCMS from RDC,"Tenofovir Disoproxil Fumarate 300mg, tablets, 30 Tabs",Tenofovir Disoproxil Fumarate,Generic,300mg,Tablet,30,"1,685",9267.50,5.5,0.18,"Aurobindo Unit III, India",TRUE,137,"$1,834.79 ",12.99
"83,051",151-NG-T30,FPQ-8952,SO-41250,DN-2725,Nigeria,PMO - US,From RDC,N/A - From RDC,Air Charter,12-08-11,N/A - From RDC,04-Jul-12,10-Jul-12,10-Jul-12,ARV,Adult,SCMS from RDC,"Nevirapine 200mg, tablets, 60 Tabs",Nevirapine,Generic,200mg,Tablet,60,"100,156",244380.64,2.44,0.04,"Aurobindo Unit III, India",TRUE,10687,"$21,347.12 ",342.62
"83,052",151-NG-T30,FPQ-8952,SO-42640,DN-2728,Nigeria,PMO - US,From RDC,N/A - From RDC,Air Charter,12-08-11,N/A - From RDC,10-Jul-12,10-Jul-12,10-Jul-12,ARV,Adult,SCMS from RDC,"Lamivudine/Zidovudine 150/300mg, tablets, 60 Tabs",Lamivudine/Zidovudine,Generic,150/300mg,Tablet - FDC,60,"74,288",577960.64,7.78,0.13,"Aurobindo Unit III, India",TRUE,7351,"$21,347.12 ",810.3
"12,072",112-NG-T01,Pre-PQ Process,SO-563,DN-209,Nigeria,PMO - US,From RDC,N/A - From RDC,,Pre-PQ Process,N/A - From RDC,03-Jul-07,03-Jul-07,03-Jul-07,ARV,Adult,SCMS from RDC,"Lamivudine/Zidovudine+Nevirapine 150/300+200mg, tablets, co-blister, 60+60 Tabs",Lamivudine/Zidovudine+Nevirapine,Generic,150/300+200mg,Tablet - FDC + co-blister,120,"10,020",205410.00,20.5,0.17,"Aspen-OSD, Port Elizabeth, SA",FALSE,See DN-209 (ID#:11136),null,328.66
"83,055",107-RW-T30,FPQ-10119,SO-42731,DN-2737,Rwanda,PMO - US,From RDC,N/A - From RDC,Air,6/18/2012,N/A - From RDC,28-Sep-12,21-Jul-12,21-Jul-12,ARV,Pediatric,SCMS from RDC,"Efavirenz 200mg, capsule, 90 Caps",Efavirenz,Generic,200mg,Capsule,90,"1,480",12224.80,8.26,0.09,"Aurobindo Unit III, India",TRUE,187,"$2,109.22 ",17.14
"83,056",114-UG-T30,FPQ-9875,SO-42051,DN-2745,Uganda,PMO - US,From RDC,N/A - From RDC,Air,05-09-12,N/A - From RDC,07-Aug-12,07-Aug-12,07-Aug-12,ARV,Adult,SCMS from RDC,"Efavirenz 600mg, tablets, 30 Tabs",Efavirenz,Generic,600mg,Tablet,30,"13,373",52288.43,3.91,0.13,"Strides, Bangalore, India.",TRUE,816,"$7,964.24 ",73.31
"83,059",103-CD-T30,FPQ-10187,SO-42770,DN-2758,"Congo, DRC",PMO - US,From RDC,N/A - From RDC,Air,6/26/2012,N/A - From RDC,30-Nov-12,30-Nov-12,30-Nov-12,HRDT,HIV test,SCMS from RDC,"HIV 1/2, Determine Complete HIV Kit, 100 Tests","HIV 1/2, Determine Complete HIV Kit",Determine,,Test kit,100,725,58000.00,80,0.8,"Alere Medical Co., Ltd.",TRUE,225,"$1,482.70 ",81.32
"83,060",151-NG-T30,FPQ-9432,SO-42802,DN-2767,Nigeria,PMO - US,From RDC,N/A - From RDC,Air Charter,03-01-12,N/A - From RDC,02-Aug-12,24-Jul-12,24-Jul-12,ARV,Adult,SCMS from RDC,"Lamivudine/Nevirapine/Zidovudine 150/200/300mg, tablets, 60 Tabs",Lamivudine/Nevirapine/Zidovudine,Generic,150/300/200mg,Tablet - FDC,60,"159,964",1569246.84,9.81,0.16,"Aurobindo Unit III, India",TRUE,37944,"$16,532.50 ","2,200.08"
"83,061",900-UG-T30,FPQ-10048,SO-42570,DN-2781,Uganda,PMO - US,From RDC,N/A - From RDC,Air,06-06-12,N/A - From RDC,30-Oct-12,30-Oct-12,30-Oct-12,ARV,Adult,SCMS from RDC,"Lamivudine/Tenofovir Disoproxil Fumarate 300/300mg, tablets, 30 Tabs",Lamivudine/Tenofovir Disoproxil Fumarate,Generic,300/300mg,Tablet - FDC,30,"20,000",110800.00,5.54,0.18,"Aurobindo Unit VII, IN",TRUE,8996,"$43,098.90 ",155.34
"83,062",900-UG-T30,FPQ-10048,SO-42581,DN-2782,Uganda,PMO - US,From RDC,N/A - From RDC,Air,06-06-12,N/A - From RDC,30-Oct-12,30-Oct-12,30-Oct-12,ARV,Adult,SCMS from RDC,"Lopinavir/Ritonavir 200/50mg, tablets, 120 Tabs",Lopinavir/Ritonavir,Generic,200/50mg,Tablet,120,"5,000",148400.00,29.68,0.25,"Aurobindo Unit III, India",TRUE,1199,"$7,070 ",208.06
"83,063",104-CI-T30,FPQ-9063,SO-41341,DN-2787,Côte d'Ivoire,PMO - US,From RDC,N/A - From RDC,Truck,12/21/2011,N/A - From RDC,31-Aug-12,12-Aug-12,12-Aug-12,ARV,Adult,SCMS from RDC,"Efavirenz 600mg, tablets, 30 Tabs",Efavirenz,Generic,600mg,Tablet,30,"54,392",207233.52,3.81,0.13,Hetero Unit III Hyderabad IN,TRUE,4883,"$16,898.58 ",290.54
"83,064",151-NG-T30,FPQ-9432,SO-42930,DN-2791,Nigeria,PMO - US,From RDC,N/A - From RDC,Air Charter,03-01-12,N/A - From RDC,20-Aug-12,14-Aug-12,14-Aug-12,ARV,Adult,SCMS from RDC,"Lamivudine/Zidovudine 150/300mg, tablets, 60 Tabs",Lamivudine/Zidovudine,Generic,150/300mg,Tablet - FDC,60,"1,048",8384.00,8,0.13,"Cipla, Goa, India",TRUE,4809,"$18,461.23 ",11.75
"83,065",107-RW-T30,FPQ-10042,SO-42490,DN-2798,Rwanda,PMO - US,From RDC,N/A - From RDC,Air,06-04-12,N/A - From RDC,31-Aug-12,23-Aug-12,23-Aug-12,ARV,Adult,SCMS from RDC,"Abacavir 300mg, tablets, 60 Tabs",Abacavir,Generic,300mg,Tablet,60,"6,849",90064.35,13.15,0.22,"Aurobindo Unit III, India",TRUE,880,"$13,841.89 ",126.27
"83,066",900-UG-T30,FPQ-10084,SO-42631,DN-2800,Uganda,PMO - US,From RDC,N/A - From RDC,Truck,06-07-12,N/A - From RDC,27-Sep-12,27-Sep-12,27-Sep-12,ARV,Adult,SCMS from RDC,"Efavirenz 600mg, tablets, 30 Tabs",Efavirenz,Generic,600mg,Tablet,30,"66,160",258685.60,3.91,0.13,"Aurobindo Unit III, India",TRUE,5641,"$2,175.07 ",362.68
"83,067",105-GY-T30,FPQ-10252,SO-42780,DN-2811,Guyana,PMO - US,From RDC,N/A - From RDC,Air,07-05-12,N/A - From RDC,02-Oct-12,29-Aug-12,29-Aug-12,ARV,Pediatric,SCMS from RDC,"Efavirenz 200mg, capsule, 90 Caps",Efavirenz,Generic,200mg,Capsule,90,52,429.52,8.26,0.09,"Aurobindo Unit III, India",TRUE,38,"$4,718.30 ",0.6
"83,068",102-CD-T30,FPQ-9906,SO-42340,DN-2812,"Congo, DRC",PMO - US,From RDC,N/A - From RDC,Air,5/15/2012,N/A - From RDC,14-Feb-13,14-Feb-13,14-Feb-13,ARV,Adult,SCMS from RDC,"Lamivudine/Zidovudine 150/300mg, tablets, 60 Tabs",Lamivudine/Zidovudine,Generic,150/300mg,Tablet - FDC,60,"1,224",9449.28,7.72,0.13,Mylan (formerly Matrix) Nashik,TRUE,3637,"$25,634.47 ",13.25
"83,069",151-NG-T30,FPQ-9432,SO-42937,DN-2821,Nigeria,PMO - US,From RDC,N/A - From RDC,Air,03-01-12,N/A - From RDC,31-Aug-12,14-Aug-12,14-Aug-12,ARV,Adult,SCMS from RDC,"Lamivudine/Tenofovir Disoproxil Fumarate 300/300mg, tablets, 30 Tabs",Lamivudine/Tenofovir Disoproxil Fumarate,Generic,300/300mg,Tablet - FDC,30,"25,000",134000.00,5.36,0.18,Hetero Unit III Hyderabad IN,TRUE,5897,"$18,461.22 ",187.87
"83,070",151-NG-T30,FPQ-9432,SO-41680,DN-2823,Nigeria,PMO - US,From RDC,N/A - From RDC,Air,03-01-12,N/A - From RDC,10-Sep-12,14-Aug-12,14-Aug-12,ARV,Adult,SCMS from RDC,"Efavirenz/Emtricitabine/Tenofovir Disoproxil Fumarate 600/200/300mg, tablets, 30 Tabs",Efavirenz/Emtricitabine/Tenofovir Disoproxil Fumarate,Generic,600/200/300mg,Tablet - FDC,30,"107,489",1616634.56,15.04,0.5,Mylan (formerly Matrix) Nashik,TRUE,13193,"$18,461.22 ","2,266.52"
"12,354",112-NG-T01,Pre-PQ Process,SO-563,DN-209,Nigeria,PMO - US,From RDC,N/A - From RDC,,Pre-PQ Process,N/A - From RDC,03-Jul-07,03-Jul-07,03-Jul-07,ARV,Adult,SCMS from RDC,"Nevirapine 200mg, tablets, 60 Tabs",Nevirapine,Generic,200mg,Tablet,60,538,1920.66,3.57,0.06,"Aurobindo Unit III, India",FALSE,See DN-209 (ID#:11136),null,3.07
"83,072",110-ZM-T30,FPQ-9472,SO-41703,DN-2834,Zambia,PMO - US,From RDC,N/A - From RDC,Truck,03-08-12,N/A - From RDC,24-Sep-12,07-Sep-12,07-Sep-12,ARV,Adult,SCMS from RDC,"Emtricitabine/Tenofovir Disoproxil Fumarate 200/300mg, tablets, 30 Tabs",Emtricitabine/Tenofovir Disoproxil Fumarate,Generic,200/300mg,Tablet - FDC,30,"107,175",762014.25,7.11,0.24,Mylan (formerly Matrix) Nashik,TRUE,8709,"$7,317.47 ","1,068.34"
"12,365",112-NG-T01,Pre-PQ Process,SO-563,DN-209,Nigeria,PMO - US,From RDC,N/A - From RDC,,Pre-PQ Process,N/A - From RDC,03-Jul-07,03-Jul-07,03-Jul-07,ARV,Pediatric,SCMS from RDC,"Zidovudine 10mg/ml, oral solution, Bottle, 240 ml",Zidovudine,Generic,10mg/ml,Oral solution,240,278,1098.10,3.95,0.02,"Aurobindo Unit III, India",FALSE,See DN-209 (ID#:11136),null,1.76
"82,931",151-NG-T30,FPQ-6243,SO-38320,DN-2090,Nigeria,PMO - US,From RDC,N/A - From RDC,Air Charter,8/25/2010,N/A - From RDC,22-Feb-11,16-Feb-11,16-Feb-11,ARV,Adult,SCMS from RDC,"Nevirapine 200mg, tablets, 60 Tabs",Nevirapine,Generic,200mg,Tablet,60,"160,786",414827.88,2.58,0.04,"Aurobindo Unit III, India",FALSE,See DN-2090 (ID#:82366),null,894.37
"83,075",114-UG-T30,FPQ-9356,SO-41600,DN-2840,Uganda,PMO - US,From RDC,N/A - From RDC,Truck,2/20/2012,N/A - From RDC,05-Oct-12,06-Oct-12,06-Oct-12,ARV,Adult,SCMS from RDC,"Lopinavir/Ritonavir 200/50mg, tablets, 120 Tabs",Lopinavir/Ritonavir,Generic,200/50mg,Tablet,120,"4,968",145612.08,29.31,0.24,"Aurobindo Unit III, India",TRUE,1207,"$7,238 ",204.15
"83,076",114-UG-T30,FPQ-9876,SO-42320,DN-2841,Uganda,PMO - US,From RDC,N/A - From RDC,Truck,5/15/2012,N/A - From RDC,28-Sep-12,24-Sep-12,24-Sep-12,ARV,Adult,SCMS from RDC,"Lopinavir/Ritonavir 200/50mg, tablets, 120 Tabs",Lopinavir/Ritonavir,Generic,200/50mg,Tablet,120,"8,517",252784.56,29.68,0.25,"Aurobindo Unit III, India",TRUE,2078,"$15,761.76 ",354.4
"83,077",107-RW-T30,FPQ-10119,SO-42760,DN-2845,Rwanda,PMO - US,From RDC,N/A - From RDC,Air,6/18/2012,N/A - From RDC,31-Oct-12,30-Oct-12,30-Oct-12,ARV,Adult,SCMS from RDC,"Lopinavir/Ritonavir 200/50mg, tablets, 120 Tabs",Lopinavir/Ritonavir,Generic,200/50mg,Tablet,120,"10,979",325856.72,29.68,0.25,Mylan (formerly Matrix) Nashik,TRUE,2881,"$5,825.17 ",456.85
"83,078",107-RW-T30,FPQ-10015,SO-42480,DN-2848,Rwanda,PMO - US,From RDC,N/A - From RDC,Air,06-04-12,N/A - From RDC,28-Sep-12,13-Sep-12,13-Sep-12,ARV,Adult,SCMS from RDC,"Nevirapine 200mg, tablets, 60 Tabs",Nevirapine,Generic,200mg,Tablet,60,"69,922",170609.68,2.44,0.04,"Strides, Bangalore, India.",TRUE,4444,"$26,081.05 ",239.19
"83,079",107-RW-T30,FPQ-9888,SO-42120,DN-2852,Rwanda,PMO - US,From RDC,N/A - From RDC,Air,05-11-12,N/A - From RDC,28-Sep-12,05-Oct-12,05-Oct-12,ARV,Pediatric,SCMS from RDC,"Abacavir 20mg/ml, oral solution w/syringe, Bottle, 240 ml",Abacavir,Generic,20mg/ml,Oral solution,240,"4,928",61600.00,12.5,0.05,"Aurobindo Unit III, India",TRUE,1800,"$12,500.58 ",86.36
"83,080",107-RW-T30,FPQ-9888,SO-42140,DN-2853,Rwanda,PMO - US,From RDC,N/A - From RDC,Air,05-11-12,N/A - From RDC,26-Oct-12,26-Oct-12,26-Oct-12,ARV,Adult,SCMS from RDC,"Lopinavir/Ritonavir 200/50mg, tablets, 120 Tabs",Lopinavir/Ritonavir,Generic,200/50mg,Tablet,120,"16,515",490165.20,29.68,0.25,"Aurobindo Unit III, India",TRUE,3991,"$13,380.52 ",687.21
"82,932",151-NG-T30,FPQ-6243,SO-38320,DN-2090,Nigeria,PMO - US,From RDC,N/A - From RDC,Air Charter,8/25/2010,N/A - From RDC,22-Feb-11,16-Feb-11,16-Feb-11,ARV,Pediatric,SCMS from RDC,"Efavirenz 200mg, capsule, 90 Caps",Efavirenz,Generic,200mg,Capsule,90,"1,050",10174.50,9.69,0.11,"Aurobindo Unit III, India",FALSE,See DN-2090 (ID#:82366),null,21.94
"83,082",114-UG-T30,FPQ-10395,SO-42940,DN-2860,Uganda,PMO - US,From RDC,N/A - From RDC,Air,7/24/2012,N/A - From RDC,27-Oct-12,27-Oct-12,27-Oct-12,ARV,Adult,SCMS from RDC,"Lamivudine/Tenofovir Disoproxil Fumarate 300/300mg, tablets, 30 Tabs",Lamivudine/Tenofovir Disoproxil Fumarate,Generic,300/300mg,Tablet - FDC,30,"11,994",64287.84,5.36,0.18,"Cipla, Kurkumbh, India",TRUE,1199,"$7,918 ",90.13
"83,083",111-MZ-T30,FPQ-10210,SO-42820,DN-2862,Mozambique,PMO - US,From RDC,N/A - From RDC,Truck,6/28/2012,N/A - From RDC,31-Oct-12,10-Oct-12,10-Oct-12,ARV,Adult,SCMS from RDC,"Nevirapine 200mg, tablets, 60 Tabs",Nevirapine,Generic,200mg,Tablet,60,"3,167",7664.14,2.42,0.04,Mylan (formerly Matrix) Nashik,TRUE,775,"$3,855.94 ",10.75
"85,172",151-NG-T30,FPQ-6243,SO-38320,DN-2090,Nigeria,PMO - US,From RDC,N/A - From RDC,Air Charter,8/25/2010,N/A - From RDC,22-Feb-11,16-Feb-11,16-Feb-11,ARV,Adult,SCMS from RDC,"Emtricitabine/Tenofovir Disoproxil Fumarate 200/300mg, tablets, 30 Tabs",Emtricitabine/Tenofovir Disoproxil Fumarate,Generic,200/300mg,Tablet - FDC,30,"55,488",605928.96,10.92,0.36,Mylan (formerly Matrix) Nashik,FALSE,See DN-2090 (ID#:82366),null,"1,306.38"
"85,173",151-NG-T30,FPQ-6243,SO-38320,DN-2090,Nigeria,PMO - US,From RDC,N/A - From RDC,Air Charter,8/25/2010,N/A - From RDC,22-Feb-11,16-Feb-11,16-Feb-11,ARV,Adult,SCMS from RDC,"Stavudine 30mg, capsules, 60 Caps",Stavudine,Generic,30mg,Capsule,60,200,280.00,1.4,0.02,"Aurobindo Unit III, India",FALSE,See DN-2090 (ID#:82366),null,0.6
"85,731",151-NG-T30,FPQ-6243,SO-38320,DN-2090,Nigeria,PMO - US,From RDC,N/A - From RDC,Air Charter,8/25/2010,N/A - From RDC,22-Feb-11,16-Feb-11,16-Feb-11,ARV,Adult,SCMS from RDC,"Efavirenz/Emtricitabine/Tenofovir Disoproxil Fumarate 600/200/300mg, tablets, 30 Tabs",Efavirenz/Emtricitabine/Tenofovir Disoproxil Fumarate,Generic,600/200/300mg,Tablet - FDC,30,"43,638",869268.96,19.92,0.66,Mylan (formerly Matrix) Nashik,FALSE,See DN-2090 (ID#:82366),null,"1,874.14"
"85,732",151-NG-T30,FPQ-6243,SO-38320,DN-2090,Nigeria,PMO - US,From RDC,N/A - From RDC,Air Charter,8/25/2010,N/A - From RDC,22-Feb-11,16-Feb-11,16-Feb-11,ARV,Adult,SCMS from RDC,"Lamivudine/Nevirapine/Zidovudine 150/200/300mg, tablets, 60 Tabs",Lamivudine/Nevirapine/Zidovudine,Generic,150/300/200mg,Tablet - FDC,60,"100,000",1122000.00,11.22,0.19,Mylan (formerly Matrix) Nashik,FALSE,See DN-2090 (ID#:82366),null,"2,419.03"
"83,088",900-CM-T30,FPQ-10641,SO-43381,DN-2898,Cameroon,PMO - US,From RDC,N/A - From RDC,Air Charter,9/19/2012,N/A - From RDC,07-Nov-12,17-Oct-12,17-Oct-12,ARV,Adult,SCMS from RDC,"Efavirenz/Lamivudine/Tenofovir Disoproxil Fumarate 600/300/300mg, tablets, 30 Tabs",Efavirenz/Lamivudine/Tenofovir Disoproxil Fumarate,Generic,600/300/300mg,Tablet - FDC,30,"20,000",265400.00,13.27,0.44,Mylan (formerly Matrix) Nashik,TRUE,3943,"$67,732.55 ",372.09
"83,089",103-ZW-T30,FPQ-9907,SO-42270,DN-2914,Zimbabwe,PMO - US,From RDC,N/A - From RDC,Truck,5/15/2012,N/A - From RDC,19-Nov-12,19-Nov-12,19-Nov-12,ARV,Pediatric,SCMS from RDC,"Lamivudine/Zidovudine 30/60mg, tablets, 60 Tabs",Lamivudine/Zidovudine,Generic,30/60mg,Tablet - FDC,60,"26,267",72496.92,2.76,0.05,Mylan (formerly Matrix) Nashik,TRUE,1875,"$6,933.75 ",101.64
"83,090",103-ZW-T30,FPQ-9907,SO-42221,DN-2924,Zimbabwe,PMO - US,From RDC,N/A - From RDC,Truck,5/15/2012,N/A - From RDC,30-Nov-12,14-Nov-12,14-Nov-12,ARV,Pediatric,SCMS from RDC,"Abacavir 20mg/ml, oral solution w/syringe, Bottle, 240 ml",Abacavir,Generic,20mg/ml,Oral solution,240,42,525.00,12.5,0.05,"Aurobindo Unit III, India",TRUE,16,$839.70 ,0.74
"83,091",104-CI-T30,FPQ-9749,SO-42372,DN-2932,Côte d'Ivoire,PMO - US,From RDC,N/A - From RDC,Truck,4/19/2012,N/A - From RDC,15-Dec-12,26-Nov-12,26-Nov-12,ARV,Pediatric,SCMS from RDC,"Lamivudine/Zidovudine 30/60mg, tablets, 60 Tabs",Lamivudine/Zidovudine,Generic,30/60mg,Tablet - FDC,60,"10,080",27820.80,2.76,0.05,Mylan (formerly Matrix) Nashik,TRUE,5466,"$19,079.68 ",39
"83,092",110-ZM-T30,FPQ-10530,SO-43151,DN-2931,Zambia,PMO - US,From RDC,N/A - From RDC,Truck,8/21/2012,N/A - From RDC,26-Dec-12,17-Dec-12,17-Dec-12,ARV,Adult,SCMS from RDC,"Lamivudine 150mg, tablets, 60 Tabs",Lamivudine,Generic,150mg,Tablet,60,"15,393",33248.88,2.16,0.04,Hetero Unit III Hyderabad IN,TRUE,768,"$5,213.54 ",46.61
"86,361",151-NG-T30,FPQ-6243,SO-38320,DN-2090,Nigeria,PMO - US,From RDC,N/A - From RDC,Air Charter,8/25/2010,N/A - From RDC,22-Feb-11,16-Feb-11,16-Feb-11,ARV,Adult,SCMS from RDC,"Efavirenz 600mg, tablets, 30 Tabs",Efavirenz,Generic,600mg,Tablet,30,"51,140",221947.60,4.34,0.14,"Aurobindo Unit III, India",FALSE,See DN-2090 (ID#:82366),null,478.52
"83,094",106-HT-T30,FPQ-10883,SO-43600,DN-2934,Haiti,PMO - US,From RDC,N/A - From RDC,Air,10/30/2012,N/A - From RDC,03-Dec-12,14-Nov-12,14-Nov-12,ARV,Adult,SCMS from RDC,"Lamivudine/Zidovudine 150/300mg, tablets, 60 Tabs",Lamivudine/Zidovudine,Generic,150/300mg,Tablet - FDC,60,"29,220",225578.40,7.72,0.13,Mylan (formerly Matrix) Nashik,TRUE,3809,"$39,513.54 ",279.04
"86,362",151-NG-T30,FPQ-6243,SO-38320,DN-2090,Nigeria,PMO - US,From RDC,N/A - From RDC,Air Charter,8/25/2010,N/A - From RDC,22-Feb-11,16-Feb-11,16-Feb-11,ARV,Adult,SCMS from RDC,"Lamivudine/Nevirapine/Stavudine 150/200/30mg, tablets, 60 Tabs",Lamivudine/Nevirapine/Stavudine,Generic,150/200/30mg,Tablet - FDC,60,"1,000",5560.00,5.56,0.09,"Strides, Bangalore, India.",FALSE,See DN-2090 (ID#:82366),null,11.99
"85,734",104-CI-T30,FPQ-5925,SO-37130,DN-2095,Côte d'Ivoire,PMO - US,From RDC,N/A - From RDC,Air,6/23/2010,N/A - From RDC,22-Feb-11,22-Feb-11,22-Feb-11,ARV,Adult,SCMS from RDC,"Lamivudine/Stavudine 150/30mg, tablets, 60 Tabs",Lamivudine/Stavudine,Generic,150/30mg,Tablet - FDC,60,"63,000",206640.00,3.28,0.05,Mylan (formerly Matrix) Nashik,FALSE,See DN-2095 (ID#:85733),null,445.52
"83,097",104-CI-T30,FPQ-10405,SO-42980,DN-2958,Côte d'Ivoire,PMO - US,From RDC,N/A - From RDC,Truck,7/24/2012,N/A - From RDC,01-Feb-13,14-Jan-13,14-Jan-13,ARV,Pediatric,SCMS from RDC,"Lamivudine/Zidovudine 30/60mg, tablets, 60 Tabs",Lamivudine/Zidovudine,Generic,30/60mg,Tablet - FDC,60,"3,952",10907.52,2.76,0.05,"Aurobindo Unit III, India",TRUE,2705,"$9,879.25 ",15.29
"83,098",107-RW-T30,FPQ-10119,SO-42710,DN-2961,Rwanda,PMO - US,From RDC,N/A - From RDC,Air,6/18/2012,N/A - From RDC,06-Feb-13,06-Feb-13,06-Feb-13,ARV,Adult,SCMS from RDC,"Lamivudine/Tenofovir Disoproxil Fumarate 300/300mg, tablets, 30 Tabs",Lamivudine/Tenofovir Disoproxil Fumarate,Generic,300/300mg,Tablet - FDC,30,"34,997",187583.92,5.36,0.18,"Aurobindo Unit VII, IN",TRUE,10698,"$20,994.85 ",262.99
"83,099",104-CI-T30,FPQ-10405,SO-42960,DN-2968,Côte d'Ivoire,PMO - US,From RDC,N/A - From RDC,Truck,7/24/2012,N/A - From RDC,28-Feb-13,27-Dec-12,27-Dec-12,ARV,Adult,SCMS from RDC,"Tenofovir Disoproxil Fumarate 300mg, tablets, 30 Tabs",Tenofovir Disoproxil Fumarate,Generic,300mg,Tablet,30,"5,856",28225.92,4.82,0.16,Mylan (formerly Matrix) Nashik,TRUE,354,"$3,026.62 ",39.57
"83,100",109-TZ-T30,FPQ-10545,SO-43111,DN-2972,Tanzania,PMO - US,From RDC,N/A - From RDC,Truck,8/24/2012,N/A - From RDC,28-Feb-13,26-Feb-12,26-Feb-13,ARV,Pediatric,SCMS from RDC,"Efavirenz 200mg, scored tablets, 90 Tabs",Efavirenz,Generic,200mg,Tablet,90,"5,765",42084.50,7.3,0.08,"Strides, Bangalore, India.",TRUE,350,"$2,266 ",59
"84,617",104-CI-T30,FPQ-6495,SO-37710,DN-2098,Côte d'Ivoire,PMO - US,From RDC,N/A - From RDC,Truck,10-04-10,N/A - From RDC,31-Jan-11,22-Feb-11,22-Feb-11,ARV,Adult,SCMS from RDC,"Emtricitabine/Tenofovir Disoproxil Fumarate 200/300mg, tablets, 30 Tabs",Emtricitabine/Tenofovir Disoproxil Fumarate,Generic,200/300mg,Tablet - FDC,30,"9,920",108326.40,10.92,0.36,Mylan (formerly Matrix) Nashik,FALSE,See DN-2098 (ID#:83482),null,233.55
"85,175",202-GT-T30,FPQ-6943,SO-38270,DN-2100,Guatemala,PMO - US,From RDC,N/A - From RDC,Air,12/29/2010,N/A - From RDC,31-Jan-11,10-Feb-11,10-Feb-11,ARV,Adult,SCMS from RDC,"Efavirenz 600mg, tablets, 30 Tabs",Efavirenz,Generic,600mg,Tablet,30,"34,553",149268.96,4.32,0.14,"Emcure Plot No.P-2, I.T-B.T. Park, Phase II, MIDC, Hinjwadi, Pune, India",FALSE,See DN-2100 (ID#:85174),null,246.29
"83,103",111-MZ-T30,FPQ-10211,SO-42871,DN-2985,Mozambique,PMO - US,From RDC,N/A - From RDC,Truck,6/28/2012,N/A - From RDC,22-Mar-13,22-Mar-13,22-Mar-13,ARV,Adult,SCMS from RDC,"Lamivudine/Nevirapine/Zidovudine 150/200/300mg, tablets, 60 Tabs",Lamivudine/Nevirapine/Zidovudine,Generic,150/300/200mg,Tablet - FDC,60,"182,729",1639079.13,8.97,0.15,Hetero Unit III Hyderabad IN,TRUE,25666,"$7,733.77 ","2,297.99"
"83,107",111-MZ-T30,FPQ-11033,SO-43760,DN-3012,Mozambique,PMO - US,From RDC,N/A - From RDC,Truck,11-12-12,N/A - From RDC,01-Apr-13,22-Mar-13,22-Mar-13,ARV,Adult,SCMS from RDC,"Lamivudine/Zidovudine 150/300mg, tablets, 60 Tabs",Lamivudine/Zidovudine,Generic,150/300mg,Tablet - FDC,60,"39,096",284227.92,7.27,0.12,"Aurobindo Unit III, India",TRUE,3591,"$7,733.77 ",351.59
"83,108",101-CD-T30,FPQ-11096,SO-43750,DN-3017,"Congo, DRC",PMO - US,From RDC,N/A - From RDC,Air,11/20/2012,N/A - From RDC,18-Mar-13,08-Aug-13,08-Aug-13,ARV,Pediatric,SCMS from RDC,"Nevirapine 10mg/ml, oral suspension w/syringe, Bottle, 240 ml",Nevirapine,Generic,10mg/ml,Oral suspension,240,738,1439.10,1.95,0.01,"Aurobindo Unit III, India",TRUE,112,"$9,687.69 ",1.78
"83,109",104-CI-T30,FPQ-10626,SO-43271,DN-3018,Côte d'Ivoire,PMO - US,From RDC,N/A - From RDC,Truck,09-06-12,N/A - From RDC,11-Mar-13,28-Feb-13,28-Feb-13,ARV,Adult,SCMS from RDC,"Lamivudine/Tenofovir Disoproxil Fumarate 300/300mg, tablets, 30 Tabs",Lamivudine/Tenofovir Disoproxil Fumarate,Generic,300/300mg,Tablet - FDC,30,"9,033",42455.10,4.7,0.16,Hetero Unit III Hyderabad IN,TRUE,941,"$3,980.18 ",59.52
"83,110",104-CI-T30,FPQ-11306,SO-44240,DN-3020,Côte d'Ivoire,PMO - US,From RDC,N/A - From RDC,Air,12/14/2012,N/A - From RDC,06-Mar-13,28-Feb-13,28-Feb-13,ARV,Adult,SCMS from RDC,"Emtricitabine/Tenofovir Disoproxil Fumarate 200/300mg, tablets, 30 Tabs",Emtricitabine/Tenofovir Disoproxil Fumarate,Generic,200/300mg,Tablet - FDC,30,"8,300",50381.00,6.07,0.2,"Aurobindo Unit III, India",TRUE,760,"$4,880.14 ",62.32
"83,111",104-CI-T30,FPQ-10405,SO-43000,DN-3023,Côte d'Ivoire,PMO - US,From RDC,N/A - From RDC,Truck,7/24/2012,N/A - From RDC,27-Mar-13,28-Feb-13,28-Feb-13,ARV,Pediatric,SCMS from RDC,"Abacavir/Lamivudine 60/30mg, tablets, 60 Tabs",Abacavir/Lamivudine,Generic,60/30mg,Tablet - FDC,60,"5,024",23110.40,4.6,0.08,"Aurobindo Unit III, India",TRUE,2732,"$10,680.14 ",32.4
"83,112",114-UG-T30,FPQ-10780,SO-43490,DN-3024,Uganda,PMO - US,From RDC,N/A - From RDC,Air,10-10-12,N/A - From RDC,18-Mar-13,07-Mar-13,07-Mar-13,ARV,Adult,SCMS from RDC,"Lamivudine/Zidovudine 150/300mg, tablets, 60 Tabs",Lamivudine/Zidovudine,Generic,150/300mg,Tablet - FDC,60,"10,125",73608.75,7.27,0.12,"Cipla, Goa, India",TRUE,1887,"$12,736.25 ",103.2
"86,363",151-NG-T30,FPQ-6243,SO-38390,DN-2101,Nigeria,PMO - US,From RDC,N/A - From RDC,Air Charter,8/25/2010,N/A - From RDC,17-Feb-11,16-Feb-11,16-Feb-11,ARV,Adult,SCMS from RDC,"Efavirenz 600mg, tablets, 30 Tabs",Efavirenz,Generic,600mg,Tablet,30,"20,418",88614.12,4.34,0.14,Mylan (formerly Matrix) Nashik,FALSE,See DN-2101 (ID#:85735),null,191.05
"83,114",102-ZW-T30,FPQ-10674,SO-43240,DN-3037,Zimbabwe,PMO - US,From RDC,N/A - From RDC,Truck,9/18/2012,N/A - From RDC,30-Mar-13,23-Mar-13,23-Mar-13,ARV,Adult,SCMS from RDC,"Abacavir/Lamivudine 600/300mg, scored tablets, 30 Tabs",Abacavir/Lamivudine,Generic,600/300mg,Tablet - FDC,30,270,3769.20,13.96,0.47,Mylan (formerly Matrix) Nashik,TRUE,18,"$1,100 ",5.28
"83,136",113-ZW-T30,FPQ-11002,SO-43710,DN-3131,Zimbabwe,PMO - US,From RDC,N/A - From RDC,Truck,11/16/2012,N/A - From RDC,06-May-13,29-Apr-13,29-Apr-13,ARV,Adult,SCMS from RDC,"Nevirapine 200mg, tablets, 60 Tabs",Nevirapine,Generic,200mg,Tablet,60,"40,520",91575.20,2.26,0.04,"Aurobindo Unit III, India",TRUE,20226,"$21,173.75 ",113.28
"83,115",109-TZ-T30,FPQ-10545,SO-43121,DN-3038,Tanzania,PMO - US,From RDC,N/A - From RDC,Truck,8/24/2012,N/A - From RDC,01-Apr-13,15-Mar-13,15-Mar-13,ARV,Adult,SCMS from RDC,"Tenofovir Disoproxil Fumarate 300mg, tablets, 30 Tabs",Tenofovir Disoproxil Fumarate,Generic,300mg,Tablet,30,"1,773",7162.92,4.04,0.13,Mylan (formerly Matrix) Nashik,TRUE,116,"$2,035.84 ",10.04
"83,116",106-HT-T30,FPQ-11526,SO-44440,DN-3044,Haiti,PMO - US,From RDC,N/A - From RDC,Air,1/30/2013,N/A - From RDC,30-Apr-13,21-Mar-13,21-Mar-13,ARV,Pediatric,SCMS from RDC,"Lamivudine/Stavudine 30/6mg, dispersible tablets, 60 Tabs",Lamivudine/Stavudine,Generic,30/6mg,Chewable/dispersible tablet - FDC,60,822,1561.80,1.9,0.03,"Cipla, Goa, India",TRUE,107,"$1,779.74 ",1.93
"85,736",109-TZ-T30,FPQ-5436,SO-36610,DN-2102,Tanzania,PMO - US,From RDC,N/A - From RDC,Air,04-01-10,N/A - From RDC,28-Feb-11,28-Feb-11,28-Feb-11,ARV,Pediatric,SCMS from RDC,"Didanosine 100mg, chewable/dispersible tablets, 60 Tabs",Didanosine,Generic,100mg,Chewable/dispersible tablet,60,625,4825.00,7.72,0.13,"Aurobindo Unit III, India",FALSE,See DN-2102 (ID#:85176),null,10.4
"83,118",110-ZM-T30,FPQ-10728,SO-43452,DN-3045,Zambia,PMO - US,From RDC,N/A - From RDC,Truck,10-05-12,N/A - From RDC,15-Mar-13,22-Mar-13,22-Mar-13,ARV,Adult,SCMS from RDC,"Efavirenz/Emtricitabine/Tenofovir Disoproxil Fumarate 600/200/300mg, tablets, 30 Tabs",Efavirenz/Emtricitabine/Tenofovir Disoproxil Fumarate,Generic,600/200/300mg,Tablet - FDC,30,"100,000",1369000.00,13.69,0.46,"Cipla, Goa, India",TRUE,10442,"$11,520.85 ","1,919.34"
"83,119",104-CI-T30,FPQ-10633,SO-43340,DN-3046,Côte d'Ivoire,PMO - US,From RDC,N/A - From RDC,Truck,09-11-12,N/A - From RDC,30-Apr-13,08-Mar-13,08-Mar-13,ARV,Adult,SCMS from RDC,"Lopinavir/Ritonavir 200/50mg, tablets, 120 Tabs",Lopinavir/Ritonavir,Generic,200/50mg,Tablet,120,"3,524",87254.24,24.76,0.21,Mylan (formerly Matrix) Nashik,TRUE,3264,"$14,368.65 ",122.33
"83,120",106-HT-T30,FPQ-11281,SO-44430,DN-3061,Haiti,PMO - US,From RDC,N/A - From RDC,Air,1/16/2013,N/A - From RDC,09-Apr-13,14-Mar-13,14-Mar-13,ARV,Pediatric,SCMS from RDC,"Lamivudine 10mg/ml, oral solution w/syringe, Bottle, 240 ml",Lamivudine,Generic,10mg/ml,Oral solution,240,"1,944",3596.40,1.85,0.01,"Aurobindo Unit III, India",TRUE,682,"$8,118.08 ",4.45
"83,121",105-GY-T30,FPQ-11546,SO-44520,DN-3060,Guyana,PMO - US,From RDC,N/A - From RDC,Air,1/28/2013,N/A - From RDC,18-Apr-13,15-Mar-13,15-Mar-13,ARV,Adult,SCMS from RDC,"Emtricitabine/Tenofovir Disoproxil Fumarate 200/300mg, tablets, 30 Tabs",Emtricitabine/Tenofovir Disoproxil Fumarate,Generic,200/300mg,Tablet - FDC,30,"4,917",31370.46,6.38,0.21,Hetero Unit III Hyderabad IN,TRUE,1283,"$12,862.56 ",38.81
"83,122",109-TZ-T30,FPQ-10545,SO-43131,DN-3062,Tanzania,PMO - US,From RDC,N/A - From RDC,Truck,8/24/2012,N/A - From RDC,31-Mar-13,02-Apr-13,02-Apr-13,ARV,Adult,SCMS from RDC,"Emtricitabine/Tenofovir Disoproxil Fumarate 200/300mg, tablets, 30 Tabs",Emtricitabine/Tenofovir Disoproxil Fumarate,Generic,200/300mg,Tablet - FDC,30,"15,027",91213.89,6.07,0.2,Mylan (formerly Matrix) Nashik,TRUE,1248,"$4,529.50 ",127.88
"83,123",114-UG-T30,FPQ-11133,SO-43871,DN-3065,Uganda,PMO - US,From RDC,N/A - From RDC,Truck,12/13/2012,N/A - From RDC,28-Jun-13,20-Mar-13,20-Mar-13,ARV,Adult,SCMS from RDC,"Abacavir/Lamivudine 600/300mg, scored tablets, 30 Tabs",Abacavir/Lamivudine,Generic,600/300mg,Tablet - FDC,30,"5,760",80409.60,13.96,0.47,Mylan (formerly Matrix) Nashik,TRUE,610,"$6,585.03 ",99.47
"83,124",114-UG-T30,FPQ-11143,SO-43941,DN-3069,Uganda,PMO - US,From RDC,N/A - From RDC,Air,12/13/2012,N/A - From RDC,25-Apr-13,25-Apr-13,25-Apr-13,ARV,Adult,SCMS from RDC,"Nevirapine 200mg, tablets, 60 Tabs",Nevirapine,Generic,200mg,Tablet,60,"8,834",19964.84,2.26,0.04,"Aurobindo Unit III, India",TRUE,1600,"$8,699.80 ",24.7
"83,125",113-ZW-T30,FPQ-11002,SO-43700,DN-3084,Zimbabwe,PMO - US,From RDC,N/A - From RDC,Truck,11/16/2012,N/A - From RDC,30-Apr-13,08-Apr-13,08-Apr-13,ARV,Adult,SCMS from RDC,"Lamivudine/Tenofovir Disoproxil Fumarate 300/300mg, tablets, 30 Tabs",Lamivudine/Tenofovir Disoproxil Fumarate,Generic,300/300mg,Tablet - FDC,30,"131,520",618144.00,4.7,0.16,Hetero Unit III Hyderabad IN,TRUE,19248,"$14,451.69 ",764.64
"83,126",113-ZW-T30,FPQ-11002,SO-43711,DN-3085,Zimbabwe,PMO - US,From RDC,N/A - From RDC,Truck,11/16/2012,N/A - From RDC,30-Mar-13,08-Apr-13,08-Apr-13,ARV,Adult,SCMS from RDC,"Lamivudine/Tenofovir Disoproxil Fumarate 300/300mg, tablets, 30 Tabs",Lamivudine/Tenofovir Disoproxil Fumarate,Generic,300/300mg,Tablet - FDC,30,"29,506",138678.20,4.7,0.16,Hetero Unit III Hyderabad IN,TRUE,3133,"$14,451.69 ",171.54
"83,128",102-ZW-T30,FPQ-10674,SO-43230,DN-3092,Zimbabwe,PMO - US,From RDC,N/A - From RDC,Truck,9/18/2012,N/A - From RDC,30-Mar-13,08-Apr-13,08-Apr-13,ARV,Adult,SCMS from RDC,"Lamivudine/Nevirapine/Zidovudine 150/200/300mg, tablets, 60 Tabs",Lamivudine/Nevirapine/Zidovudine,Generic,150/300/200mg,Tablet - FDC,60,"21,300",182754.00,8.58,0.14,Mylan (formerly Matrix) Nashik,TRUE,13288,"$14,451.69 ",256.22
"83,129",104-CI-T30,FPQ-10633,SO-43330,DN-3075,Côte d'Ivoire,PMO - US,From RDC,N/A - From RDC,Truck,09-11-12,N/A - From RDC,28-Mar-13,30-Mar-13,30-Mar-13,ARV,Adult,SCMS from RDC,"Lamivudine/Nevirapine/Zidovudine 150/200/300mg, tablets, 60 Tabs",Lamivudine/Nevirapine/Zidovudine,Generic,150/300/200mg,Tablet - FDC,60,"8,778",75315.24,8.58,0.14,Hetero Unit III Hyderabad IN,TRUE,22043,"$41,802.56 ",105.59
"83,130",111-MZ-T30,FPQ-11882,SO-44800,DN-3107,Mozambique,PMO - US,From RDC,N/A - From RDC,Air,3/19/2013,N/A - From RDC,06-Jun-13,11-Jun-13,11-Jun-13,ARV,Adult,SCMS from RDC,"Efavirenz 600mg, tablets, 30 Tabs",Efavirenz,Generic,600mg,Tablet,30,"43,563",145064.79,3.33,0.11,"Aurobindo Unit VII, IN",TRUE,4122,"$28,602.94 ",179.45
"83,131",113-ZW-T30,FPQ-11002,SO-43702,DN-3113,Zimbabwe,PMO - US,From RDC,N/A - From RDC,Truck,11/16/2012,N/A - From RDC,30-Apr-13,29-Apr-13,29-Apr-13,ARV,Adult,SCMS from RDC,"Nevirapine 200mg, tablets, 60 Tabs",Nevirapine,Generic,200mg,Tablet,60,"4,136",9347.36,2.26,0.04,"Aurobindo Unit III, India",TRUE,394,"$8,600 ",11.56
"83,132",102-DO-T30,FPQ-11791,SO-44740,DN-3117,Dominican Republic,PMO - US,From RDC,N/A - From RDC,Air,03-04-13,N/A - From RDC,24-Apr-13,21-May-13,21-May-13,ARV,Adult,SCMS from RDC,"Nevirapine 200mg, tablets, 60 Tabs",Nevirapine,Generic,200mg,Tablet,60,"3,200",7232.00,2.26,0.04,Hetero Unit III Hyderabad IN,TRUE,1230,"$8,281.70 ",8.95
"83,483",104-CI-T30,FPQ-6144,SO-38380,DN-2106,Côte d'Ivoire,PMO - US,From RDC,N/A - From RDC,Air,08-03-10,N/A - From RDC,31-Jan-11,22-Feb-11,22-Feb-11,ARV,Adult,SCMS from RDC,"Lamivudine/Zidovudine 150/300mg, tablets, 60 Tabs",Lamivudine/Zidovudine,Generic,150/300mg,Tablet - FDC,60,"18,507",158234.85,8.55,0.14,"Aurobindo Unit III, India",FALSE,See DN-2106 (ID#:82933),null,341.15
"83,134",114-UG-T30,FPQ-11143,SO-43943,DN-3120,Uganda,PMO - US,From RDC,N/A - From RDC,Air,12/13/2012,N/A - From RDC,30-Apr-13,09-May-13,09-May-13,ARV,Adult,SCMS from RDC,"Nevirapine 200mg, tablets, 60 Tabs",Nevirapine,Generic,200mg,Tablet,60,"11,490",25967.40,2.26,0.04,Hetero Unit III Hyderabad IN,TRUE,722,"$3,483.79 ",32.12
"83,137",151-NG-T30,FPQ-11022,SO-43844,DN-3139,Nigeria,PMO - US,From RDC,N/A - From RDC,Air Charter,11/15/2012,N/A - From RDC,21-May-13,03-May-13,03-May-13,ARV,Adult,SCMS from RDC,"Lamivudine/Zidovudine 150/300mg, tablets, 60 Tabs",Lamivudine/Zidovudine,Generic,150/300mg,Tablet - FDC,60,"75,000",525000.00,7,0.12,"Aurobindo Unit III, India",TRUE,7515,"$14,547.55 ",649.42
"83,138",111-MZ-T30,FPQ-11884,SO-44851,DN-3146,Mozambique,PMO - US,From RDC,N/A - From RDC,Truck,3/19/2013,N/A - From RDC,30-Aug-13,31-Jul-13,31-Jul-13,ARV,Adult,SCMS from RDC,"Abacavir/Lamivudine 600/300mg, scored tablets, 30 Tabs",Abacavir/Lamivudine,Generic,600/300mg,Tablet - FDC,30,"3,400",47464.00,13.96,0.47,Mylan (formerly Matrix) Nashik,TRUE,315,"$1,981.60 ",58.71
"83,139",114-UG-T30,FPQ-10945,SO-43630,DN-3147,Uganda,PMO - US,From RDC,N/A - From RDC,Air,11-06-12,N/A - From RDC,20-Jun-13,22-May-13,22-May-13,ARV,Adult,SCMS from RDC,"Efavirenz/Lamivudine/Tenofovir Disoproxil Fumarate 600/300/300mg, tablets, 30 Tabs",Efavirenz/Lamivudine/Tenofovir Disoproxil Fumarate,Generic,600/300/300mg,Tablet - FDC,30,"238,606",2510135.12,10.52,0.35,Hetero Unit III Hyderabad IN,TRUE,31473,"$24,816.73 ","3,105.04"
"84,059",104-CI-T30,FPQ-6144,SO-38380,DN-2106,Côte d'Ivoire,PMO - US,From RDC,N/A - From RDC,Air,08-03-10,N/A - From RDC,31-Jan-11,22-Feb-11,22-Feb-11,ARV,Pediatric,SCMS from RDC,"Lamivudine 10mg/ml, oral solution w/syringe, Bottle, 240 ml",Lamivudine,Generic,10mg/ml,Oral solution,240,"3,660",6771.00,1.85,0.01,"Aurobindo Unit III, India",FALSE,See DN-2106 (ID#:82933),null,14.6
"83,141",151-NG-T30,FPQ-11864,SO-45200,DN-3175,Nigeria,PMO - US,From RDC,N/A - From RDC,Air Charter,3/14/2013,N/A - From RDC,04-Sep-13,10-May-13,10-May-13,ARV,Pediatric,SCMS from RDC,"Abacavir/Lamivudine 60/30mg, tablets, 60 Tabs",Abacavir/Lamivudine,Generic,60/30mg,Tablet - FDC,60,955,4393.00,4.6,0.08,"Aurobindo Unit III, India",TRUE,104,"$20,666.07 ",5.43
"83,145",114-UG-T30,FPQ-11133,SO-43900,DN-3214,Uganda,PMO - US,From RDC,N/A - From RDC,Truck,12/13/2012,N/A - From RDC,30-Jul-13,09-Aug-13,09-Aug-13,ARV,Adult,SCMS from RDC,"Lamivudine/Tenofovir Disoproxil Fumarate 300/300mg, tablets, 30 Tabs",Lamivudine/Tenofovir Disoproxil Fumarate,Generic,300/300mg,Tablet - FDC,30,"26,112",122726.40,4.7,0.16,"Aurobindo Unit VII, IN",TRUE,2444,"$8,800.81 ",151.81
"83,146",109-TZ-T30,FPQ-12278,SO-45730,DN-3229,Tanzania,PMO - US,From RDC,N/A - From RDC,Truck,5/16/2013,N/A - From RDC,25-Sep-13,23-Sep-13,23-Sep-13,ARV,Adult,SCMS from RDC,"Lamivudine/Nevirapine/Zidovudine 150/200/300mg, tablets, 60 Tabs",Lamivudine/Nevirapine/Zidovudine,Generic,150/300/200mg,Tablet - FDC,60,"73,690",632260.20,8.58,0.14,"Cipla, Goa, India",TRUE,9886,"$44,300.90 ",782.11
"85,177",104-CI-T30,FPQ-6144,SO-38380,DN-2106,Côte d'Ivoire,PMO - US,From RDC,N/A - From RDC,Air,08-03-10,N/A - From RDC,31-Jan-11,22-Feb-11,22-Feb-11,ARV,Pediatric,SCMS from RDC,"Efavirenz 200mg, capsule, 90 Caps",Efavirenz,Generic,200mg,Capsule,90,492,4777.32,9.71,0.11,"Aurobindo Unit III, India",FALSE,See DN-2106 (ID#:82933),null,10.3
"83,148",102-BI-T30,FPQ-12065,SO-45170,DN-3257,Burundi,PMO - US,From RDC,N/A - From RDC,Air,4/22/2013,N/A - From RDC,24-Aug-13,26-Aug-13,26-Aug-13,ARV,Adult,SCMS from RDC,"Lopinavir/Ritonavir 200/50mg, tablets, 120 Tabs",Lopinavir/Ritonavir,Generic,200/50mg,Tablet,120,213,4639.14,21.78,0.18,"Aurobindo Unit III, India",TRUE,928,"$4,323.44 ",5.74
"83,149",114-UG-T30,FPQ-12253,SO-45470,DN-3256,Uganda,PMO - US,From RDC,N/A - From RDC,Air,05-08-13,N/A - From RDC,06-Aug-13,20-Aug-13,20-Aug-13,ARV,Adult,SCMS from RDC,"Lamivudine/Zidovudine 150/300mg, tablets, 60 Tabs",Lamivudine/Zidovudine,Generic,150/300mg,Tablet - FDC,60,"54,728",383096.00,7,0.12,"Aurobindo Unit III, India",TRUE,14143,"$100,654.61 ",473.89
"83,150",114-UG-T30,FPQ-12473,SO-45880,DN-3263,Uganda,PMO - US,From RDC,N/A - From RDC,Air,06-11-13,N/A - From RDC,27-Sep-13,27-Sep-13,27-Sep-13,ARV,Adult,SCMS from RDC,"Lamivudine/Tenofovir Disoproxil Fumarate 300/300mg, tablets, 30 Tabs",Lamivudine/Tenofovir Disoproxil Fumarate,Generic,300/300mg,Tablet - FDC,30,"34,385",161609.50,4.7,0.16,Hetero Unit III Hyderabad IN,TRUE,11594,"$85,414.30 ",199.91
"83,154",114-UG-T30,FPQ-11133,SO-43874,DN-3285,Uganda,PMO - US,From RDC,N/A - From RDC,Truck,12/13/2012,N/A - From RDC,30-Aug-13,30-Aug-13,30-Aug-13,ARV,Pediatric,SCMS from RDC,"Efavirenz 200mg, scored tablets, 90 Tabs",Efavirenz,Generic,200mg,Tablet,90,338,2467.40,7.3,0.08,"Strides, Bangalore, India.",TRUE,25,$759.79 ,3.05
"83,155",109-TZ-T30,FPQ-12015,SO-44983,DN-3295,Tanzania,PMO - US,From RDC,N/A - From RDC,Truck,04-02-13,N/A - From RDC,15-Oct-13,10-Sep-13,10-Sep-13,ARV,Adult,SCMS from RDC,"Emtricitabine/Tenofovir Disoproxil Fumarate 200/300mg, tablets, 30 Tabs",Emtricitabine/Tenofovir Disoproxil Fumarate,Generic,200/300mg,Tablet - FDC,30,"26,000",152620.00,5.87,0.2,Mylan (formerly Matrix) Nashik,TRUE,3888,"$8,057.19 ",188.79
"83,156",114-UG-T30,FPQ-12253,SO-45541,DN-3296,Uganda,PMO - US,From RDC,N/A - From RDC,Truck,05-08-13,N/A - From RDC,12-Sep-13,16-Oct-13,29-Oct-13,ARV,Adult,SCMS from RDC,"Lamivudine/Tenofovir Disoproxil Fumarate 300/300mg, tablets, 30 Tabs",Lamivudine/Tenofovir Disoproxil Fumarate,Generic,300/300mg,Tablet - FDC,30,"4,403",20694.10,4.7,0.16,"Aurobindo Unit VII, IN",TRUE,703,"$4,234.12 ",25.6
"83,157",109-TZ-T30,FPQ-12536,SO-45980,DN-3301,Tanzania,PMO - US,From RDC,N/A - From RDC,Truck,6/24/2013,N/A - From RDC,16-Oct-13,27-Sep-13,27-Sep-13,ARV,Adult,SCMS from RDC,"Efavirenz/Emtricitabine/Tenofovir Disoproxil Fumarate 600/200/300mg, tablets, 30 Tabs",Efavirenz/Emtricitabine/Tenofovir Disoproxil Fumarate,Generic,600/200/300mg,Tablet - FDC,30,"67,426",829339.80,12.3,0.41,"Aurobindo Unit VII, IN",TRUE,7596,"$3,567.19 ","1,025.89"
"83,158",111-MZ-T30,FPQ-11884,SO-44864,DN-3302,Mozambique,PMO - US,From RDC,N/A - From RDC,Truck,3/19/2013,N/A - From RDC,30-Sep-13,12-Oct-13,27-Nov-13,ARV,Adult,SCMS from RDC,"Tenofovir Disoproxil Fumarate 300mg, tablets, 30 Tabs",Tenofovir Disoproxil Fumarate,Generic,300mg,Tablet,30,"1,000",4040.00,4.04,0.13,Mylan (formerly Matrix) Nashik,TRUE,63,$569 ,5
"83,159",901-CM-T30,FPQ-12832,SO-46200,DN-3315,Cameroon,PMO - US,From RDC,N/A - From RDC,Air,8/19/2013,N/A - From RDC,02-Oct-13,02-Oct-13,11-Oct-13,ARV,Adult,SCMS from RDC,"Lamivudine/Zidovudine 150/300mg, tablets, 60 Tabs",Lamivudine/Zidovudine,Generic,150/300mg,Tablet - FDC,60,"16,837",117859.00,7,0.12,Mylan (formerly Matrix) Nashik,TRUE,1353,"$13,924.23 ",145.79
"83,160",109-TZ-T30,FPQ-12015,SO-44984,DN-3316,Tanzania,PMO - US,From RDC,N/A - From RDC,Truck,04-02-13,N/A - From RDC,31-Oct-13,27-Sep-13,27-Sep-13,ARV,Pediatric,SCMS from RDC,"Lamivudine/Zidovudine 30/60mg, tablets, 60 Tabs",Lamivudine/Zidovudine,Generic,30/60mg,Tablet - FDC,60,"25,836",55547.40,2.15,0.04,Mylan (formerly Matrix) Nashik,TRUE,5467,"$3,567.20 ",68.71
"83,161",151-NG-T30,FPQ-11771,SO-44750,DN-3320,Nigeria,PMO - US,From RDC,N/A - From RDC,Air Charter,2/28/2013,N/A - From RDC,20-Sep-13,12-Sep-13,12-Sep-13,ARV,Adult,SCMS from RDC,"Lamivudine/Nevirapine/Zidovudine 150/200/300mg, tablets, 60 Tabs",Lamivudine/Nevirapine/Zidovudine,Generic,150/300/200mg,Tablet - FDC,60,"251,047",2153983.26,8.58,0.14,Mylan (formerly Matrix) Nashik,TRUE,36448,"$34,218.36 ","2,664.48"
"82,935",104-CI-T30,FPQ-6144,SO-37290,DN-2108,Côte d'Ivoire,PMO - US,From RDC,N/A - From RDC,Air,08-03-10,N/A - From RDC,31-Jan-11,22-Feb-11,22-Feb-11,ARV,Adult,SCMS from RDC,"Zidovudine 300mg, tablets, 60 Tabs",Zidovudine,Generic,300mg,Tablet,60,"13,362",96340.02,7.21,0.12,"Aurobindo Unit III, India",FALSE,See DN-2108 (ID#:82368),null,207.71
"83,163",111-MZ-T30,FPQ-11033,SO-43775,DN-3338,Mozambique,PMO - US,From RDC,N/A - From RDC,Truck,11-12-12,N/A - From RDC,31-Oct-13,31-Oct-13,12-Nov-13,ARV,Adult,SCMS from RDC,"Efavirenz/Lamivudine/Tenofovir Disoproxil Fumarate 600/300/300mg, tablets, 30 Tabs",Efavirenz/Lamivudine/Tenofovir Disoproxil Fumarate,Generic,600/300/300mg,Tablet - FDC,30,"15,246",169992.90,11.15,0.37,Mylan (formerly Matrix) Nashik,TRUE,Weight Captured Separately,"$5,902.40 ",210.28
"83,164",107-RW-T30,FPQ-12190,SO-45370,DN-3341,Rwanda,PMO - US,From RDC,N/A - From RDC,Truck,05-06-13,N/A - From RDC,04-Oct-13,15-Oct-13,29-Oct-13,ARV,Adult,SCMS from RDC,"Nevirapine 200mg, tablets, 60 Tabs",Nevirapine,Generic,200mg,Tablet,60,"41,250",93225.00,2.26,0.04,"Strides, Bangalore, India.",TRUE,2295,"$4,390.98 ",115.32
"83,165",111-MZ-T30,FPQ-11884,SO-44866,DN-3350,Mozambique,PMO - US,From RDC,N/A - From RDC,Truck,3/19/2013,N/A - From RDC,15-Nov-13,08-Oct-13,18-Oct-13,ARV,Adult,SCMS from RDC,"Efavirenz/Lamivudine/Tenofovir Disoproxil Fumarate 600/300/300mg, tablets, 30 Tabs",Efavirenz/Lamivudine/Tenofovir Disoproxil Fumarate,Generic,600/300/300mg,Tablet - FDC,30,"16,584",184911.60,11.15,0.37,Mylan (formerly Matrix) Nashik,TRUE,3132,"$7,700 ",228.74
"83,172",110-ZM-T30,FPQ-12066,SO-45091,DN-3361,Zambia,PMO - US,From RDC,N/A - From RDC,Truck,4/19/2013,N/A - From RDC,29-Nov-13,29-Nov-13,12-Dec-13,ARV,Adult,SCMS from RDC,"Nevirapine 200mg, tablets, 60 Tabs",Nevirapine,Generic,200mg,Tablet,60,"180,892",408815.92,2.26,0.04,Hetero Unit III Hyderabad IN,TRUE,6502,"$34,400.04 ",505.71
"85,178",104-CI-T30,FPQ-6144,SO-37290,DN-2108,Côte d'Ivoire,PMO - US,From RDC,N/A - From RDC,Air,08-03-10,N/A - From RDC,31-Jan-11,22-Feb-11,22-Feb-11,ARV,Adult,SCMS from RDC,"Abacavir 300mg, tablets, 60 Tabs",Abacavir,Generic,300mg,Tablet,60,"2,436",37758.00,15.5,0.26,Mylan (formerly Matrix) Nashik,FALSE,See DN-2108 (ID#:82368),null,81.41
"83,174",104-CI-T30,FPQ-11253,SO-44210,DN-3371,Côte d'Ivoire,PMO - US,From RDC,N/A - From RDC,Truck,12/14/2012,N/A - From RDC,31-Oct-13,22-Oct-13,19-Nov-13,ARV,Adult,SCMS from RDC,"Lopinavir/Ritonavir 200/50mg [Aluvia], tablets, 120 Tabs",Lopinavir/Ritonavir,Aluvia,200/50mg,Tablet,120,"15,119",305706.18,20.22,0.17,ABBVIE Ludwigshafen Germany,TRUE,7541,"$27,875.36 ",378.16
"83,175",111-MZ-T30,FPQ-12416,SO-45892,DN-3376,Mozambique,PMO - US,From RDC,N/A - From RDC,Truck,6/28/2013,N/A - From RDC,29-Nov-13,28-Nov-13,12-Dec-13,ARV,Adult,SCMS from RDC,"Lamivudine/Nevirapine/Zidovudine 150/200/300mg, tablets, 60 Tabs",Lamivudine/Nevirapine/Zidovudine,Generic,150/300/200mg,Tablet - FDC,60,"38,976",334414.08,8.58,0.14,Hetero Unit III Hyderabad IN,TRUE,7482,"$5,846.08 ",413.67
"83,176",102-BI-T30,FPQ-12602,SO-46030,DN-3382,Burundi,PMO - US,From RDC,N/A - From RDC,Air,07-09-13,N/A - From RDC,15-Nov-13,22-Nov-13,27-Nov-13,ARV,Adult,SCMS from RDC,"Lamivudine/Tenofovir Disoproxil Fumarate 300/300mg, tablets, 30 Tabs",Lamivudine/Tenofovir Disoproxil Fumarate,Generic,300/300mg,Tablet - FDC,30,"1,920",9024.00,4.7,0.16,Mylan (formerly Matrix) Nashik,TRUE,160,"$1,527.29 ",11.16
"83,177",102-BI-T30,FPQ-12602,SO-46022,DN-3384,Burundi,PMO - US,From RDC,N/A - From RDC,Air,07-09-13,N/A - From RDC,22-Nov-13,05-Dec-13,12-Dec-13,ARV,Adult,SCMS from RDC,"Lopinavir/Ritonavir 200/50mg, tablets, 120 Tabs",Lopinavir/Ritonavir,Generic,200/50mg,Tablet,120,392,8232.00,21,0.18,Mylan (formerly Matrix) Nashik,TRUE,105,"$1,456.40 ",10.18
"83,178",114-UG-T30,FPQ-12255,SO-45590,DN-3386,Uganda,PMO - US,From RDC,N/A - From RDC,Truck,05-08-13,N/A - From RDC,15-Nov-13,22-Nov-13,20-Jan-14,ARV,Adult,SCMS from RDC,"Lopinavir/Ritonavir 200/50mg [Aluvia], tablets, 120 Tabs",Lopinavir/Ritonavir,Aluvia,200/50mg,Tablet,120,"8,760",177127.20,20.22,0.17,ABBVIE Ludwigshafen Germany,TRUE,1798,"$5,856.65 ",219.11
"83,180",109-TZ-T30,FPQ-13042,SO-46680,DN-3401,Tanzania,PMO - US,From RDC,N/A - From RDC,Truck,10-01-13,N/A - From RDC,26-Dec-13,16-Dec-13,17-Jan-14,ARV,Adult,SCMS from RDC,"Nevirapine 200mg, tablets, 60 Tabs",Nevirapine,Generic,200mg,Tablet,60,"31,144",70385.44,2.26,0.04,Hetero Unit III Hyderabad IN,TRUE,10109,"$7,134.39 ",87.07
"83,181",113-ZW-T30,FPQ-11545,SO-44360,DN-3413,Zimbabwe,PMO - US,From RDC,N/A - From RDC,Truck,1/24/2013,N/A - From RDC,30-Nov-13,25-Nov-13,09-Dec-13,ARV,Adult,SCMS from RDC,"Nevirapine 200mg, tablets, 60 Tabs",Nevirapine,Generic,200mg,Tablet,60,"51,520",119011.20,2.31,0.04,"Cipla, Goa, India",TRUE,19991,"$10,942.88 ",147.22
"83,182",104-CI-T30,FPQ-12800,SO-46360,DN-3418,Côte d'Ivoire,PMO - US,From RDC,N/A - From RDC,Air,08-09-13,N/A - From RDC,16-Dec-13,02-Dec-13,20-Dec-13,ARV,Pediatric,SCMS from RDC,"Zidovudine 10mg/ml, oral solution w/syringe, Bottle, 240 ml",Zidovudine,Generic,10mg/ml,Oral solution,240,"2,133",4479.30,2.1,0.01,"Aurobindo Unit III, India",TRUE,1784,"$4,017.69 ",5.54
"83,183",104-CI-T30,FPQ-12800,SO-46410,DN-3420,Côte d'Ivoire,PMO - US,From RDC,N/A - From RDC,Truck,08-09-13,N/A - From RDC,28-Nov-13,02-Dec-13,20-Dec-13,ARV,Adult,SCMS from RDC,"Lamivudine 150mg, tablets, 60 Tabs",Lamivudine,Generic,150mg,Tablet,60,"1,700",3791.00,2.23,0.04,"Strides, Bangalore, India.",TRUE,75,"$1,556.99 ",4.69
"83,485",106-HT-T30,FPQ-6484,SO-38120,DN-2113,Haiti,PMO - US,From RDC,N/A - From RDC,Air,10/13/2010,N/A - From RDC,28-Feb-11,14-Feb-11,14-Feb-11,ARV,Adult,SCMS from RDC,"Zidovudine 300mg, tablets, 60 Tabs",Zidovudine,Generic,300mg,Tablet,60,960,6921.60,7.21,0.12,"Aurobindo Unit III, India",FALSE,See DN-2113 (ID#:82937),null,14.92
"84,618",106-HT-T30,FPQ-6484,SO-38120,DN-2113,Haiti,PMO - US,From RDC,N/A - From RDC,Air,10/13/2010,N/A - From RDC,28-Feb-11,14-Feb-11,14-Feb-11,ARV,Adult,SCMS from RDC,"Lamivudine 150mg, tablets, 60 Tabs",Lamivudine,Generic,150mg,Tablet,60,"5,980",13933.40,2.33,0.04,"Aurobindo Unit III, India",FALSE,See DN-2113 (ID#:82937),null,30.04
"83,186",111-MZ-T30,FPQ-12416,SO-45893,DN-3428,Mozambique,PMO - US,From RDC,N/A - From RDC,Truck,6/28/2013,N/A - From RDC,29-Nov-13,30-Jan-14,17-Feb-14,ARV,Adult,SCMS from RDC,"Abacavir 300mg, tablets, 60 Tabs",Abacavir,Generic,300mg,Tablet,60,"1,440",16502.40,11.46,0.19,"Aurobindo Unit III, India",TRUE,4395,"$5,816.47 ",20.41
"85,739",106-HT-T30,FPQ-6484,SO-38120,DN-2113,Haiti,PMO - US,From RDC,N/A - From RDC,Air,10/13/2010,N/A - From RDC,28-Feb-11,14-Feb-11,14-Feb-11,ARV,Adult,SCMS from RDC,"Lamivudine/Tenofovir Disoproxil Fumarate 300/300mg, tablets, 30 Tabs",Lamivudine/Tenofovir Disoproxil Fumarate,Generic,300/300mg,Tablet - FDC,30,"1,040",9172.80,8.82,0.29,Mylan (formerly Matrix) Nashik,FALSE,See DN-2113 (ID#:82937),null,19.78
"83,188",151-NG-T30,FPQ-12248,SO-47222,DN-3437,Nigeria,PMO - US,From RDC,N/A - From RDC,Air Charter,05-06-13,N/A - From RDC,18-Nov-13,26-Nov-13,05-Dec-13,ARV,Adult,SCMS from RDC,"Lamivudine/Nevirapine/Zidovudine 150/200/300mg, tablets, 60 Tabs",Lamivudine/Nevirapine/Zidovudine,Generic,150/300/200mg,Tablet - FDC,60,"150,000",1287000.00,8.58,0.14,"Cipla, Goa, India",TRUE,22942,"$26,340 ","1,592.02"
"84,619",106-HT-T30,FPQ-6801,SO-38620,DN-2114,Haiti,PMO - US,From RDC,N/A - From RDC,Air,12/14/2010,N/A - From RDC,28-Feb-11,14-Feb-11,14-Feb-11,ARV,Pediatric,SCMS from RDC,"Stavudine 1mg/ml, powder for oral solution w/syringe, 200 ml",Stavudine,Generic,1mg/ml,Powder for oral solution,200,600,804.00,1.34,0.01,"Aurobindo Unit III, India",FALSE,See DN-2114 (ID#:83486),null,1.33
"83,190",151-NG-T30,FPQ-12248,SO-47223,DN-3438,Nigeria,PMO - US,From RDC,N/A - From RDC,Air Charter,05-06-13,N/A - From RDC,18-Nov-13,26-Nov-13,05-Dec-13,ARV,Adult,SCMS from RDC,"Efavirenz/Lamivudine/Tenofovir Disoproxil Fumarate 600/300/300mg, tablets, 30 Tabs",Efavirenz/Lamivudine/Tenofovir Disoproxil Fumarate,Generic,600/300/300mg,Tablet - FDC,30,"200,000",2230000.00,11.15,0.37,Hetero Unit III Hyderabad IN,TRUE,28992,"$26,340 ","2,758.51"
"83,193",110-ZM-T30,FPQ-12066,SO-45070,DN-3448,Zambia,PMO - US,From RDC,N/A - From RDC,Truck,4/19/2013,N/A - From RDC,25-Mar-14,25-Mar-14,02-Apr-14,ARV,Pediatric,SCMS from RDC,"Lamivudine/Nevirapine/Zidovudine 30/50/60mg, dispersible tablets, 60 Tabs",Lamivudine/Nevirapine/Zidovudine,Generic,30/50/60mg,Chewable/dispersible tablet - FDC,60,"37,979",147738.31,3.89,0.06,"Strides, Bangalore, India.",TRUE,1628,"$3,526.69 ",182.75
"83,194",109-TZ-T30,FPQ-12354,SO-45741,DN-3454,Tanzania,PMO - US,From RDC,N/A - From RDC,Truck,5/16/2013,N/A - From RDC,31-Jan-14,20-Jan-14,29-Jan-14,ARV,Adult,SCMS from RDC,"Efavirenz/Lamivudine/Tenofovir Disoproxil Fumarate 600/300/300mg, tablets, 30 Tabs",Efavirenz/Lamivudine/Tenofovir Disoproxil Fumarate,Generic,600/300/300mg,Tablet - FDC,30,"68,762",766696.30,11.15,0.37,Mylan (formerly Matrix) Nashik,TRUE,8456,"$7,134.39 ",948.4
"85,740",110-ZM-T30,FPQ-6222,SO-37350,DN-2117,Zambia,PMO - US,From RDC,N/A - From RDC,Truck,8/20/2010,N/A - From RDC,31-Mar-11,07-Mar-11,07-Mar-11,ARV,Adult,SCMS from RDC,"Efavirenz 600mg, tablets, 30 Tabs",Efavirenz,Generic,600mg,Tablet,30,"307,216",1327173.12,4.32,0.14,Mylan (formerly Matrix) Nashik,FALSE,See DN-2117 (ID#:84061),null,"2,861.39"
"83,196",109-TZ-T30,FPQ-12587,SO-45995,DN-3458,Tanzania,PMO - US,From RDC,N/A - From RDC,Truck,07-04-13,N/A - From RDC,31-Dec-13,25-Feb-14,13-Mar-14,ARV,Adult,SCMS from RDC,"Emtricitabine/Tenofovir Disoproxil Fumarate 200/300mg, tablets, 30 Tabs",Emtricitabine/Tenofovir Disoproxil Fumarate,Generic,200/300mg,Tablet - FDC,30,"2,178",12784.86,5.87,0.2,"Aurobindo Unit III, India",TRUE,2304,"$5,989.25 ",15.81
"83,198",151-NG-T30,FPQ-12248,SO-45662,DN-3476,Nigeria,PMO - US,From RDC,N/A - From RDC,Air Charter,05-06-13,N/A - From RDC,17-Jan-14,10-Jan-14,16-Jan-14,ARV,Adult,SCMS from RDC,"Lamivudine/Nevirapine/Zidovudine 150/200/300mg, tablets, 60 Tabs",Lamivudine/Nevirapine/Zidovudine,Generic,150/300/200mg,Tablet - FDC,60,"100,000",858000.00,8.58,0.14,"Cipla, Goa, India",TRUE,38992,"$49,199.75 ","1,061.35"
"83,199",107-RW-T30,FPQ-12190,SO-45392,DN-3480,Rwanda,PMO - US,From RDC,N/A - From RDC,Truck,05-06-13,N/A - From RDC,31-Jan-14,22-Jan-14,31-Jan-14,ARV,Adult,SCMS from RDC,"Nevirapine 200mg, tablets, 60 Tabs",Nevirapine,Generic,200mg,Tablet,60,"64,000",144640.00,2.26,0.04,"Strides, Bangalore, India.",TRUE,3887,"$21,032.82 ",178.92
"83,200",114-UG-T30,FPQ-13107,SO-46840,DN-3503,Uganda,PMO - US,From RDC,N/A - From RDC,Truck,10/16/2013,N/A - From RDC,28-Feb-14,30-Jan-14,03-Feb-14,ARV,Pediatric,SCMS from RDC,"Nevirapine 10mg/ml, oral suspension w/syringe, Bottle, 100 ml",Nevirapine,Generic,10mg/ml,Oral suspension,100,"15,000",19500.00,1.3,0.01,"Aurobindo Unit III, India",TRUE,2978,"$5,458.46 ",20.05
"83,205",114-UG-T30,FPQ-12253,SO-45500,DN-3515,Uganda,PMO - US,From RDC,N/A - From RDC,Air,05-08-13,N/A - From RDC,31-Jan-14,17-Feb-14,04-Mar-14,ARV,Pediatric,SCMS from RDC,"Abacavir/Lamivudine 60/30mg, tablets, 60 Tabs",Abacavir/Lamivudine,Generic,60/30mg,Tablet - FDC,60,"1,446",5784.00,4,0.07,"Aurobindo Unit III, India",TRUE,68,$790.29 ,7.15
"85,741",110-ZM-T30,FPQ-6222,SO-37350,DN-2117,Zambia,PMO - US,From RDC,N/A - From RDC,Truck,8/20/2010,N/A - From RDC,31-Mar-11,07-Mar-11,07-Mar-11,ARV,Adult,SCMS from RDC,"Efavirenz 600mg, tablets, 30 Tabs",Efavirenz,Generic,600mg,Tablet,30,"11,729",50669.28,4.32,0.14,"Aurobindo Unit III, India",FALSE,See DN-2117 (ID#:84061),null,109.24
"83,207",114-UG-T30,FPQ-12253,SO-45530,DN-3538,Uganda,PMO - US,From RDC,N/A - From RDC,Truck,05-08-13,N/A - From RDC,28-Feb-14,07-Mar-14,12-Mar-14,ARV,Adult,SCMS from RDC,"Lamivudine/Tenofovir Disoproxil Fumarate 300/300mg, tablets, 30 Tabs",Lamivudine/Tenofovir Disoproxil Fumarate,Generic,300/300mg,Tablet - FDC,30,"40,800",191760.00,4.7,0.16,Hetero Unit III Hyderabad IN,TRUE,4187,"$16,821.66 ",237.21
"83,208",151-NG-T30,FPQ-12801,SO-46541,DN-3542,Nigeria,PMO - US,From RDC,N/A - From RDC,Air Charter,08-06-13,N/A - From RDC,07-Mar-14,10-Feb-14,19-Feb-14,ARV,Pediatric,SCMS from RDC,"Abacavir/Lamivudine 60/30mg, tablets, 60 Tabs",Abacavir/Lamivudine,Generic,60/30mg,Tablet - FDC,60,"5,985",23940.00,4,0.07,"Aurobindo Unit III, India",TRUE,576,"$30,936.10 ",29.61
"83,209",104-CI-T30,FPQ-12800,SO-46371,DN-3544,Côte d'Ivoire,PMO - US,From RDC,N/A - From RDC,Air,08-09-13,N/A - From RDC,28-Feb-14,18-Feb-14,04-Mar-14,ARV,Pediatric,SCMS from RDC,"Lamivudine/Nevirapine/Zidovudine 30/50/60mg, dispersible tablets, 60 Tabs",Lamivudine/Nevirapine/Zidovudine,Generic,30/50/60mg,Chewable/dispersible tablet - FDC,60,"10,500",39375.00,3.75,0.06,"Strides, Bangalore, India.",TRUE,574,"$4,063.81 ",48.71
"83,210",103-ZW-T30,FPQ-12086,SO-45123,DN-3549,Zimbabwe,PMO - US,From RDC,N/A - From RDC,Truck,4/19/2013,N/A - From RDC,31-Mar-14,11-Feb-14,04-Mar-14,ARV,Pediatric,SCMS from RDC,"Efavirenz 200mg, scored tablets, 90 Tabs",Efavirenz,Generic,200mg,Tablet,90,266,2473.80,9.3,0.1,"Strides, Bangalore, India.",TRUE,17,"$1,200 ",3.06
"84,621",114-UG-T30,FPQ-6427,SO-37560,DN-2121,Uganda,PMO - US,From RDC,N/A - From RDC,Truck,9/29/2010,N/A - From RDC,28-Feb-11,22-Mar-11,22-Mar-11,ARV,Adult,SCMS from RDC,"Lamivudine/Nevirapine/Zidovudine 150/200/300mg, tablets, 60 Tabs",Lamivudine/Nevirapine/Zidovudine,Generic,150/300/200mg,Tablet - FDC,60,"8,988",100845.36,11.22,0.19,Mylan (formerly Matrix) Nashik,FALSE,See DN-2121 (ID#:82370),null,217.42
"85,179",114-UG-T30,FPQ-6427,SO-37560,DN-2121,Uganda,PMO - US,From RDC,N/A - From RDC,Truck,9/29/2010,N/A - From RDC,28-Feb-11,22-Mar-11,22-Mar-11,ARV,Adult,SCMS from RDC,"Lamivudine/Zidovudine 150/300mg, tablets, 60 Tabs",Lamivudine/Zidovudine,Generic,150/300mg,Tablet - FDC,60,"6,361",52541.86,8.26,0.14,Hetero Unit III Hyderabad IN,FALSE,See DN-2121 (ID#:82370),null,113.28
"83,216",105-GH-T30,FPQ-13609,SO-47940,DN-3576,Ghana,PMO - US,From RDC,N/A - From RDC,Truck,2/19/2014,N/A - From RDC,20-Mar-14,14-Mar-14,25-Apr-14,ARV,Adult,SCMS from RDC,"Lamivudine/Zidovudine 150/300mg, tablets, 60 Tabs",Lamivudine/Zidovudine,Generic,150/300mg,Tablet - FDC,60,"23,000",154790.00,6.73,0.11,Mylan (formerly Matrix) Nashik,TRUE,8701,"$3,975.70 ",159.12
"83,217",107-RW-T30,FPQ-12766,SO-46480,DN-3579,Rwanda,PMO - US,From RDC,N/A - From RDC,Truck,08-02-13,N/A - From RDC,28-Mar-14,02-Apr-14,14-Apr-14,ARV,Adult,SCMS from RDC,"Efavirenz/Lamivudine/Tenofovir Disoproxil Fumarate 600/300/300mg, tablets, 30 Tabs",Efavirenz/Lamivudine/Tenofovir Disoproxil Fumarate,Generic,600/300/300mg,Tablet - FDC,30,"50,000",543500.00,10.87,0.36,"Aurobindo Unit VII, IN",TRUE,22442,"$12,995.06 ",672.31
"86,368",104-CI-T30,FPQ-6495,SO-37720,DN-2122,Côte d'Ivoire,PMO - US,From RDC,N/A - From RDC,Air,10-04-10,N/A - From RDC,31-Mar-11,15-Mar-11,15-Mar-11,ARV,Pediatric,SCMS from RDC,"Nevirapine 10mg/ml, oral suspension w/syringe, Bottle, 240 ml",Nevirapine,Generic,10mg/ml,Oral suspension,240,"2,006",3911.70,1.95,0.01,"Aurobindo Unit III, India",FALSE,See DN-2122 (ID#:84622),null,8.43
"83,219",103-SS-T30,FPQ-13173,SO-47100,DN-3581,South Sudan,PMO - US,From RDC,N/A - From RDC,Air,10/28/2013,N/A - From RDC,31-Mar-14,21-Mar-14,26-Mar-14,ARV,Adult,SCMS from RDC,"Lamivudine/Tenofovir Disoproxil Fumarate 300/300mg, tablets, 30 Tabs",Lamivudine/Tenofovir Disoproxil Fumarate,Generic,300/300mg,Tablet - FDC,30,"1,447",6800.90,4.7,0.16,"Aurobindo Unit VII, IN",TRUE,592,"$6,169 ",6.99
"86,369",104-CI-T30,FPQ-6495,SO-37720,DN-2122,Côte d'Ivoire,PMO - US,From RDC,N/A - From RDC,Air,10-04-10,N/A - From RDC,31-Mar-11,15-Mar-11,15-Mar-11,ARV,Adult,SCMS from RDC,"Nevirapine 200mg, tablets, 60 Tabs",Nevirapine,Generic,200mg,Tablet,60,"50,000",125500.00,2.51,0.04,"Aurobindo Unit III, India",FALSE,See DN-2122 (ID#:84622),null,270.58
"84,064",110-ZM-T30,FPQ-6221,SO-37950,DN-2125,Zambia,PMO - US,From RDC,N/A - From RDC,Truck,8/20/2010,N/A - From RDC,31-Mar-11,05-Apr-11,05-Apr-11,ARV,Adult,SCMS from RDC,"Lamivudine/Nevirapine/Stavudine 150/200/30mg, tablets, 60 Tabs",Lamivudine/Nevirapine/Stavudine,Generic,150/200/30mg,Tablet - FDC,60,"3,355",19224.15,5.73,0.1,"Strides, Bangalore, India.",FALSE,See DN-2125 (ID#:82941),null,41.45
"83,222",105-GY-T30,FPQ-13071,SO-46810,DN-3577,Guyana,PMO - US,From RDC,N/A - From RDC,Air,10-09-13,N/A - From RDC,05-Apr-14,16-Apr-14,12-May-14,ARV,Adult,SCMS from RDC,"Emtricitabine/Tenofovir Disoproxil Fumarate 200/300mg, tablets, 30 Tabs",Emtricitabine/Tenofovir Disoproxil Fumarate,Generic,200/300mg,Tablet - FDC,30,"2,881",16911.47,5.87,0.2,"Aurobindo Unit III, India",TRUE,274,"$4,268.06 ",17.38
"83,223",105-GY-T30,FPQ-13071,SO-46800,DN-3585,Guyana,PMO - US,From RDC,N/A - From RDC,Air,10-09-13,N/A - From RDC,31-Mar-14,03-Apr-14,06-Jun-14,ARV,Pediatric,SCMS from RDC,"Lamivudine 10mg/ml, oral solution w/syringe, Bottle, 240 ml",Lamivudine,Generic,10mg/ml,Oral solution,240,118,171.10,1.45,0.01,"Aurobindo Unit III, India",TRUE,552,"$7,317.96 ",0.18
"83,224",106-HT-T30,FPQ-13608,SO-47690,DN-3586,Haiti,PMO - US,From RDC,N/A - From RDC,Air,1/22/2014,N/A - From RDC,30-Mar-14,24-Mar-14,06-May-14,ARV,Adult,SCMS from RDC,"Tenofovir Disoproxil Fumarate 300mg, tablets, 30 Tabs",Tenofovir Disoproxil Fumarate,Generic,300mg,Tablet,30,60,242.40,4.04,0.13,Mylan (formerly Matrix) Nashik,TRUE,6528,"$63,922.30 ",0.25
"83,225",113-ZW-T30,FPQ-12950,SO-46620,DN-3588,Zimbabwe,PMO - US,From RDC,N/A - From RDC,Truck,09-10-13,N/A - From RDC,06-May-14,21-Mar-14,17-Apr-14,ARV,Adult,SCMS from RDC,"Efavirenz/Lamivudine/Tenofovir Disoproxil Fumarate 600/300/300mg, tablets, 30 Tabs",Efavirenz/Lamivudine/Tenofovir Disoproxil Fumarate,Generic,600/300/300mg,Tablet - FDC,30,"8,977",100093.55,11.15,0.37,"Aurobindo Unit VII, IN",TRUE,65471,"$64,802.96 ",123.82
"84,623",113-ZW-T30,FPQ-6470,SO-37830,DN-2127,Zimbabwe,PMO - US,From RDC,N/A - From RDC,Truck,10/13/2010,N/A - From RDC,31-Mar-11,17-Mar-11,17-Mar-11,ARV,Adult,SCMS from RDC,"Lamivudine/Nevirapine/Stavudine 150/200/30mg, tablets, 60 Tabs",Lamivudine/Nevirapine/Stavudine,Generic,150/200/30mg,Tablet - FDC,60,"66,645",370546.20,5.56,0.09,"Strides, Bangalore, India.",FALSE,See DN-2127 (ID#:82371),null,798.9
"83,227",109-TZ-T30,FPQ-13042,SO-46670,DN-3592,Tanzania,PMO - US,From RDC,N/A - From RDC,Truck,10-01-13,N/A - From RDC,08-Apr-14,08-Apr-14,14-Apr-14,ARV,Pediatric,SCMS from RDC,"Lamivudine/Nevirapine/Zidovudine 30/50/60mg, dispersible tablets, 60 Tabs",Lamivudine/Nevirapine/Zidovudine,Generic,30/50/60mg,Chewable/dispersible tablet - FDC,60,"102,980",386175.00,3.75,0.06,Mylan (formerly Matrix) Nashik,TRUE,5687,"$6,010.20 ",477.7
"83,228",114-UG-T30,FPQ-13107,SO-46861,DN-3608,Uganda,PMO - US,From RDC,N/A - From RDC,Truck,10/16/2013,N/A - From RDC,04-Jul-14,15-Jul-14,16-Jul-14,ARV,Adult,SCMS from RDC,"Efavirenz/Lamivudine/Tenofovir Disoproxil Fumarate 600/300/300mg, tablets, 30 Tabs",Efavirenz/Lamivudine/Tenofovir Disoproxil Fumarate,Generic,600/300/300mg,Tablet - FDC,30,"30,874",344245.10,11.15,0.37,Hetero Unit III Hyderabad IN,TRUE,4133,"$24,362.92 ",353.88
"83,229",107-RW-T30,FPQ-13839,SO-48170,DN-3611,Rwanda,PMO - US,From RDC,N/A - From RDC,Truck,03-05-14,N/A - From RDC,20-May-14,04-Mar-14,04-Jun-14,ARV,Pediatric,SCMS from RDC,"Nevirapine 10mg/ml, oral suspension w/syringe, Bottle, 240 ml",Nevirapine,Generic,10mg/ml,Oral suspension,240,"2,216",4121.76,1.86,0.01,"Aurobindo Unit III, India",TRUE,1412,"$4,609.68 ",4.24
"83,230",104-CI-T30,FPQ-13142,SO-47140,DN-3575,Côte d'Ivoire,PMO - US,From RDC,N/A - From RDC,Truck,10/22/2013,N/A - From RDC,18-Mar-14,10-Mar-14,06-May-14,ARV,Pediatric,SCMS from RDC,"Lamivudine 10mg/ml, oral solution w/syringe, Bottle, 240 ml",Lamivudine,Generic,10mg/ml,Oral solution,240,"8,000",11440.00,1.43,0.01,"Aurobindo Unit III, India",TRUE,2933,"$11,961.04 ",11.76
"83,231",107-RW-T30,FPQ-12190,SO-45393,DN-3617,Rwanda,PMO - US,From RDC,N/A - From RDC,Truck,05-06-13,N/A - From RDC,06-May-14,06-May-14,20-Jun-14,ARV,Adult,SCMS from RDC,"Nevirapine 200mg, tablets, 60 Tabs",Nevirapine,Generic,200mg,Tablet,60,"24,436",55225.36,2.26,0.04,"Aurobindo Unit III, India",TRUE,2342,"$5,445.73 ",68.31
"83,481",110-ZM-T30,FPQ-5702,SO-38000,DN-2099,Zambia,PMO - US,From RDC,N/A - From RDC,Truck,5/20/2010,N/A - From RDC,28-Jan-11,11-Feb-11,11-Feb-11,ARV,Adult,SCMS from RDC,"Efavirenz 600mg, tablets, 30 Tabs",Efavirenz,Generic,600mg,Tablet,30,"28,271",127784.92,4.52,0.15,"Aurobindo Unit III, India",TRUE,2507,"$9,553.01 ",275.5
"85,742",113-ZW-T30,FPQ-6470,SO-37830,DN-2127,Zimbabwe,PMO - US,From RDC,N/A - From RDC,Truck,10/13/2010,N/A - From RDC,31-Mar-11,17-Mar-11,17-Mar-11,ARV,Adult,SCMS from RDC,"Efavirenz 600mg, tablets, 30 Tabs",Efavirenz,Generic,600mg,Tablet,30,"6,392",27741.28,4.34,0.14,Mylan (formerly Matrix) Nashik,FALSE,See DN-2127 (ID#:82371),null,59.81
"83,233",110-ZM-T30,FPQ-13221,SO-47202,DN-3625,Zambia,PMO - US,From RDC,N/A - From RDC,Truck,10/31/2013,N/A - From RDC,06-May-14,04-Jun-14,12-Jun-14,ARV,Adult,SCMS from RDC,"Lopinavir/Ritonavir 200/50mg, tablets, 120 Tabs",Lopinavir/Ritonavir,Generic,200/50mg,Tablet,120,"25,482",521871.36,20.48,0.17,"Aurobindo Unit III, India",TRUE,7140,"$47,532.09 ",536.48
"83,234",111-MZ-T30,FPQ-13124,SO-47041,DN-3628,Mozambique,PMO - US,From RDC,N/A - From RDC,Truck,10/21/2013,N/A - From RDC,14-Jun-14,24-Jun-14,14-Jul-14,ARV,Adult,SCMS from RDC,"Efavirenz/Lamivudine/Tenofovir Disoproxil Fumarate 600/300/300mg, tablets, 30 Tabs",Efavirenz/Lamivudine/Tenofovir Disoproxil Fumarate,Generic,600/300/300mg,Tablet - FDC,30,"177,954",1984187.10,11.15,0.37,Mylan (formerly Matrix) Nashik,TRUE,88761,"$55,287.91 ","2,039.74"
"85,743",113-ZW-T30,FPQ-6470,SO-37830,DN-2127,Zimbabwe,PMO - US,From RDC,N/A - From RDC,Truck,10/13/2010,N/A - From RDC,31-Mar-11,17-Mar-11,17-Mar-11,ARV,Adult,SCMS from RDC,"Lamivudine/Stavudine 150/30mg, tablets, 60 Tabs",Lamivudine/Stavudine,Generic,150/30mg,Tablet - FDC,60,"4,669",14940.80,3.2,0.05,"Cipla, Goa, India",FALSE,See DN-2127 (ID#:82371),null,32.21
"83,236",110-ZM-T30,FPQ-12066,SO-45093,DN-3647,Zambia,PMO - US,From RDC,N/A - From RDC,Truck,4/19/2013,N/A - From RDC,10-May-14,19-May-14,13-Jun-14,ARV,Adult,SCMS from RDC,"Nevirapine 200mg, tablets, 60 Tabs",Nevirapine,Generic,200mg,Tablet,60,"54,470",120378.70,2.21,0.04,Hetero Unit III Hyderabad IN,TRUE,3360,"$9,527.17 ",148.91
"83,237",104-CI-T30,FPQ-13142,SO-47130,DN-3655,Côte d'Ivoire,PMO - US,From RDC,N/A - From RDC,Truck,10/22/2013,N/A - From RDC,21-Apr-14,01-May-14,11-Jun-14,ARV,Adult,SCMS from RDC,"Lamivudine/Nevirapine/Zidovudine 150/200/300mg, tablets, 60 Tabs",Lamivudine/Nevirapine/Zidovudine,Generic,150/300/200mg,Tablet - FDC,60,"100,000",811000.00,8.11,0.14,"Strides, Bangalore, India.",TRUE,12199,"$46,520.17 ",833.71
"83,238",106-HT-T30,FPQ-13648,SO-47810,DN-3660,Haiti,PMO - US,From RDC,N/A - From RDC,Air,02-03-14,N/A - From RDC,07-May-14,12-Jun-14,12-Jun-14,ARV,Adult,SCMS from RDC,"Lamivudine/Zidovudine 150/300mg, tablets, 60 Tabs",Lamivudine/Zidovudine,Generic,150/300mg,Tablet - FDC,60,"13,626",91702.98,6.73,0.11,Hetero Unit III Hyderabad IN,TRUE,1216,"$5,698.48 ",94.27
"83,239",151-NG-T30,FPQ-13293,SO-47282,DN-3662,Nigeria,PMO - US,From RDC,N/A - From RDC,Air Charter,11/19/2013,N/A - From RDC,06-May-14,17-Apr-14,02-May-14,ARV,Pediatric,SCMS from RDC,"Lamivudine/Nevirapine/Zidovudine 30/50/60mg, dispersible tablets, 60 Tabs",Lamivudine/Nevirapine/Zidovudine,Generic,30/50/60mg,Chewable/dispersible tablet - FDC,60,"70,000",272300.00,3.89,0.06,"Strides, Bangalore, India.",TRUE,3376,"$29,674.91 ",279.92
"83,244",104-CI-T30,FPQ-11254,SO-44141,DN-3681,Côte d'Ivoire,PMO - US,From RDC,N/A - From RDC,Truck,12/14/2012,N/A - From RDC,15-May-14,12-May-14,30-Jun-14,ARV,Pediatric,SCMS from RDC,"Lamivudine/Nevirapine/Zidovudine 30/50/60mg, dispersible tablets, 60 Tabs",Lamivudine/Nevirapine/Zidovudine,Generic,30/50/60mg,Chewable/dispersible tablet - FDC,60,"3,200",12000.00,3.75,0.06,Mylan (formerly Matrix) Nashik,TRUE,166,"$1,137.18 ",14.84
"83,245",104-CI-T30,FPQ-13142,SO-47160,DN-3685,Côte d'Ivoire,PMO - US,From RDC,N/A - From RDC,Truck,10/22/2013,N/A - From RDC,30-May-14,12-May-14,30-Jun-14,ARV,Adult,SCMS from RDC,"Lamivudine 150mg, tablets, 60 Tabs",Lamivudine,Generic,150mg,Tablet,60,"1,379",2399.46,1.74,0.03,"Aurobindo Unit III, India",TRUE,157,$926.70 ,2.47
"83,246",101-CD-T30,FPQ-13554,SO-47632,DN-3715,"Congo, DRC",PMO - US,From RDC,N/A - From RDC,Air,1/15/2014,N/A - From RDC,30-May-14,15-Aug-14,05-Sep-14,ARV,Adult,SCMS from RDC,"Zidovudine 300mg, tablets, 60 Tabs",Zidovudine,Generic,300mg,Tablet,60,380,2120.40,5.58,0.09,"Aurobindo Unit III, India",TRUE,21,$895.38 ,2.18
"83,249",109-TZ-T30,FPQ-12587,SO-46005,DN-3759,Tanzania,PMO - US,From RDC,N/A - From RDC,Truck,07-04-13,N/A - From RDC,30-Jun-14,24-Jun-14,01-Jul-14,ARV,Adult,SCMS from RDC,"Lopinavir/Ritonavir 200/50mg [Aluvia], tablets, 120 Tabs",Lopinavir/Ritonavir,Aluvia,200/50mg,Tablet,120,"10,724",202683.60,18.9,0.16,ABBVIE Ludwigshafen Germany,TRUE,2209,"$2,994.63 ",250.72
"83,250",104-CI-T30,FPQ-13142,SO-47133,DN-3761,Côte d'Ivoire,PMO - US,From RDC,N/A - From RDC,Truck,10/22/2013,N/A - From RDC,16-Jun-14,16-Jun-14,10-Jul-14,ARV,Pediatric,SCMS from RDC,"Lamivudine 10mg/ml, oral solution w/syringe, Bottle, 240 ml",Lamivudine,Generic,10mg/ml,Oral solution,240,"4,243",6067.49,1.43,0.01,"Aurobindo Unit III, India",TRUE,1485,"$6,819.73 ",6.24
"83,254",110-ZM-T30,FPQ-14105,SO-48652,DN-3877,Zambia,PMO - US,From RDC,N/A - From RDC,Truck,4/16/2014,N/A - From RDC,04-Sep-14,23-Sep-14,17-Oct-14,ARV,Adult,SCMS from RDC,"Lamivudine/Zidovudine 150/300mg, tablets, 60 Tabs",Lamivudine/Zidovudine,Generic,150/300mg,Tablet - FDC,60,"13,535",88248.20,6.52,0.11,"Aurobindo Unit III, India",TRUE,3704,"$4,562.72 ",90.72
"83,255",111-MZ-T30,FPQ-14226,SO-48883,DN-3875,Mozambique,PMO - US,From RDC,N/A - From RDC,Truck,05-02-14,N/A - From RDC,31-Dec-14,30-Oct-14,07-Nov-14,ARV,Adult,SCMS from RDC,"Efavirenz 600mg, tablets, 30 Tabs",Efavirenz,Generic,600mg,Tablet,30,"30,860",99060.60,3.21,0.11,"Cipla, Goa, India",TRUE,19965,"$14,767.58 ",101.83
"84,625",113-ZW-T30,FPQ-6470,SO-38830,DN-2128,Zimbabwe,PMO - US,From RDC,N/A - From RDC,Truck,10/13/2010,N/A - From RDC,31-Mar-11,18-Mar-11,18-Mar-11,ARV,Adult,SCMS from RDC,"Lamivudine/Stavudine 150/30mg, tablets, 60 Tabs",Lamivudine/Stavudine,Generic,150/30mg,Tablet - FDC,60,"1,883",6025.60,3.2,0.05,"Cipla, Goa, India",FALSE,See DN-2128 (ID#:84624),null,12.99
"83,259",151-NG-T30,FPQ-13293,SO-47286,DN-3792,Nigeria,PMO - US,From RDC,N/A - From RDC,Air Charter,11/19/2013,N/A - From RDC,30-Jun-14,20-Jun-14,25-Jun-14,ARV,Adult,SCMS from RDC,"Lamivudine/Zidovudine 150/300mg, tablets, 60 Tabs",Lamivudine/Zidovudine,Generic,150/300mg,Tablet - FDC,60,"29,796",194269.92,6.52,0.11,Mylan (formerly Matrix) Nashik,TRUE,5862,"$28,812.57 ",199.71
"83,260",104-CI-T30,FPQ-13628,SO-47880,DN-3803,Côte d'Ivoire,PMO - US,From RDC,N/A - From RDC,Truck,1/29/2014,N/A - From RDC,28-Nov-14,09-Jul-14,07-Aug-14,ARV,Adult,SCMS from RDC,"Efavirenz/Lamivudine/Tenofovir Disoproxil Fumarate 600/300/300mg, tablets, 30 Tabs",Efavirenz/Lamivudine/Tenofovir Disoproxil Fumarate,Generic,600/300/300mg,Tablet - FDC,30,"47,116",507910.48,10.78,0.36,Hetero Unit III Hyderabad IN,TRUE,7295,"$28,669.40 ",522.13
"85,744",113-ZW-T30,FPQ-6470,SO-38830,DN-2128,Zimbabwe,PMO - US,From RDC,N/A - From RDC,Truck,10/13/2010,N/A - From RDC,31-Mar-11,18-Mar-11,18-Mar-11,ARV,Adult,SCMS from RDC,"Efavirenz 600mg, tablets, 30 Tabs",Efavirenz,Generic,600mg,Tablet,30,"6,392",27741.28,4.34,0.14,Mylan (formerly Matrix) Nashik,FALSE,See DN-2128 (ID#:84624),null,59.81
"83,263",109-TZ-T30,FPQ-13042,SO-46730,DN-3813,Tanzania,PMO - US,From RDC,N/A - From RDC,Truck,10-01-13,N/A - From RDC,29-Aug-14,27-Aug-14,23-Sep-14,ARV,Pediatric,SCMS from RDC,"Lamivudine/Zidovudine 30/60mg, tablets, 60 Tabs",Lamivudine/Zidovudine,Generic,30/60mg,Tablet - FDC,60,"15,639",31121.61,1.99,0.03,Mylan (formerly Matrix) Nashik,TRUE,590,"$5,399.25 ",38.5
"85,745",113-ZW-T30,FPQ-6470,SO-38830,DN-2128,Zimbabwe,PMO - US,From RDC,N/A - From RDC,Truck,10/13/2010,N/A - From RDC,31-Mar-11,18-Mar-11,18-Mar-11,ARV,Adult,SCMS from RDC,"Lamivudine/Tenofovir Disoproxil Fumarate 300/300mg, tablets, 30 Tabs",Lamivudine/Tenofovir Disoproxil Fumarate,Generic,300/300mg,Tablet - FDC,30,"10,114",89205.48,8.82,0.29,Mylan (formerly Matrix) Nashik,FALSE,See DN-2128 (ID#:84624),null,192.33
"83,489",105-GY-T30,FPQ-7128,SO-38840,DN-2129,Guyana,PMO - US,From RDC,N/A - From RDC,Air,02-04-11,N/A - From RDC,31-Mar-11,25-Mar-11,25-Mar-11,ARV,Pediatric,SCMS from RDC,"Abacavir 20mg/ml, oral solution w/syringe, Bottle, 240 ml",Abacavir,Generic,20mg/ml,Oral solution,240,99,1356.30,13.7,0.06,"Aurobindo Unit III, India",FALSE,See DN-2129 (ID#:83488),null,2.24
"84,065",105-GY-T30,FPQ-7128,SO-38840,DN-2129,Guyana,PMO - US,From RDC,N/A - From RDC,Air,02-04-11,N/A - From RDC,31-Mar-11,25-Mar-11,25-Mar-11,ARV,Adult,SCMS from RDC,"Zidovudine 300mg, tablets, 60 Tabs",Zidovudine,Generic,300mg,Tablet,60,"1,827",13172.67,7.21,0.12,"Aurobindo Unit III, India",FALSE,See DN-2129 (ID#:83488),null,21.73
"83,271",100-ZM-T30,FPQ-13679,SO-48011,DN-3862,Zambia,PMO - US,From RDC,N/A - From RDC,Truck,02-02-14,N/A - From RDC,06-Aug-14,06-Aug-14,22-Aug-14,ARV,Adult,SCMS from RDC,"Abacavir 300mg, tablets, 60 Tabs",Abacavir,Generic,300mg,Tablet,60,"4,636",52664.96,11.36,0.19,"Aurobindo Unit III, India",TRUE,458,"$4,130.15 ",54.14
"84,066",104-CI-T30,FPQ-6495,SO-37700,DN-2137,Côte d'Ivoire,PMO - US,From RDC,N/A - From RDC,Air,10-04-10,N/A - From RDC,31-Mar-11,29-Mar-11,29-Mar-11,ARV,Adult,SCMS from RDC,"Lamivudine/Zidovudine 150/300mg, tablets, 60 Tabs",Lamivudine/Zidovudine,Generic,150/300mg,Tablet - FDC,60,"40,752",348429.60,8.55,0.14,Hetero Unit III Hyderabad IN,FALSE,See DN-2137 (ID#:83490),null,751.21
"83,273",901-NA-T30,FPQ-14723,SO-49510,DN-3906,Namibia,PMO - US,From RDC,N/A - From RDC,Air,7/30/2014,N/A - From RDC,30-Sep-14,02-Sep-14,05-Sep-14,ARV,Adult,SCMS from RDC,"Lamivudine/Tenofovir Disoproxil Fumarate 300/300mg, tablets, 30 Tabs",Lamivudine/Tenofovir Disoproxil Fumarate,Generic,300/300mg,Tablet - FDC,30,"45,000",208350.00,4.63,0.15,Hetero Unit III Hyderabad IN,TRUE,4688,"$32,063.30 ",214.18
"83,274",151-NG-T30,FPQ-13704,SO-48320,DN-3918,Nigeria,PMO - US,From RDC,N/A - From RDC,Air Charter,2/13/2014,N/A - From RDC,30-Sep-14,03-Sep-14,05-Sep-14,ARV,Adult,SCMS from RDC,"Lamivudine/Zidovudine 150/300mg, tablets, 60 Tabs",Lamivudine/Zidovudine,Generic,150/300mg,Tablet - FDC,60,"194,265",1307403.45,6.73,0.11,Hetero Unit III Hyderabad IN,TRUE,19976,"$67,504 ","1,344.01"
"84,629",104-CI-T30,FPQ-6495,SO-37700,DN-2137,Côte d'Ivoire,PMO - US,From RDC,N/A - From RDC,Air,10-04-10,N/A - From RDC,31-Mar-11,29-Mar-11,29-Mar-11,ARV,Adult,SCMS from RDC,"Lamivudine/Nevirapine/Zidovudine 150/200/300mg, tablets, 60 Tabs",Lamivudine/Nevirapine/Zidovudine,Generic,150/300/200mg,Tablet - FDC,60,"99,957",1121517.54,11.22,0.19,"Aurobindo Unit III, India",FALSE,See DN-2137 (ID#:83490),null,"2,417.99"
"83,277",107-RW-T30,FPQ-14111,SO-48780,DN-3931,Rwanda,PMO - US,From RDC,N/A - From RDC,Air,4/22/2014,N/A - From RDC,31-Oct-14,24-Sep-14,25-Sep-14,ARV,Pediatric,SCMS from RDC,"Lamivudine/Nevirapine/Zidovudine 30/50/60mg, dispersible tablets, 60 Tabs",Lamivudine/Nevirapine/Zidovudine,Generic,30/50/60mg,Chewable/dispersible tablet - FDC,60,"2,196",8235.00,3.75,0.06,"Strides, Bangalore, India.",TRUE,98,$993.20 ,8.47
"83,278",109-TZ-T30,FPQ-13566,SO-47654,DN-3932,Tanzania,PMO - US,From RDC,N/A - From RDC,Truck,1/15/2014,N/A - From RDC,31-Oct-14,22-Oct-14,04-Nov-14,ARV,Pediatric,SCMS from RDC,"Lamivudine/Zidovudine 30/60mg, dispersible tablets, 60 Tabs",Lamivudine/Zidovudine,Generic,30/60mg,Chewable/dispersible tablet - FDC,60,"11,688",25129.20,2.15,0.04,"Cipla, Goa, India",TRUE,1673,"$5,364.61 ",25.83
"83,279",111-MZ-T30,FPQ-13166,SO-47610,DN-3935,Mozambique,PMO - US,From RDC,N/A - From RDC,Truck,10/21/2013,N/A - From RDC,31-Oct-14,30-Oct-14,13-Nov-14,ARV,Adult,SCMS from RDC,"Abacavir/Lamivudine 600/300mg, tablets, 30 Tabs",Abacavir/Lamivudine,Generic,600/300mg,Tablet - FDC,30,"1,934",26147.68,13.52,0.45,"Cipla, Patalganga, India",TRUE,195,$63.07 ,26.88
"83,283",111-MZ-T30,FPQ-14226,SO-48885,DN-3957,Mozambique,PMO - US,From RDC,N/A - From RDC,Truck,05-02-14,N/A - From RDC,31-Dec-14,01-Dec-14,01-Dec-14,ARV,Adult,SCMS from RDC,"Efavirenz/Lamivudine/Tenofovir Disoproxil Fumarate 600/300/300mg, tablets, 30 Tabs",Efavirenz/Lamivudine/Tenofovir Disoproxil Fumarate,Generic,600/300/300mg,Tablet - FDC,30,"460,041",4959241.98,10.78,0.36,Mylan (formerly Matrix) Nashik,TRUE,56314,"$53,110.46 ","5,098.10"
"83,284",105-GY-T30,FPQ-14650,SO-49360,DN-3977,Guyana,PMO - US,From RDC,N/A - From RDC,Air,7/18/2014,N/A - From RDC,31-Dec-14,26-Nov-14,02-Dec-14,ARV,Adult,SCMS from RDC,"Lopinavir/Ritonavir 200/50mg, tablets, 120 Tabs",Lopinavir/Ritonavir,Generic,200/50mg,Tablet,120,"1,819",35761.54,19.66,0.16,Mylan (formerly Matrix) Nashik,TRUE,473,"$6,001.52 ",36.76
"83,285",110-ZM-T30,FPQ-14162,SO-48691,DN-3979,Zambia,PMO - US,From RDC,N/A - From RDC,Truck,4/24/2014,N/A - From RDC,31-Dec-14,19-Nov-14,24-Nov-14,ARV,Adult,SCMS from RDC,"Zidovudine 300mg, tablets, 60 Tabs",Zidovudine,Generic,300mg,Tablet,60,"13,709",74439.87,5.43,0.09,"Aurobindo Unit III, India",TRUE,797,"$3,340.50 ",76.52
"84,630",104-CI-T30,FPQ-6144,SO-38480,DN-2138,Côte d'Ivoire,PMO - US,From RDC,N/A - From RDC,Air,08-03-10,N/A - From RDC,15-Mar-11,29-Mar-11,29-Mar-11,ARV,Pediatric,SCMS from RDC,"Didanosine 200mg, chewable/dispersible tablets, 60 Tabs",Didanosine,Generic,200mg,Chewable/dispersible tablet,60,"3,008",46624.00,15.5,0.26,"Aurobindo Unit III, India",FALSE,See DN-2138 (ID#:83491),null,100.52
"84,631",104-CI-T30,FPQ-6144,SO-38480,DN-2138,Côte d'Ivoire,PMO - US,From RDC,N/A - From RDC,Air,08-03-10,N/A - From RDC,15-Mar-11,29-Mar-11,29-Mar-11,ARV,Adult,SCMS from RDC,"Lamivudine/Zidovudine 150/300mg, tablets, 60 Tabs",Lamivudine/Zidovudine,Generic,150/300mg,Tablet - FDC,60,"15,621",133559.55,8.55,0.14,Hetero Unit III Hyderabad IN,FALSE,See DN-2138 (ID#:83491),null,287.95
"83,482",104-CI-T30,FPQ-6495,SO-37710,DN-2098,Côte d'Ivoire,PMO - US,From RDC,N/A - From RDC,Truck,10-04-10,N/A - From RDC,31-Jan-11,22-Feb-11,22-Feb-11,ARV,Adult,SCMS from RDC,"Lamivudine 150mg, tablets, 60 Tabs",Lamivudine,Generic,150mg,Tablet,60,"17,320",40355.60,2.33,0.04,"Aurobindo Unit III, India",TRUE,1721,"$8,758.37 ",87.01
"86,371",104-CI-T30,FPQ-6891,SO-38530,DN-2140,Côte d'Ivoire,PMO - US,From RDC,N/A - From RDC,Air,12/21/2010,N/A - From RDC,31-Mar-11,29-Mar-11,29-Mar-11,ARV,Adult,SCMS from RDC,"Stavudine 15mg, capsules, 60 Caps",Stavudine,Generic,15mg,Capsule,60,"1,059",1588.50,1.5,0.02,"Aurobindo Unit III, India",FALSE,See DN-2140 (ID#:85180),null,2.62
"83,289",110-ZM-T30,FPQ-14162,SO-48690,DN-4018,Zambia,PMO - US,From RDC,N/A - From RDC,Truck,4/24/2014,N/A - From RDC,30-Jan-15,01-Feb-15,20-Feb-15,ARV,Adult,SCMS from RDC,"Zidovudine 300mg, tablets, 60 Tabs",Zidovudine,Generic,300mg,Tablet,60,"5,281",29045.50,5.5,0.09,"Aurobindo Unit III, India",TRUE,312,$401.82 ,29.86
"83,291",114-UG-T30,FPQ-14396,SO-48993,DN-4041,Uganda,PMO - US,From RDC,N/A - From RDC,Truck,06-04-14,N/A - From RDC,16-Feb-15,24-Jan-15,03-Feb-15,ARV,Adult,SCMS from RDC,"Efavirenz/Lamivudine/Tenofovir Disoproxil Fumarate 600/300/300mg, tablets, 30 Tabs",Efavirenz/Lamivudine/Tenofovir Disoproxil Fumarate,Generic,600/300/300mg,Tablet - FDC,30,"29,247",315282.66,10.78,0.36,"Aurobindo Unit VII, IN",TRUE,5324,"$8,248.28 ",324.11
"86,372",110-ZM-T30,FPQ-6677,SO-38050,DN-2143,Zambia,PMO - US,From RDC,N/A - From RDC,Truck,11-08-10,N/A - From RDC,15-Apr-11,05-Apr-11,05-Apr-11,ARV,Adult,SCMS from RDC,"Abacavir 300mg, tablets, 60 Tabs",Abacavir,Generic,300mg,Tablet,60,"20,000",317800.00,15.89,0.26,Mylan (formerly Matrix) Nashik,FALSE,See DN-2143 (ID#:84632),null,524.37
"83,293",107-RW-T30,FPQ-14811,SO-49952,DN-4043,Rwanda,PMO - US,From RDC,N/A - From RDC,Truck,10/15/2014,N/A - From RDC,14-Jan-15,24-Dec-14,31-Dec-14,ARV,Pediatric,SCMS from RDC,"Abacavir/Lamivudine 60/30mg, dispersible tablets, 60 Tabs",Abacavir/Lamivudine,Generic,60/30mg,Chewable/dispersible tablet - FDC,60,"6,030",30692.70,5.09,0.08,"Cipla, Patalganga, India",TRUE,542,"$4,649.71 ",31.55
"83,294",151-NG-T30,FPQ-13704,SO-48311,DN-4053,Nigeria,PMO - US,From RDC,N/A - From RDC,Air Charter,2/13/2014,N/A - From RDC,26-Jan-15,29-Dec-14,06-Jan-15,ARV,Adult,SCMS from RDC,"Abacavir/Lamivudine 600/300mg, tablets, 30 Tabs",Abacavir/Lamivudine,Generic,600/300mg,Tablet - FDC,30,558,7544.16,13.52,0.45,Mylan (formerly Matrix) Nashik,TRUE,49,$181.92 ,7.76
"85,181",114-UG-T30,FPQ-6427,SO-38760,DN-2144,Uganda,PMO - US,From RDC,N/A - From RDC,Truck,9/29/2010,N/A - From RDC,31-Mar-11,01-Apr-11,01-Apr-11,ARV,Adult,SCMS from RDC,"Nevirapine 200mg, tablets, 60 Tabs",Nevirapine,Generic,200mg,Tablet,60,"11,979",30067.29,2.51,0.04,"Strides, Bangalore, India.",FALSE,See DN-2144 (ID#:83493),null,64.83
"84,634",109-TZ-T30,FPQ-7347,SO-39010,DN-2151,Tanzania,PMO - US,From RDC,N/A - From RDC,Air,03-07-11,N/A - From RDC,07-Apr-11,31-Mar-11,31-Mar-11,ARV,Adult,SCMS from RDC,"Efavirenz 600mg, tablets, 30 Tabs",Efavirenz,Generic,600mg,Tablet,30,"4,738",19994.36,4.22,0.14,Mylan (formerly Matrix) Nashik,FALSE,See DN-2151 (ID#:84068),null,32.99
"83,301",107-RW-T30,FPQ-14111,SO-48812,DN-4088,Rwanda,PMO - US,From RDC,N/A - From RDC,Truck,4/22/2014,N/A - From RDC,27-Feb-15,28-Feb-15,05-Mar-15,ARV,Adult,SCMS from RDC,"Nevirapine 200mg, tablets, 60 Tabs",Nevirapine,Generic,200mg,Tablet,60,"157,062",347107.02,2.21,0.04,"Micro labs, Verna, Goa, India",TRUE,15302,"$12,757 ",356.83
"83,302",104-CI-T30,FPQ-14370,SO-49060,DN-4093,Côte d'Ivoire,PMO - US,From RDC,N/A - From RDC,Truck,5/23/2014,N/A - From RDC,30-Jan-15,12-Mar-15,13-Mar-15,ARV,Adult,SCMS from RDC,"Lamivudine/Tenofovir Disoproxil Fumarate 300/300mg, tablets, 30 Tabs",Lamivudine/Tenofovir Disoproxil Fumarate,Generic,300/300mg,Tablet - FDC,30,"20,000",92600.00,4.63,0.15,"Cipla, Kurkumbh, India",TRUE,2000,"$8,499.16 ",95.19
"83,303",104-CI-T30,FPQ-14370,SO-49053,DN-4094,Côte d'Ivoire,PMO - US,From RDC,N/A - From RDC,Truck,5/23/2014,N/A - From RDC,16-Feb-15,12-Mar-15,13-Mar-15,ARV,Adult,SCMS from RDC,"Lamivudine/Tenofovir Disoproxil Fumarate 300/300mg, tablets, 30 Tabs",Lamivudine/Tenofovir Disoproxil Fumarate,Generic,300/300mg,Tablet - FDC,30,"30,000",138900.00,4.63,0.15,"Cipla, Kurkumbh, India",TRUE,3000,"$12,748.74 ",142.79
"83,304",111-MZ-T30,FPQ-14843,SO-49710,DN-4096,Mozambique,PMO - US,From RDC,N/A - From RDC,Truck,8/21/2014,N/A - From RDC,28-Feb-15,13-Mar-15,17-Mar-15,ARV,Adult,SCMS from RDC,"Efavirenz/Lamivudine/Tenofovir Disoproxil Fumarate 600/300/300mg, tablets, 30 Tabs",Efavirenz/Lamivudine/Tenofovir Disoproxil Fumarate,Generic,600/300/300mg,Tablet - FDC,30,"15,654",152783.04,9.76,0.33,Hetero Unit III Hyderabad IN,TRUE,112027,"$79,514.44 ",157.06
"83,305",114-UG-T30,FPQ-15638,SO-50640,DN-4105,Uganda,PMO - US,From RDC,N/A - From RDC,Truck,12/22/2014,N/A - From RDC,27-Feb-15,25-Feb-15,05-Mar-15,ARV,Adult,SCMS from RDC,"Lopinavir/Ritonavir 200/50mg [Aluvia], tablets, 120 Tabs",Lopinavir/Ritonavir,Aluvia,200/50mg,Tablet,120,"9,833",185843.70,18.9,0.16,ABBVIE Ludwigshafen Germany,TRUE,2033,"$9,482.19 ",218.74
"83,306",111-MZ-T30,FPQ-14226,SO-48886,DN-4115,Mozambique,PMO - US,From RDC,N/A - From RDC,Truck,05-02-14,N/A - From RDC,16-Mar-15,30-Mar-15,30-Mar-15,ARV,Adult,SCMS from RDC,"Lamivudine/Zidovudine 150/300mg, tablets, 60 Tabs",Lamivudine/Zidovudine,Generic,150/300mg,Tablet - FDC,60,"71,377",471088.20,6.6,0.11,Hetero Unit III Hyderabad IN,TRUE,6842,"$8,689.22 ",484.28
"83,308",107-RW-T30,FPQ-14811,SO-49970,DN-4125,Rwanda,PMO - US,From RDC,N/A - From RDC,Truck,10/15/2014,N/A - From RDC,27-Feb-15,25-Feb-15,05-Mar-15,ARV,Pediatric,SCMS from RDC,"Efavirenz 200mg, scored tablets, 90 Tabs",Efavirenz,Generic,200mg,Tablet,90,"2,021",18795.30,9.3,0.1,"Strides, Bangalore, India.",TRUE,132,"$1,142 ",19.32
"83,309",151-NG-T30,FPQ-14156,SO-50880,DN-4132,Nigeria,PMO - US,From RDC,N/A - From RDC,Air Charter,4/25/2014,N/A - From RDC,02-Mar-15,05-Feb-15,10-Feb-15,ARV,Adult,SCMS from RDC,"Lamivudine/Tenofovir Disoproxil Fumarate 300/300mg, tablets, 30 Tabs",Lamivudine/Tenofovir Disoproxil Fumarate,Generic,300/300mg,Tablet - FDC,30,"95,597",443570.08,4.64,0.15,"Cipla, Kurkumbh, India",TRUE,10656,"$20,992.67 ",455.99
"83,310",151-NG-T30,FPQ-14766,SO-49684,DN-4133,Nigeria,PMO - US,From RDC,N/A - From RDC,Air Charter,8/13/2014,N/A - From RDC,28-Feb-15,05-Feb-15,10-Feb-15,ARV,Adult,SCMS from RDC,"Lamivudine/Nevirapine/Zidovudine 150/200/300mg, tablets, 60 Tabs",Lamivudine/Nevirapine/Zidovudine,Generic,150/300/200mg,Tablet - FDC,60,"20,000",154400.00,7.72,0.13,Hetero Unit III Hyderabad IN,TRUE,2924,"$5,668.63 ",158.72
"83,316",103-ZW-T30,FPQ-13967,SO-48420,DN-4159,Zimbabwe,PMO - US,From RDC,N/A - From RDC,Truck,04-02-14,N/A - From RDC,31-Mar-15,17-Mar-15,19-Mar-15,ARV,Pediatric,SCMS from RDC,"Abacavir/Lamivudine 60/30mg, tablets, 60 Tabs",Abacavir/Lamivudine,Generic,60/30mg,Tablet - FDC,60,"19,996",78984.20,3.95,0.07,Mylan (formerly Matrix) Nashik,TRUE,1119,"$1,417.12 ",81.2
"83,318",103-ZW-T30,FPQ-13967,SO-48430,DN-4160,Zimbabwe,PMO - US,From RDC,N/A - From RDC,Truck,04-02-14,N/A - From RDC,31-Mar-15,17-Mar-15,19-Mar-15,ARV,Pediatric,SCMS from RDC,"Lamivudine/Zidovudine 30/60mg, dispersible tablets, 60 Tabs",Lamivudine/Zidovudine,Generic,30/60mg,Chewable/dispersible tablet - FDC,60,"12,080",23556.00,1.95,0.03,"Mylan,  H-12 & H-13, India",TRUE,10314,"$12,867.46 ",24.22
"86,375",109-TZ-T30,FPQ-7347,SO-39010,DN-2151,Tanzania,PMO - US,From RDC,N/A - From RDC,Air,03-07-11,N/A - From RDC,07-Apr-11,31-Mar-11,31-Mar-11,ARV,Adult,SCMS from RDC,"Efavirenz 600mg, tablets, 30 Tabs",Efavirenz,Generic,600mg,Tablet,30,"27,769",117185.18,4.22,0.14,Hetero Unit III Hyderabad IN,FALSE,See DN-2151 (ID#:84068),null,193.36
"83,324",101-CD-T30,FPQ-15787,SO-50910,DN-4195,"Congo, DRC",PMO - US,From RDC,N/A - From RDC,Air,1/26/2015,N/A - From RDC,06-May-15,06-Jul-15,06-Jul-15,ARV,Pediatric,SCMS from RDC,"Zidovudine 10mg/ml, oral solution w/syringe, Bottle, 240 ml",Zidovudine,Generic,10mg/ml,Oral solution,240,10,19.90,1.99,0.01,"Aurobindo Unit III, India",TRUE,71,"$1,334.92 ",0.02
"83,326",114-UG-T30,FPQ-15294,SO-50050,DN-4218,Uganda,PMO - US,From RDC,N/A - From RDC,Truck,11-03-14,N/A - From RDC,15-Jun-15,14-May-15,15-May-15,ARV,Pediatric,SCMS from RDC,"Lamivudine/Zidovudine 30/60mg, dispersible tablets, 60 Tabs",Lamivudine/Zidovudine,Generic,30/60mg,Chewable/dispersible tablet - FDC,60,"7,559",14513.28,1.92,0.03,"Cipla, Goa, India",TRUE,21710,"$18,500.50 ",17.08
"83,330",111-MZ-T30,FPQ-14226,SO-48888,DN-4233,Mozambique,PMO - US,From RDC,N/A - From RDC,Truck,05-02-14,N/A - From RDC,29-May-15,09-Jun-15,15-Jun-15,ARV,Adult,SCMS from RDC,"Lamivudine/Zidovudine 150/300mg, tablets, 60 Tabs",Lamivudine/Zidovudine,Generic,150/300mg,Tablet - FDC,60,"75,535",492488.20,6.52,0.11,Mylan (formerly Matrix) Nashik,TRUE,6237,"$5,443.53 ",506.28
"82,944",104-CI-T30,FPQ-6891,SO-38540,DN-2153,Côte d'Ivoire,PMO - US,From RDC,N/A - From RDC,Air,12/21/2010,N/A - From RDC,20-Apr-11,10-Jun-11,10-Jun-11,ARV,Adult,SCMS from RDC,"Lamivudine/Nevirapine/Zidovudine 150/200/300mg, tablets, 60 Tabs",Lamivudine/Nevirapine/Zidovudine,Generic,150/300/200mg,Tablet - FDC,60,"45,000",504900.00,11.22,0.19,Mylan (formerly Matrix) Nashik,FALSE,See DN-2153 (ID#:82374),null,833.08
"83,332",151-NG-T30,FPQ-14989,SO-49933,DN-4229,Nigeria,PMO - US,From RDC,N/A - From RDC,Air Charter,9/19/2014,N/A - From RDC,30-Jun-15,15-Apr-15,20-Apr-15,ARV,Adult,SCMS from RDC,"Lamivudine/Nevirapine/Zidovudine 150/200/300mg, tablets, 60 Tabs",Lamivudine/Nevirapine/Zidovudine,Generic,150/300/200mg,Tablet - FDC,60,"4,000",30880.00,7.72,0.13,"Cipla, Goa, India",TRUE,18750,"$36,027 ",31.74
"83,333",151-NG-T30,FPQ-14766,SO-49686,DN-4226,Nigeria,PMO - US,From RDC,N/A - From RDC,Air Charter,8/13/2014,N/A - From RDC,30-Apr-15,15-Apr-15,20-Apr-15,ARV,Adult,SCMS from RDC,"Lamivudine/Nevirapine/Zidovudine 150/200/300mg, tablets, 60 Tabs",Lamivudine/Nevirapine/Zidovudine,Generic,150/300/200mg,Tablet - FDC,60,"189,393",1462113.96,7.72,0.13,Mylan (formerly Matrix) Nashik,TRUE,24904,"$51,677 ","1,503.05"
"83,334",104-CI-T30,FPQ-14370,SO-49040,DN-4253,Côte d'Ivoire,PMO - US,From RDC,N/A - From RDC,Truck,5/23/2014,N/A - From RDC,08-Jun-15,08-Jun-15,19-Jun-15,ARV,Adult,SCMS from RDC,"Lopinavir/Ritonavir 200/50mg, tablets, 120 Tabs",Lopinavir/Ritonavir,Generic,200/50mg,Tablet,120,"11,169",216231.84,19.36,0.16,"Aurobindo Unit III, India",TRUE,13107,"$20,816.42 ",222.29
"83,335",114-UG-T30,FPQ-15294,SO-50054,DN-4265,Uganda,PMO - US,From RDC,N/A - From RDC,Truck,11-03-14,N/A - From RDC,15-Jun-15,04-Jun-15,15-Jun-15,ARV,Adult,SCMS from RDC,"Lamivudine/Tenofovir Disoproxil Fumarate 300/300mg, tablets, 30 Tabs",Lamivudine/Tenofovir Disoproxil Fumarate,Generic,300/300mg,Tablet - FDC,30,"41,258",190611.96,4.62,0.15,Hetero Unit III Hyderabad IN,TRUE,4964,"$6,126.12 ",224.35
"84,069",104-CI-T30,FPQ-6891,SO-38540,DN-2153,Côte d'Ivoire,PMO - US,From RDC,N/A - From RDC,Air,12/21/2010,N/A - From RDC,20-Apr-11,10-Jun-11,10-Jun-11,ARV,Adult,SCMS from RDC,"Abacavir/Lamivudine 600/300mg, scored tablets, 30 Tabs",Abacavir/Lamivudine,Generic,600/300mg,Tablet - FDC,30,"1,309",29452.50,22.5,0.75,Mylan (formerly Matrix) Nashik,FALSE,See DN-2153 (ID#:82374),null,48.6
"83,337",151-NG-T30,FPQ-14989,SO-51423,DN-4275,Nigeria,PMO - US,From RDC,N/A - From RDC,Air Charter,9/19/2014,N/A - From RDC,30-Jun-15,15-May-15,22-May-15,ARV,Adult,SCMS from RDC,"Lamivudine/Nevirapine/Zidovudine 150/200/300mg, tablets, 60 Tabs",Lamivudine/Nevirapine/Zidovudine,Generic,150/300/200mg,Tablet - FDC,60,"140,000",1080800.00,7.72,0.13,"Cipla, Goa, India",TRUE,42830,"$79,132 ","1,111.06"
"83,338",151-NG-T30,FPQ-14989,SO-51425,DN-4278,Nigeria,PMO - US,From RDC,N/A - From RDC,Air Charter,9/19/2014,N/A - From RDC,30-Jun-15,15-May-15,22-May-15,ARV,Adult,SCMS from RDC,"Zidovudine 300mg, tablets, 60 Tabs",Zidovudine,Generic,300mg,Tablet,60,"34,000",181220.00,5.33,0.09,Hetero Unit III Hyderabad IN,TRUE,2300,"$5,613 ",186.29
"83,339",110-ZM-T30,FPQ-14784,SO-49623,DN-4288,Zambia,PMO - US,From RDC,N/A - From RDC,Truck,08-12-14,N/A - From RDC,30-Jun-15,13-Jul-15,13-Jul-15,ARV,Adult,SCMS from RDC,"Efavirenz/Lamivudine/Tenofovir Disoproxil Fumarate 600/300/300mg, tablets, 30 Tabs",Efavirenz/Lamivudine/Tenofovir Disoproxil Fumarate,Generic,600/300/300mg,Tablet - FDC,30,"42,812",410995.20,9.6,0.32,Mylan (formerly Matrix) Nashik,TRUE,4875,"$23,688.40 ",422.5
"83,340",151-NG-T30,FPQ-14989,SO-51427,DN-4290,Nigeria,PMO - US,From RDC,N/A - From RDC,Air Charter,9/19/2014,N/A - From RDC,30-Jun-15,02-Jun-15,17-Jun-15,ARV,Adult,SCMS from RDC,"Lamivudine/Nevirapine/Zidovudine 150/200/300mg, tablets, 60 Tabs",Lamivudine/Nevirapine/Zidovudine,Generic,150/300/200mg,Tablet - FDC,60,"177,285",1368640.20,7.72,0.13,Mylan (formerly Matrix) Nashik,TRUE,41904,"$84,944.83 ","1,406.96"
"83,341",151-NG-T30,FPQ-14989,SO-51429,DN-4292,Nigeria,PMO - US,From RDC,N/A - From RDC,Air Charter,9/19/2014,N/A - From RDC,30-Jun-15,02-Jun-15,17-Jun-15,ARV,Pediatric,SCMS from RDC,"Lamivudine/Nevirapine/Zidovudine 30/50/60mg, dispersible tablets, 60 Tabs",Lamivudine/Nevirapine/Zidovudine,Generic,30/50/60mg,Chewable/dispersible tablet - FDC,60,"16,495",59382.00,3.6,0.06,"Cipla, Goa, India",TRUE,1636,"$5,852.71 ",61.04
"84,070",104-CI-T30,FPQ-6891,SO-38540,DN-2153,Côte d'Ivoire,PMO - US,From RDC,N/A - From RDC,Air,12/21/2010,N/A - From RDC,20-Apr-11,10-Jun-11,10-Jun-11,ARV,Adult,SCMS from RDC,"Lamivudine/Zidovudine 150/300mg, tablets, 60 Tabs",Lamivudine/Zidovudine,Generic,150/300mg,Tablet - FDC,60,"20,376",174214.80,8.55,0.14,Hetero Unit III Hyderabad IN,FALSE,See DN-2153 (ID#:82374),null,287.45
"84,633",104-CI-T30,FPQ-6891,SO-38540,DN-2153,Côte d'Ivoire,PMO - US,From RDC,N/A - From RDC,Air,12/21/2010,N/A - From RDC,20-Apr-11,10-Jun-11,10-Jun-11,ARV,Pediatric,SCMS from RDC,"Lamivudine 10mg/ml, oral solution w/syringe, Bottle, 240 ml",Lamivudine,Generic,10mg/ml,Oral solution,240,"7,420",13727.00,1.85,0.01,"Aurobindo Unit III, India",FALSE,See DN-2153 (ID#:82374),null,22.65
"85,749",104-CI-T30,FPQ-6891,SO-38540,DN-2153,Côte d'Ivoire,PMO - US,From RDC,N/A - From RDC,Air,12/21/2010,N/A - From RDC,20-Apr-11,10-Jun-11,10-Jun-11,ARV,Adult,SCMS from RDC,"Abacavir 300mg, tablets, 60 Tabs",Abacavir,Generic,300mg,Tablet,60,"3,564",55242.00,15.5,0.26,Mylan (formerly Matrix) Nashik,FALSE,See DN-2153 (ID#:82374),null,91.15
"86,374",104-CI-T30,FPQ-6891,SO-38540,DN-2153,Côte d'Ivoire,PMO - US,From RDC,N/A - From RDC,Air,12/21/2010,N/A - From RDC,20-Apr-11,10-Jun-11,10-Jun-11,ARV,Adult,SCMS from RDC,"Emtricitabine/Tenofovir Disoproxil Fumarate 200/300mg, tablets, 30 Tabs",Emtricitabine/Tenofovir Disoproxil Fumarate,Generic,200/300mg,Tablet - FDC,30,"14,440",157684.80,10.92,0.36,Mylan (formerly Matrix) Nashik,FALSE,See DN-2153 (ID#:82374),null,260.18
"86,380",110-ZM-T30,FPQ-6482,SO-38970,DN-2154,Zambia,PMO - US,From RDC,N/A - From RDC,Truck,10/15/2010,N/A - From RDC,11-Apr-11,20-May-11,20-May-11,ARV,Adult,SCMS from RDC,"Nevirapine 200mg, tablets, 60 Tabs",Nevirapine,Generic,200mg,Tablet,60,"10,927",27426.77,2.51,0.04,Hetero Unit III Hyderabad IN,FALSE,See DN-2154 (ID#:84084),null,59.13
"85,751",104-CI-T30,FPQ-6499,SO-37730,DN-2158,Côte d'Ivoire,PMO - US,From RDC,N/A - From RDC,Air,10-04-10,N/A - From RDC,24-Mar-11,07-Jun-11,07-Jun-11,ARV,Adult,SCMS from RDC,"Efavirenz/Emtricitabine/Tenofovir Disoproxil Fumarate 600/200/300mg, tablets, 30 Tabs",Efavirenz/Emtricitabine/Tenofovir Disoproxil Fumarate,Generic,600/200/300mg,Tablet - FDC,30,300,5976.00,19.92,0.66,Mylan (formerly Matrix) Nashik,FALSE,See DN-2158 (ID#:84075),null,9.86
"83,370",154-NG-T30,FPQ-3815,SO-32274,DN-1364,Nigeria,PMO - US,From RDC,N/A - From RDC,Air,5/26/2009,N/A - From RDC,31-Aug-09,17-Aug-09,17-Aug-09,ARV,Adult,SCMS from RDC,"Zidovudine 300mg, tablets, 60 Tabs",Zidovudine,Generic,300mg,Tablet,60,28,210.84,7.53,0.13,Hetero Unit III Hyderabad IN,TRUE,2,$675.47 ,0.41
"83,371",154-NG-T30,FPQ-3815,SO-32272,DN-1360,Nigeria,PMO - US,From RDC,N/A - From RDC,Air Charter,5/26/2009,N/A - From RDC,31-Aug-09,04-Aug-09,04-Aug-09,ARV,Adult,SCMS from RDC,"Efavirenz 600mg, tablets, 30 Tabs",Efavirenz,Generic,600mg,Tablet,30,277,1897.45,6.85,0.23,"Aurobindo Unit III, India",TRUE,54,"$7,445.80 ",3.72
"85,750",104-CI-T30,FPQ-6891,SO-38570,DN-2161,Côte d'Ivoire,PMO - US,From RDC,N/A - From RDC,Air,12/21/2010,N/A - From RDC,30-Jun-11,07-Jun-11,07-Jun-11,ARV,Adult,SCMS from RDC,"Efavirenz/Emtricitabine/Tenofovir Disoproxil Fumarate 600/200/300mg, tablets, 30 Tabs",Efavirenz/Emtricitabine/Tenofovir Disoproxil Fumarate,Generic,600/200/300mg,Tablet - FDC,30,"5,220",103982.40,19.92,0.66,Mylan (formerly Matrix) Nashik,FALSE,See DN-2161 (ID#:84639),null,171.57
"84,081",200-ZW-T30,FPQ-6483,SO-39270,DN-2178,Zimbabwe,PMO - US,From RDC,N/A - From RDC,Truck,10/13/2010,N/A - From RDC,04-Apr-11,20-May-11,20-May-11,ARV,Pediatric,SCMS from RDC,"Didanosine 200mg, delayed-release capsules, 30 Caps",Didanosine,Generic,200mg,Delayed-release capsules,30,45,495.00,11,0.37,"Aurobindo Unit III, India",FALSE,See DN-2178 (ID#:84080),null,1.07
"83,374",123-NG-T30,FPQ-4395,SO-32971,DN-1493,Nigeria,PMO - US,From RDC,N/A - From RDC,Air Charter,7/27/2009,N/A - From RDC,18-Dec-09,20-Nov-09,20-Nov-09,ARV,Adult,SCMS from RDC,"Efavirenz 600mg, tablets, 30 Tabs",Efavirenz,Generic,600mg,Tablet,30,"2,666",15409.48,5.78,0.19,"Aurobindo Unit III, India",TRUE,2889,"$21,641.75 ",30.2
"83,375",114-UG-T30,FPQ-4475,SO-34160,DN-1506,Uganda,PMO - US,From RDC,N/A - From RDC,Air,09-02-09,N/A - From RDC,20-Nov-09,10-Nov-09,10-Nov-09,ARV,Adult,SCMS from RDC,"Lamivudine/Tenofovir Disoproxil Fumarate 300/300mg, tablets, 30 Tabs",Lamivudine/Tenofovir Disoproxil Fumarate,Generic,300/300mg,Tablet - FDC,30,200,2000.00,10,0.33,Mylan (formerly Matrix) Nashik,TRUE,44,"$1,483.39 ",3.92
"83,376",104-CI-T30,FPQ-3964,SO-33070,DN-1511,Côte d'Ivoire,PMO - US,From RDC,N/A - From RDC,Air,7/24/2009,N/A - From RDC,10-Dec-09,05-Nov-09,05-Nov-09,ARV,Adult,SCMS from RDC,"Lamivudine/Stavudine 150/30mg, tablets, 60 Tabs",Lamivudine/Stavudine,Generic,150/30mg,Tablet - FDC,60,940,3290.00,3.5,0.06,Mylan (formerly Matrix) Nashik,TRUE,69,"$5,028.05 ",6.45
"83,377",104-CI-T30,FPQ-3964,SO-34510,DN-1514,Côte d'Ivoire,PMO - US,From RDC,N/A - From RDC,Air,7/24/2009,N/A - From RDC,26-Nov-09,13-Nov-09,13-Nov-09,ARV,Adult,SCMS from RDC,"Lamivudine/Nevirapine/Zidovudine 150/200/300mg, tablets, 60 Tabs",Lamivudine/Nevirapine/Zidovudine,Generic,150/300/200mg,Tablet - FDC,60,"42,750",485212.50,11.35,0.19,"Aurobindo Unit III, India",TRUE,4814,"$7,100.04 ",951.02
"83,378",114-UG-T30,FPQ-4470,SO-34020,DN-1520,Uganda,PMO - US,From RDC,N/A - From RDC,Air,8/17/2009,N/A - From RDC,30-Nov-09,25-Nov-09,25-Nov-09,ARV,Adult,SCMS from RDC,"Lamivudine/Nevirapine/Stavudine 150/200/30mg, tablets, 60 Tabs",Lamivudine/Nevirapine/Stavudine,Generic,150/200/30mg,Tablet - FDC,60,"1,760",12320.00,7,0.12,"Strides, Bangalore, India.",TRUE,133,"$2,450.89 ",24.15
"83,497",200-ZW-T30,FPQ-6483,SO-39280,DN-2179,Zimbabwe,PMO - US,From RDC,N/A - From RDC,Truck,10/13/2010,N/A - From RDC,04-Apr-11,20-May-11,20-May-11,ARV,Pediatric,SCMS from RDC,"Efavirenz 50mg, capsule, 30 Caps",Efavirenz,Generic,50mg,Capsule,30,"3,348",7499.52,2.24,0.07,"Aurobindo Unit III, India",FALSE,See DN-2179 (ID#:82946),null,16.17
"83,380",104-CI-T30,FPQ-4378,SO-34371,DN-1544,Côte d'Ivoire,PMO - US,From RDC,N/A - From RDC,Air,10/15/2009,N/A - From RDC,04-Dec-09,02-Dec-09,02-Dec-09,ARV,Adult,SCMS from RDC,"Tenofovir Disoproxil Fumarate 300mg, tablets, 30 Tabs",Tenofovir Disoproxil Fumarate,Generic,300mg,Tablet,30,950,8103.50,8.53,0.28,Mylan (formerly Matrix) Nashik,TRUE,54,"$1,211.49 ",15.88
"83,381",104-CI-T30,FPQ-4378,SO-34740,DN-1546,Côte d'Ivoire,PMO - US,From RDC,N/A - From RDC,Air,10/15/2009,N/A - From RDC,07-Dec-09,02-Dec-09,02-Dec-09,ARV,Adult,SCMS from RDC,"Lamivudine/Stavudine 150/30mg, tablets, 60 Tabs",Lamivudine/Stavudine,Generic,150/30mg,Tablet - FDC,60,940,3290.00,3.5,0.06,"Strides, Bangalore, India.",TRUE,49,"$1,211.49 ",6.45
"83,382",114-UG-T30,FPQ-4470,SO-34610,DN-1550,Uganda,PMO - US,From RDC,N/A - From RDC,Air,8/17/2009,N/A - From RDC,30-Nov-09,25-Nov-09,25-Nov-09,ARV,Adult,SCMS from RDC,"Lamivudine/Tenofovir Disoproxil Fumarate 300/300mg, tablets, 30 Tabs",Lamivudine/Tenofovir Disoproxil Fumarate,Generic,300/300mg,Tablet - FDC,30,"3,760",37600.00,10,0.33,Mylan (formerly Matrix) Nashik,TRUE,315,"$5,254.17 ",73.7
"83,383",110-ZM-T30,FPQ-4035,SO-34600,DN-1553,Zambia,PMO - US,From RDC,N/A - From RDC,Truck,08-05-09,N/A - From RDC,30-Nov-09,03-Dec-09,03-Dec-09,ARV,Adult,SCMS from RDC,"Lamivudine/Tenofovir Disoproxil Fumarate 300/300mg, tablets, 30 Tabs",Lamivudine/Tenofovir Disoproxil Fumarate,Generic,300/300mg,Tablet - FDC,30,"110,000",1100000.00,10,0.33,Mylan (formerly Matrix) Nashik,TRUE,9221,"$8,104.79 ","2,156"
"83,384",123-NG-T30,FPQ-4014,SO-32972,DN-1561,Nigeria,PMO - US,From RDC,N/A - From RDC,Air Charter,7/27/2009,N/A - From RDC,18-Dec-09,18-Dec-09,18-Dec-09,ARV,Adult,SCMS from RDC,"Lamivudine/Zidovudine 150/300mg, tablets, 60 Tabs",Lamivudine/Zidovudine,Generic,150/300mg,Tablet - FDC,60,"35,300",309228.00,8.76,0.15,"Aurobindo Unit III, India",TRUE,3190,"$11,637.64 ",606.09
"83,498",200-ZW-T30,FPQ-6483,SO-39280,DN-2179,Zimbabwe,PMO - US,From RDC,N/A - From RDC,Truck,10/13/2010,N/A - From RDC,04-Apr-11,20-May-11,20-May-11,ARV,Pediatric,SCMS from RDC,"Lamivudine/Stavudine 60/12mg, dispersible tablets, 60 Tabs",Lamivudine/Stavudine,Generic,60/12mg,Chewable/dispersible tablet - FDC,60,"4,952",16341.60,3.3,0.06,"Cipla, Goa, India",FALSE,See DN-2179 (ID#:82946),null,35.23
"83,386",114-UG-T30,FPQ-4275,SO-33970,DN-1576,Uganda,PMO - US,From RDC,N/A - From RDC,Air,9/17/2009,N/A - From RDC,20-Dec-09,26-Nov-09,26-Nov-09,ARV,Adult,SCMS from RDC,"Efavirenz 600mg, tablets, 30 Tabs",Efavirenz,Generic,600mg,Tablet,30,"12,100",69938.00,5.78,0.19,"Aurobindo Unit III, India",TRUE,36,"$3,602.34 ",137.08
"83,387",106-HT-T30,FPQ-4469,SO-34210,DN-1582,Haiti,PMO - US,From RDC,N/A - From RDC,Air,9/23/2009,N/A - From RDC,21-Dec-09,16-Dec-09,16-Dec-09,ARV,Adult,SCMS from RDC,"Efavirenz 600mg, tablets, 30 Tabs",Efavirenz,Generic,600mg,Tablet,30,"5,323",30766.94,5.78,0.19,"Aurobindo Unit III, India",TRUE,456,"$5,338.55 ",66.33
"83,388",106-HT-T30,FPQ-4384,SO-34720,DN-1590,Haiti,PMO - US,From RDC,N/A - From RDC,Air Charter,10/23/2009,N/A - From RDC,25-Dec-09,17-Dec-09,17-Dec-09,ARV,Pediatric,SCMS from RDC,"Efavirenz 30mg/ml [Stocrin/Sustiva], oral solution, Bottle, 180 ml",Efavirenz,Stocrin/Sustiva,30mg/ml,Oral solution,180,230,3900.80,16.96,0.09,"MSD, Haarlem, NL",TRUE,132,"$8,329.13 ",8.41
"86,378",200-ZW-T30,FPQ-6483,SO-39290,DN-2180,Zimbabwe,PMO - US,From RDC,N/A - From RDC,Truck,10/13/2010,N/A - From RDC,20-Apr-11,20-May-11,20-May-11,ARV,Pediatric,SCMS from RDC,"Lamivudine/Zidovudine 30/60mg, tablets, 60 Tabs",Lamivudine/Zidovudine,Generic,30/60mg,Tablet - FDC,60,"1,884",6123.00,3.25,0.05,"Aurobindo Unit III, India",FALSE,See DN-2180 (ID#:85755),null,13.2
"83,425",151-NG-T30,FPQ-4537,SO-34891,DN-1813,Nigeria,PMO - US,From RDC,N/A - From RDC,Air Charter,11-06-09,N/A - From RDC,31-May-10,18-May-10,18-May-10,ARV,Adult,SCMS from RDC,"Nevirapine 200mg, tablets, 60 Tabs",Nevirapine,Generic,200mg,Tablet,60,"20,000",53200.00,2.66,0.04,"Strides, Bangalore, India.",TRUE,1098,"$9,736.10 ",114.7
"84,641",113-ZW-T30,FPQ-6470,SO-37850,DN-2181,Zimbabwe,PMO - US,From RDC,N/A - From RDC,Truck,10/13/2010,N/A - From RDC,31-Mar-11,20-May-11,20-May-11,ARV,Adult,SCMS from RDC,"Lamivudine/Nevirapine/Stavudine 150/200/30mg, tablets, 60 Tabs",Lamivudine/Nevirapine/Stavudine,Generic,150/200/30mg,Tablet - FDC,60,"22,074",122731.44,5.56,0.09,"Cipla, Goa, India",FALSE,See DN-2181 (ID#:84640),null,264.61
"83,391",151-NG-T30,FPQ-4105,SO-33141,DN-1591,Nigeria,PMO - US,From RDC,N/A - From RDC,Air Charter,8/13/2009,N/A - From RDC,18-Dec-09,18-Dec-09,18-Dec-09,ARV,Adult,SCMS from RDC,"Lamivudine/Nevirapine/Zidovudine 150/200/300mg, tablets, 60 Tabs",Lamivudine/Nevirapine/Zidovudine,Generic,150/300/200mg,Tablet - FDC,60,"60,000",681000.00,11.35,0.19,"Aurobindo Unit III, India",TRUE,6949,"$11,637.64 ","1,334.76"
"83,392",114-UG-T30,FPQ-4497,SO-34840,DN-1598,Uganda,PMO - US,From RDC,N/A - From RDC,Air,10/28/2009,N/A - From RDC,17-Feb-10,23-Dec-09,23-Dec-09,ARV,Adult,SCMS from RDC,"Lamivudine 150mg, tablets, 60 Tabs",Lamivudine,Generic,150mg,Tablet,60,250,610.00,2.44,0.04,"Aurobindo Unit III, India",TRUE,113,"$3,504.80 ",1.32
"83,393",117-ET-T30,FPQ-4668,SO-35230,DN-1600,Ethiopia,PMO - US,From RDC,N/A - From RDC,Air,11/26/2009,N/A - From RDC,04-Jan-10,08-Dec-09,08-Dec-09,ARV,Adult,SCMS from RDC,"Lamivudine 150mg, tablets, 60 Tabs",Lamivudine,Generic,150mg,Tablet,60,"4,893",11938.92,2.44,0.04,"Aurobindo Unit III, India",TRUE,235,"$1,326.89 ",25.74
"83,394",114-UG-T30,FPQ-4275,SO-35100,DN-1607,Uganda,PMO - US,From RDC,N/A - From RDC,Air,9/17/2009,N/A - From RDC,15-Jan-10,11-Jan-10,11-Jan-10,ARV,Adult,SCMS from RDC,"Efavirenz 600mg, tablets, 30 Tabs",Efavirenz,Generic,600mg,Tablet,30,"21,563",124634.14,5.78,0.19,"Aurobindo Unit III, India",TRUE,1864,"$8,485 ",244.28
"83,395",106-HT-T30,FPQ-4469,SO-34230,DN-1617,Haiti,PMO - US,From RDC,N/A - From RDC,Air,9/23/2009,N/A - From RDC,05-Mar-10,24-Feb-10,24-Feb-10,ARV,Adult,SCMS from RDC,"Nevirapine 200mg, tablets, 60 Tabs",Nevirapine,Generic,200mg,Tablet,60,"32,850",95265.00,2.9,0.05,"Aurobindo Unit III, India",TRUE,3917,"$39,223.78 ",205.39
"83,396",104-CI-T30,FPQ-4187,SO-33541,DN-1619,Côte d'Ivoire,PMO - US,From RDC,N/A - From RDC,Air,09-09-09,N/A - From RDC,08-Feb-10,23-Jan-10,23-Jan-10,ARV,Pediatric,SCMS from RDC,"Zidovudine 10mg/ml, oral solution, Bottle, 240 ml",Zidovudine,Generic,10mg/ml,Oral solution,240,"2,691",5651.10,2.1,0.01,"Aurobindo Unit III, India",TRUE,1021,"$5,254.10 ",11.08
"86,381",114-UG-T30,FPQ-7162,SO-38810,DN-2191,Uganda,PMO - US,From RDC,N/A - From RDC,Truck,2/14/2011,N/A - From RDC,11-May-11,24-May-11,24-May-11,ARV,Adult,SCMS from RDC,"Nevirapine 200mg, tablets, 60 Tabs",Nevirapine,Generic,200mg,Tablet,60,"10,500",26355.00,2.51,0.04,"Strides, Bangalore, India.",FALSE,See DN-2191 (ID#:82381),null,43.49
"83,399",110-ZM-T30,FPQ-4035,SO-35220,DN-1644,Zambia,PMO - US,From RDC,N/A - From RDC,Truck,08-05-09,N/A - From RDC,02-Mar-10,05-Mar-10,05-Mar-10,ARV,Adult,SCMS from RDC,"Nevirapine 200mg, tablets, 60 Tabs",Nevirapine,Generic,200mg,Tablet,60,"20,000",54600.00,2.73,0.05,"Aurobindo Unit III, India",TRUE,1946,"$3,379.64 ",107.02
"83,400",110-ZM-T30,FPQ-4273,SO-33710,DN-1648,Zambia,PMO - US,From RDC,N/A - From RDC,Truck,9/17/2009,N/A - From RDC,05-Mar-10,05-Mar-10,05-Mar-10,ARV,Pediatric,SCMS from RDC,"Didanosine 100mg, chewable/dispersible tablets, 60 Tabs",Didanosine,Generic,100mg,Chewable/dispersible tablet,60,"10,000",77200.00,7.72,0.13,"Aurobindo Unit III, India",TRUE,2085,"$3,379.64 ",151.31
"83,401",113-ZW-T30,FPQ-4694,SO-35360,DN-1658,Zimbabwe,PMO - US,From RDC,N/A - From RDC,Truck,12-08-09,N/A - From RDC,30-Mar-10,12-Mar-10,12-Mar-10,ARV,Adult,SCMS from RDC,"Lamivudine/Nevirapine/Stavudine 150/200/30mg, tablets, 60 Tabs",Lamivudine/Nevirapine/Stavudine,Generic,150/200/30mg,Tablet - FDC,60,"36,100",220571.00,6.11,0.1,"Cipla, Goa, India",TRUE,3955,"$13,208.56 ",475.55
"83,402",109-TZ-T30,FPQ-4794,SO-35760,DN-1663,Tanzania,PMO - US,From RDC,N/A - From RDC,Air,1/27/2010,N/A - From RDC,14-Apr-10,18-Mar-10,18-Mar-10,ARV,Adult,SCMS from RDC,"Tenofovir Disoproxil Fumarate 300mg, tablets, 30 Tabs",Tenofovir Disoproxil Fumarate,Generic,300mg,Tablet,30,"2,448",20881.44,8.53,0.28,"Cipla, Goa, India",TRUE,178,"$1,854.35 ",45.02
"83,403",106-HT-T30,FPQ-4384,SO-35930,DN-1668,Haiti,PMO - US,From RDC,N/A - From RDC,Air,10/23/2009,N/A - From RDC,07-Apr-10,03-Mar-10,03-Mar-10,ARV,Pediatric,SCMS from RDC,"Efavirenz 50mg, capsule, 30 Caps",Efavirenz,Generic,50mg,Capsule,30,688,1541.12,2.24,0.07,"Aurobindo Unit III, India",TRUE,465,"$6,036.96 ",3.32
"86,382",114-UG-T30,FPQ-7162,SO-39330,DN-2192,Uganda,PMO - US,From RDC,N/A - From RDC,Truck,2/14/2011,N/A - From RDC,11-May-11,24-May-11,24-May-11,ARV,Adult,SCMS from RDC,"Lamivudine/Zidovudine 150/300mg, tablets, 60 Tabs",Lamivudine/Zidovudine,Generic,150/300mg,Tablet - FDC,60,"14,893",123016.18,8.26,0.14,"Aurobindo Unit III, India",FALSE,See DN-2192 (ID#:85184),null,202.98
"85,759",110-ZM-T30,FPQ-6222,SO-38600,DN-2196,Zambia,PMO - US,From RDC,N/A - From RDC,Truck,8/20/2010,N/A - From RDC,14-Apr-11,10-Jun-11,10-Jun-11,ARV,Adult,SCMS from RDC,"Efavirenz 600mg, tablets, 30 Tabs",Efavirenz,Generic,600mg,Tablet,30,"170,858",721020.76,4.22,0.14,Hetero Unit III Hyderabad IN,FALSE,See DN-2196 (ID#:84086),null,"1,554.52"
"11,419",104-CI-T01,Pre-PQ Process,SO-590,DN-220,Côte d'Ivoire,PMO - US,From RDC,N/A - From RDC,,Pre-PQ Process,N/A - From RDC,18-Jul-07,18-Jul-07,18-Jul-07,ARV,Adult,SCMS from RDC,"Lamivudine/Nevirapine/Stavudine 150/200/30mg, tablets, 60 Tabs",Lamivudine/Nevirapine/Stavudine,Generic,150/200/30mg,Tablet - FDC,60,209,1567.50,7.5,0.12,"Cipla, Goa, India",FALSE,See DN-220 (ID#:10585),null,2.51
"12,675",104-CI-T01,Pre-PQ Process,SO-590,DN-220,Côte d'Ivoire,PMO - US,From RDC,N/A - From RDC,,Pre-PQ Process,N/A - From RDC,18-Jul-07,18-Jul-07,18-Jul-07,ARV,Adult,SCMS from RDC,"Saquinavir 200mg [Invirase], capsules, 270 Caps",Saquinavir,Invirase,200mg,Capsule,270,36,2831.04,78.64,0.29,Roche Basel,FALSE,See DN-220 (ID#:10585),null,4.53
"82,948",117-ET-T30,FPQ-7000,SO-38410,DN-2200,Ethiopia,PMO - US,From RDC,N/A - From RDC,Air,01-07-11,N/A - From RDC,10-May-11,18-May-11,18-May-11,ARV,Adult,SCMS from RDC,"Didanosine 400mg, delayed-release capsules, 30 Caps",Didanosine,Generic,400mg,Delayed-release capsules,30,"1,237",24740.00,20,0.67,"Aurobindo Unit III, India",FALSE,See DN-2200 (ID#:82947),null,40.82
"85,186",114-UG-T30,FPQ-7395,SO-39140,DN-2201,Uganda,PMO - US,From RDC,N/A - From RDC,Truck,03-11-11,N/A - From RDC,06-Jun-11,01-Jun-11,01-Jun-11,ARV,Adult,SCMS from RDC,"Efavirenz 600mg, tablets, 30 Tabs",Efavirenz,Generic,600mg,Tablet,30,"2,950",12449.00,4.22,0.14,Mylan (formerly Matrix) Nashik,FALSE,See DN-2201 (ID#:84644),null,20.54
"83,502",200-ZW-T30,FPQ-6483,SO-37880,DN-2203,Zimbabwe,PMO - US,From RDC,N/A - From RDC,Truck,10/13/2010,N/A - From RDC,31-May-11,13-Jun-11,13-Jun-11,ARV,Pediatric,SCMS from RDC,"Efavirenz 200mg, capsule, 90 Caps",Efavirenz,Generic,200mg,Capsule,90,"1,152",11185.92,9.71,0.11,"Aurobindo Unit III, India",FALSE,See DN-2203 (ID#:82949),null,24.12
"83,411",113-ZW-T30,FPQ-5278,SO-36120,DN-1739,Zimbabwe,PMO - US,From RDC,N/A - From RDC,Air,03-04-10,N/A - From RDC,27-May-10,31-Mar-10,31-Mar-10,ARV,Adult,SCMS from RDC,"Lamivudine/Zidovudine 150/300mg, tablets, 60 Tabs",Lamivudine/Zidovudine,Generic,150/300mg,Tablet - FDC,60,"12,000",105120.00,8.76,0.15,"Aurobindo Unit III, India",TRUE,1088,"$4,170.65 ",226.64
"84,645",200-ZW-T30,FPQ-6483,SO-37880,DN-2203,Zimbabwe,PMO - US,From RDC,N/A - From RDC,Truck,10/13/2010,N/A - From RDC,31-May-11,13-Jun-11,13-Jun-11,ARV,Pediatric,SCMS from RDC,"Efavirenz 50mg, capsule, 30 Caps",Efavirenz,Generic,50mg,Capsule,30,"4,250",9520.00,2.24,0.07,"Aurobindo Unit III, India",FALSE,See DN-2203 (ID#:82949),null,20.53
"83,413",114-UG-T30,FPQ-5014,SO-35960,DN-1756,Uganda,PMO - US,From RDC,N/A - From RDC,Truck,1/29/2010,N/A - From RDC,01-Apr-10,25-Mar-10,25-Mar-10,ARV,Adult,SCMS from RDC,"Lamivudine/Nevirapine/Zidovudine 150/200/300mg, tablets, 60 Tabs",Lamivudine/Nevirapine/Zidovudine,Generic,150/300/200mg,Tablet - FDC,60,"9,000",100980.00,11.22,0.19,"Aurobindo Unit III, India",TRUE,1055,"$2,961 ",217.71
"86,384",200-ZW-T30,FPQ-6483,SO-37880,DN-2203,Zimbabwe,PMO - US,From RDC,N/A - From RDC,Truck,10/13/2010,N/A - From RDC,31-May-11,13-Jun-11,13-Jun-11,ARV,Pediatric,SCMS from RDC,"Lamivudine/Nevirapine/Zidovudine 30/50/60mg, dispersible tablets, 60 Tabs",Lamivudine/Nevirapine/Zidovudine,Generic,30/50/60mg,Chewable/dispersible tablet - FDC,60,"20,000",85000.00,4.25,0.07,Mylan (formerly Matrix) Nashik,FALSE,See DN-2203 (ID#:82949),null,183.26
"84,088",113-ZW-T30,FPQ-6470,SO-39510,DN-2205,Zimbabwe,PMO - US,From RDC,N/A - From RDC,Truck,10/13/2010,N/A - From RDC,31-May-11,15-Jun-11,15-Jun-11,ARV,Adult,SCMS from RDC,"Lamivudine/Stavudine 150/30mg, tablets, 60 Tabs",Lamivudine/Stavudine,Generic,150/30mg,Tablet - FDC,60,"4,669",14940.80,3.2,0.05,"Cipla, Goa, India",FALSE,See DN-2205 (ID#:82950),null,32.21
"83,416",151-NG-T30,FPQ-4537,SO-34890,DN-1762,Nigeria,PMO - US,From RDC,N/A - From RDC,Air,11-06-09,N/A - From RDC,19-Apr-10,31-Mar-10,31-Mar-10,ARV,Adult,SCMS from RDC,"Nevirapine 200mg, tablets, 60 Tabs",Nevirapine,Generic,200mg,Tablet,60,"15,000",40950.00,2.73,0.05,"Aurobindo Unit III, India",TRUE,1444,"$124,350.84 ",88.29
"83,417",110-ZM-T30,FPQ-4809,SO-36400,DN-1774,Zambia,PMO - US,From RDC,N/A - From RDC,Truck,01-06-10,N/A - From RDC,21-Jul-10,16-Apr-10,16-Apr-10,ARV,Adult,SCMS from RDC,"Abacavir 300mg, tablets, 60 Tabs",Abacavir,Generic,300mg,Tablet,60,"9,455",202526.10,21.42,0.36,Mylan (formerly Matrix) Nashik,TRUE,944,"$8,022.59 ",436.65
"83,418",151-NG-T30,FPQ-4537,SO-35130,DN-1788,Nigeria,PMO - US,From RDC,N/A - From RDC,Air Charter,11-06-09,N/A - From RDC,31-May-10,18-May-10,18-May-10,ARV,Adult,SCMS from RDC,"Stavudine 20mg, capsules, 60 Caps",Stavudine,Generic,20mg,Capsule,60,"3,250",4647.50,1.43,0.02,"Aurobindo Unit III, India",TRUE,216,"$9,736.10 ",10.02
"83,419",105-GY-T30,FPQ-5430,SO-36560,DN-1791,Guyana,PMO - US,From RDC,N/A - From RDC,Air,3/29/2010,N/A - From RDC,15-Apr-10,28-Apr-10,28-Apr-10,ARV,Adult,SCMS from RDC,"Emtricitabine/Tenofovir Disoproxil Fumarate 200/300mg, tablets, 30 Tabs",Emtricitabine/Tenofovir Disoproxil Fumarate,Generic,200/300mg,Tablet - FDC,30,"4,955",58221.25,11.75,0.39,Mylan (formerly Matrix) Nashik,TRUE,376,"$4,468.34 ",125.53
"83,420",151-NG-T30,FPQ-4537,SO-36006,DN-1792,Nigeria,PMO - US,From RDC,N/A - From RDC,Air Charter,11-06-09,N/A - From RDC,31-May-10,18-May-10,18-May-10,ARV,Adult,SCMS from RDC,"Lamivudine/Nevirapine/Zidovudine 150/200/300mg, tablets, 60 Tabs",Lamivudine/Nevirapine/Zidovudine,Generic,150/300/200mg,Tablet - FDC,60,"40,000",448800.00,11.22,0.19,"Aurobindo Unit III, India",TRUE,4692,"$9,736.10 ",967.61
"83,421",151-NG-T30,FPQ-4537,SO-36008,DN-1794,Nigeria,PMO - US,From RDC,N/A - From RDC,Air Charter,11-06-09,N/A - From RDC,31-May-10,18-May-10,18-May-10,ARV,Adult,SCMS from RDC,"Lamivudine/Nevirapine/Zidovudine 150/200/300mg, tablets, 60 Tabs",Lamivudine/Nevirapine/Zidovudine,Generic,150/300/200mg,Tablet - FDC,60,"2,160",24235.20,11.22,0.19,Mylan (formerly Matrix) Nashik,TRUE,5552,"$9,736.10 ",52.25
"83,422",105-GY-T30,FPQ-5470,SO-36640,DN-1800,Guyana,PMO - US,From RDC,N/A - From RDC,Air,04-07-10,N/A - From RDC,30-Jun-10,27-May-10,27-May-10,ARV,Pediatric,SCMS from RDC,"Lamivudine 10mg/ml, oral solution, Bottle, 240 ml",Lamivudine,Generic,10mg/ml,Oral solution,240,471,942.00,2,0.01,"Cipla, Goa, India",TRUE,221,"$3,170.64 ",2.03
"83,423",114-UG-T30,FPQ-4495,SO-34940,DN-1801,Uganda,PMO - US,From RDC,N/A - From RDC,Air,10/28/2009,N/A - From RDC,03-May-10,03-May-10,03-May-10,ARV,Adult,SCMS from RDC,"Efavirenz 600mg, tablets, 30 Tabs",Efavirenz,Generic,600mg,Tablet,30,"2,579",12250.25,4.75,0.16,"Aurobindo Unit III, India",TRUE,358,"$2,485.92 ",26.41
"83,424",151-NG-T30,FPQ-4537,SO-35082,DN-1804,Nigeria,PMO - US,From RDC,N/A - From RDC,Air Charter,11-06-09,N/A - From RDC,31-May-10,18-May-10,18-May-10,ARV,Adult,SCMS from RDC,"Lamivudine/Tenofovir Disoproxil Fumarate 300/300mg, tablets, 30 Tabs",Lamivudine/Tenofovir Disoproxil Fumarate,Generic,300/300mg,Tablet - FDC,30,"22,826",228260.00,10,0.33,Mylan (formerly Matrix) Nashik,TRUE,2500,"$9,736.10 ",492.13
"83,426",151-NG-T30,FPQ-4537,SO-36003,DN-1822,Nigeria,PMO - US,From RDC,N/A - From RDC,Air Charter,11-06-09,N/A - From RDC,31-May-10,18-May-10,18-May-10,ARV,Adult,SCMS from RDC,"Lamivudine/Nevirapine/Stavudine 150/200/30mg, tablets, 60 Tabs",Lamivudine/Nevirapine/Stavudine,Generic,150/200/30mg,Tablet - FDC,60,"72,560",424476.00,5.85,0.1,"Strides, Bangalore, India.",TRUE,5420,"$9,736.10 ",915.17
"83,427",117-ET-T30,FPQ-5450,SO-36650,DN-1827,Ethiopia,PMO - US,From RDC,N/A - From RDC,Air,04-06-10,N/A - From RDC,02-Jul-10,04-May-10,04-May-10,ARV,Adult,SCMS from RDC,"Zidovudine 300mg, tablets, 60 Tabs",Zidovudine,Generic,300mg,Tablet,60,"5,000",36050.00,7.21,0.12,"Aurobindo Unit III, India",TRUE,276,"$2,211.22 ",77.72
"83,428",109-TZ-T30,FPQ-5237,SO-36042,DN-1835,Tanzania,PMO - US,From RDC,N/A - From RDC,Air,03-01-10,N/A - From RDC,21-Jul-10,21-May-10,21-May-10,ARV,Adult,SCMS from RDC,"Nevirapine 200mg, tablets, 60 Tabs",Nevirapine,Generic,200mg,Tablet,60,"40,000",109200.00,2.73,0.05,"Strides, Bangalore, India.",TRUE,6240,"$27,922.62 ",235.44
"83,429",106-HT-T30,FPQ-4384,SO-34660,DN-1837,Haiti,PMO - US,From RDC,N/A - From RDC,Air,10/23/2009,N/A - From RDC,31-May-10,01-Jun-10,01-Jun-10,ARV,Adult,SCMS from RDC,"Lamivudine/Zidovudine 150/300mg, tablets, 60 Tabs",Lamivudine/Zidovudine,Generic,150/300mg,Tablet - FDC,60,"34,769",304576.44,8.76,0.15,Hetero Unit III Hyderabad IN,TRUE,4176,"$1,005.20 ",656.67
"84,647",113-ZW-T30,FPQ-6470,SO-39510,DN-2205,Zimbabwe,PMO - US,From RDC,N/A - From RDC,Truck,10/13/2010,N/A - From RDC,31-May-11,15-Jun-11,15-Jun-11,ARV,Adult,SCMS from RDC,"Lamivudine/Nevirapine/Stavudine 150/200/30mg, tablets, 60 Tabs",Lamivudine/Nevirapine/Stavudine,Generic,150/200/30mg,Tablet - FDC,60,"69,207",372333.66,5.38,0.09,"Cipla, Goa, India",FALSE,See DN-2205 (ID#:82950),null,802.75
"83,431",104-CI-T30,FPQ-5201,SO-36341,DN-1845,Côte d'Ivoire,PMO - US,From RDC,N/A - From RDC,Air,03-03-10,N/A - From RDC,15-Jun-10,07-Jun-10,07-Jun-10,ARV,Adult,SCMS from RDC,"Stavudine 30mg, capsules, 60 Caps",Stavudine,Generic,30mg,Capsule,60,"2,000",2820.00,1.41,0.02,"Strides, Bangalore, India.",TRUE,98,"$2,201.14 ",6.08
"83,432",106-HT-T30,FPQ-5523,SO-36750,DN-1849,Haiti,PMO - US,From RDC,N/A - From RDC,Air,4/19/2010,N/A - From RDC,30-Jun-10,09-Jun-10,09-Jun-10,ARV,Adult,SCMS from RDC,"Zidovudine 300mg, tablets, 60 Tabs",Zidovudine,Generic,300mg,Tablet,60,"2,520",18169.20,7.21,0.12,"Aurobindo Unit III, India",TRUE,145,"$6,438.37 ",39.17
"83,433",104-CI-T30,FPQ-5619,SO-36820,DN-1851,Côte d'Ivoire,PMO - US,From RDC,N/A - From RDC,Air,05-02-10,N/A - From RDC,03-Jun-10,07-Jun-10,07-Jun-10,ARV,Adult,SCMS from RDC,"Tenofovir Disoproxil Fumarate 300mg, tablets, 30 Tabs",Tenofovir Disoproxil Fumarate,Generic,300mg,Tablet,30,"2,552",19497.28,7.64,0.25,"Cipla, Goa, India",TRUE,182,"$3,250.13 ",42.04
"83,434",114-UG-T30,FPQ-5451,SO-36830,DN-1859,Uganda,PMO - US,From RDC,N/A - From RDC,Air,05-07-10,N/A - From RDC,30-Jun-10,22-Jun-10,22-Jun-10,ARV,Adult,SCMS from RDC,"Lamivudine/Nevirapine/Zidovudine 150/200/300mg, tablets, 60 Tabs",Lamivudine/Nevirapine/Zidovudine,Generic,150/300/200mg,Tablet - FDC,60,"15,000",168300.00,11.22,0.19,Mylan (formerly Matrix) Nashik,TRUE,1943,"$6,299.45 ",362.85
"83,435",104-CI-T30,FPQ-4659,SO-35590,DN-1868,Côte d'Ivoire,PMO - US,From RDC,N/A - From RDC,Air,12-08-09,N/A - From RDC,30-Jun-10,21-Jun-10,21-Jun-10,ARV,Adult,SCMS from RDC,"Lamivudine/Nevirapine/Zidovudine 150/200/300mg, tablets, 60 Tabs",Lamivudine/Nevirapine/Zidovudine,Generic,150/300/200mg,Tablet - FDC,60,"50,000",561000.00,11.22,0.19,"Aurobindo Unit III, India",TRUE,5997,"$8,379.98 ","1,209.52"
"84,648",113-ZW-T30,FPQ-6470,SO-39510,DN-2205,Zimbabwe,PMO - US,From RDC,N/A - From RDC,Truck,10/13/2010,N/A - From RDC,31-May-11,15-Jun-11,15-Jun-11,ARV,Adult,SCMS from RDC,"Lamivudine/Tenofovir Disoproxil Fumarate 300/300mg, tablets, 30 Tabs",Lamivudine/Tenofovir Disoproxil Fumarate,Generic,300/300mg,Tablet - FDC,30,"10,114",87283.82,8.63,0.29,Mylan (formerly Matrix) Nashik,FALSE,See DN-2205 (ID#:82950),null,188.18
"83,504",151-NG-T30,FPQ-7217,SO-39580,DN-2213,Nigeria,PMO - US,From RDC,N/A - From RDC,Air Charter,2/21/2011,N/A - From RDC,15-Jun-11,06-Jul-11,06-Jul-11,ARV,Adult,SCMS from RDC,"Lamivudine/Zidovudine 150/300mg, tablets, 60 Tabs",Lamivudine/Zidovudine,Generic,150/300mg,Tablet - FDC,60,"30,091",248551.66,8.26,0.14,"Aurobindo Unit III, India",FALSE,See DN-2213 (ID#:82952),null,410.11
"83,438",110-ZM-T30,FPQ-4809,SO-35510,DN-1892,Zambia,PMO - US,From RDC,N/A - From RDC,Truck,01-06-10,N/A - From RDC,21-Jul-10,08-Jul-10,08-Jul-10,ARV,Adult,SCMS from RDC,"Abacavir 300mg, tablets, 60 Tabs",Abacavir,Generic,300mg,Tablet,60,"9,545",163601.30,17.14,0.29,Mylan (formerly Matrix) Nashik,TRUE,947,"$13,232.09 ",352.72
"86,385",151-NG-T30,FPQ-7217,SO-39610,DN-2225,Nigeria,PMO - US,From RDC,N/A - From RDC,Air Charter,2/21/2011,N/A - From RDC,15-Jun-11,06-Jul-11,06-Jul-11,ARV,Adult,SCMS from RDC,"Lamivudine/Nevirapine/Zidovudine 150/200/300mg, tablets, 60 Tabs",Lamivudine/Nevirapine/Zidovudine,Generic,150/300/200mg,Tablet - FDC,60,"87,357",980145.54,11.22,0.19,Mylan (formerly Matrix) Nashik,FALSE,See DN-2225 (ID#:84650),null,"1,617.24"
"85,765",105-GY-T30,FPQ-7621,SO-39720,DN-2231,Guyana,PMO - US,From RDC,N/A - From RDC,Air,05-04-11,N/A - From RDC,27-Oct-11,15-Jun-11,15-Jun-11,ARV,Pediatric,SCMS from RDC,"Abacavir 20mg/ml, oral solution w/syringe, Bottle, 240 ml",Abacavir,Generic,20mg/ml,Oral solution,240,178,2438.60,13.7,0.06,"Aurobindo Unit III, India",FALSE,See DN-2231 (ID#:82385),null,4.02
"85,766",105-GY-T30,FPQ-7621,SO-39720,DN-2231,Guyana,PMO - US,From RDC,N/A - From RDC,Air,05-04-11,N/A - From RDC,27-Oct-11,15-Jun-11,15-Jun-11,ARV,Pediatric,SCMS from RDC,"Lamivudine 10mg/ml, oral solution w/syringe, Bottle, 240 ml",Lamivudine,Generic,10mg/ml,Oral solution,240,375,693.75,1.85,0.01,"Aurobindo Unit III, India",FALSE,See DN-2231 (ID#:82385),null,1.14
"86,389",105-GY-T30,FPQ-7621,SO-39720,DN-2231,Guyana,PMO - US,From RDC,N/A - From RDC,Air,05-04-11,N/A - From RDC,27-Oct-11,15-Jun-11,15-Jun-11,ARV,Adult,SCMS from RDC,"Zidovudine 300mg, tablets, 60 Tabs",Zidovudine,Generic,300mg,Tablet,60,917,6437.34,7.02,0.12,"Aurobindo Unit III, India",FALSE,See DN-2231 (ID#:82385),null,10.62
"83,443",114-UG-T30,FPQ-5239,SO-36131,DN-1943,Uganda,PMO - US,From RDC,N/A - From RDC,Air,03-02-10,N/A - From RDC,04-Aug-10,19-Jul-10,19-Jul-10,ARV,Adult,SCMS from RDC,"Emtricitabine/Tenofovir Disoproxil Fumarate 200/300mg, tablets, 30 Tabs",Emtricitabine/Tenofovir Disoproxil Fumarate,Generic,200/300mg,Tablet - FDC,30,703,8260.25,11.75,0.39,Mylan (formerly Matrix) Nashik,TRUE,301,"$4,758.36 ",17.81
"83,444",114-UG-T30,FPQ-5238,SO-36070,DN-1949,Uganda,PMO - US,From RDC,N/A - From RDC,Air,03-02-10,N/A - From RDC,04-Aug-10,02-Aug-10,02-Aug-10,ARV,Adult,SCMS from RDC,"Lamivudine/Nevirapine/Zidovudine 150/200/300mg, tablets, 60 Tabs",Lamivudine/Nevirapine/Zidovudine,Generic,150/300/200mg,Tablet - FDC,60,"8,000",89760.00,11.22,0.19,Mylan (formerly Matrix) Nashik,TRUE,1642,"$15,347.04 ",193.52
"83,445",151-NG-T30,FPQ-5023,SO-36432,DN-1883,Nigeria,PMO - US,From RDC,N/A - From RDC,Air,02-10-10,N/A - From RDC,31-Aug-10,17-Aug-10,17-Aug-10,ARV,Adult,SCMS from RDC,"Lamivudine/Nevirapine/Zidovudine 150/200/300mg, tablets, 60 Tabs",Lamivudine/Nevirapine/Zidovudine,Generic,150/300/200mg,Tablet - FDC,60,"20,000",224400.00,11.22,0.19,"Aurobindo Unit III, India",TRUE,2406,"$6,147.18 ",483.81
"85,190",117-ET-T30,FPQ-7798,SO-39770,DN-2234,Ethiopia,PMO - US,From RDC,N/A - From RDC,Air,5/23/2011,N/A - From RDC,21-Jun-11,01-Jun-11,01-Jun-11,ARV,Adult,SCMS from RDC,"Efavirenz 600mg, tablets, 30 Tabs",Efavirenz,Generic,600mg,Tablet,30,"49,142",207379.24,4.22,0.14,Hetero Unit III Hyderabad IN,FALSE,See DN-2234 (ID#:82386),null,342.18
"83,447",151-NG-T30,FPQ-5023,SO-37060,DN-1959,Nigeria,PMO - US,From RDC,N/A - From RDC,Air Charter,02-10-10,N/A - From RDC,16-Aug-10,17-Aug-10,17-Aug-10,ARV,Adult,SCMS from RDC,"Lamivudine/Nevirapine/Zidovudine 150/200/300mg, tablets, 60 Tabs",Lamivudine/Nevirapine/Zidovudine,Generic,150/300/200mg,Tablet - FDC,60,"7,000",78540.00,11.22,0.19,"Aurobindo Unit III, India",TRUE,922,"$6,147.18 ",169.33
"83,448",111-MZ-T30,FPQ-4711,SO-35740,DN-1962,Mozambique,PMO - US,From RDC,N/A - From RDC,Truck,12/23/2009,N/A - From RDC,31-Aug-10,18-Aug-10,18-Aug-10,ARV,Adult,SCMS from RDC,"Lamivudine/Nevirapine/Zidovudine 150/200/300mg, tablets, 60 Tabs",Lamivudine/Nevirapine/Zidovudine,Generic,150/300/200mg,Tablet - FDC,60,"77,000",863940.00,11.22,0.19,Mylan (formerly Matrix) Nashik,TRUE,12980,"$11,134.62 ","1,862.65"
"83,449",151-NG-T30,FPQ-5688,SO-36913,DN-1971,Nigeria,PMO - US,From RDC,N/A - From RDC,Air Charter,5/27/2010,N/A - From RDC,31-Aug-10,17-Aug-10,17-Aug-10,ARV,Adult,SCMS from RDC,"Emtricitabine/Tenofovir Disoproxil Fumarate 200/300mg, tablets, 30 Tabs",Emtricitabine/Tenofovir Disoproxil Fumarate,Generic,200/300mg,Tablet - FDC,30,"3,000",35250.00,11.75,0.39,Mylan (formerly Matrix) Nashik,TRUE,270,"$6,147.18 ",76
"84,651",100-BJ-T30,FPQ-7658,SO-39790,DN-2237,Benin,PMO - US,From RDC,N/A - From RDC,Air,5/15/2011,N/A - From RDC,13-Jun-11,09-Jun-11,09-Jun-11,ARV,Adult,SCMS from RDC,"Lamivudine/Tenofovir Disoproxil Fumarate 300/300mg, tablets, 30 Tabs",Lamivudine/Tenofovir Disoproxil Fumarate,Generic,300/300mg,Tablet - FDC,30,"4,545",39223.35,8.63,0.29,Mylan (formerly Matrix) Nashik,FALSE,See DN-2237 (ID#:82954),null,64.72
"84,652",100-BJ-T30,FPQ-7658,SO-39790,DN-2237,Benin,PMO - US,From RDC,N/A - From RDC,Air,5/15/2011,N/A - From RDC,13-Jun-11,09-Jun-11,09-Jun-11,ARV,Adult,SCMS from RDC,"Efavirenz 600mg, tablets, 30 Tabs",Efavirenz,Generic,600mg,Tablet,30,575,2426.50,4.22,0.14,"Aurobindo Unit III, India",FALSE,See DN-2237 (ID#:82954),null,4
"84,653",100-BJ-T30,FPQ-7658,SO-39790,DN-2237,Benin,PMO - US,From RDC,N/A - From RDC,Air,5/15/2011,N/A - From RDC,13-Jun-11,09-Jun-11,09-Jun-11,ARV,Adult,SCMS from RDC,"Lamivudine/Nevirapine/Zidovudine 150/200/300mg, tablets, 60 Tabs",Lamivudine/Nevirapine/Zidovudine,Generic,150/300/200mg,Tablet - FDC,60,"2,590",29059.80,11.22,0.19,Mylan (formerly Matrix) Nashik,FALSE,See DN-2237 (ID#:82954),null,47.95
"83,453",104-CI-T30,FPQ-5623,SO-36890,DN-1984,Côte d'Ivoire,PMO - US,From RDC,N/A - From RDC,Air,05-07-10,N/A - From RDC,31-Aug-10,23-Aug-10,23-Aug-10,ARV,Pediatric,SCMS from RDC,"Lamivudine 10mg/ml, oral solution, Bottle, 240 ml",Lamivudine,Generic,10mg/ml,Oral solution,240,"3,010",5809.30,1.93,0.01,"Aurobindo Unit III, India",TRUE,3202,"$12,648.38 ",12.52
"83,454",114-UG-T30,FPQ-5275,SO-36230,DN-1987,Uganda,PMO - US,From RDC,N/A - From RDC,Air,03-04-10,N/A - From RDC,03-Sep-10,27-Aug-10,27-Aug-10,ARV,Adult,SCMS from RDC,"Emtricitabine/Tenofovir Disoproxil Fumarate 200/300mg, tablets, 30 Tabs",Emtricitabine/Tenofovir Disoproxil Fumarate,Generic,200/300mg,Tablet - FDC,30,650,7637.50,11.75,0.39,Mylan (formerly Matrix) Nashik,TRUE,61,$536.02 ,16.47
"83,455",151-NG-T30,FPQ-5688,SO-36915,DN-1973,Nigeria,PMO - US,From RDC,N/A - From RDC,Air Charter,5/27/2010,N/A - From RDC,31-Aug-10,17-Aug-10,17-Aug-10,ARV,Adult,SCMS from RDC,"Emtricitabine/Tenofovir Disoproxil Fumarate 200/300mg, tablets, 30 Tabs",Emtricitabine/Tenofovir Disoproxil Fumarate,Generic,200/300mg,Tablet - FDC,30,"1,328",15604.00,11.75,0.39,Mylan (formerly Matrix) Nashik,TRUE,122,"$6,147.18 ",33.64
"83,456",151-NG-T30,FPQ-5023,SO-36468,DN-1993,Nigeria,PMO - US,From RDC,N/A - From RDC,Air Charter,02-10-10,N/A - From RDC,12-Aug-10,17-Aug-10,17-Aug-10,ARV,Adult,SCMS from RDC,"Nevirapine 200mg, tablets, 60 Tabs",Nevirapine,Generic,200mg,Tablet,60,"47,150",128719.50,2.73,0.05,"Aurobindo Unit III, India",TRUE,5357,"$6,147.18 ",277.52
"86,390",100-BJ-T30,FPQ-7658,SO-39790,DN-2237,Benin,PMO - US,From RDC,N/A - From RDC,Air,5/15/2011,N/A - From RDC,13-Jun-11,09-Jun-11,09-Jun-11,ARV,Adult,SCMS from RDC,"Nevirapine 200mg, tablets, 60 Tabs",Nevirapine,Generic,200mg,Tablet,60,"14,081",35343.31,2.51,0.04,"Strides, Bangalore, India.",FALSE,See DN-2237 (ID#:82954),null,58.32
"85,768",111-MZ-T30,FPQ-7053,SO-39820,DN-2242,Mozambique,PMO - US,From RDC,N/A - From RDC,Truck,1/24/2011,N/A - From RDC,10-Aug-11,04-Aug-11,04-Aug-11,ARV,Pediatric,SCMS from RDC,"Nevirapine 10mg/ml, oral suspension, Bottle, 240 ml",Nevirapine,Generic,10mg/ml,Oral suspension,240,"24,496",44092.80,1.8,0.01,"Aurobindo Unit III, India",FALSE,See DN-2242 (ID#:84654),null,72.75
"83,459",102-UG-T30,FPQ-6403,SO-37480,DN-2031,Uganda,PMO - US,From RDC,N/A - From RDC,Air,9/16/2010,N/A - From RDC,20-Oct-10,26-Oct-10,26-Oct-10,ARV,Adult,SCMS from RDC,"Lamivudine/Nevirapine/Stavudine 150/200/30mg, tablets, 60 Tabs",Lamivudine/Nevirapine/Stavudine,Generic,150/200/30mg,Tablet - FDC,60,"1,193",6835.89,5.73,0.1,"Cipla, Goa, India",TRUE,144,"$1,413.56 ",14.74
"83,460",151-NG-T30,FPQ-5688,SO-37500,DN-2025,Nigeria,PMO - US,From RDC,N/A - From RDC,Air,5/27/2010,N/A - From RDC,22-Oct-10,10-Nov-10,10-Nov-10,ARV,Adult,SCMS from RDC,"Zidovudine 300mg, tablets, 60 Tabs",Zidovudine,Generic,300mg,Tablet,60,"15,650",112836.50,7.21,0.12,"Aurobindo Unit III, India",TRUE,16417,"$20,264.93 ",243.28
"83,461",113-ZW-T30,FPQ-4694,SO-35370,DN-2041,Zimbabwe,PMO - US,From RDC,N/A - From RDC,Truck,12-08-09,N/A - From RDC,30-Nov-10,25-Nov-10,25-Nov-10,ARV,Adult,SCMS from RDC,"Efavirenz 600mg, tablets, 30 Tabs",Efavirenz,Generic,600mg,Tablet,30,"5,900",26668.00,4.52,0.15,"Aurobindo Unit III, India",TRUE,12810,"$15,919.75 ",57.5
"83,952",112-NG-T30,FPQ-4040,SO-32980,DN-1456,Nigeria,PMO - US,From RDC,N/A - From RDC,Air Charter,7/29/2009,N/A - From RDC,15-Oct-09,20-Oct-09,20-Oct-09,ARV,Adult,SCMS from RDC,"Lamivudine 150mg, tablets, 60 Tabs",Lamivudine,Generic,150mg,Tablet,60,"5,500",13420.00,2.44,0.04,Mylan (formerly Matrix) Nashik,TRUE,836,"$9,341.49 ",26.3
"84,096",100-BJ-T30,FPQ-7658,SO-39800,DN-2252,Benin,PMO - US,From RDC,N/A - From RDC,Air,5/15/2011,N/A - From RDC,13-Jun-11,05-Jul-11,05-Jul-11,ARV,Adult,SCMS from RDC,"Lamivudine/Stavudine 150/30mg, tablets, 60 Tabs",Lamivudine/Stavudine,Generic,150/30mg,Tablet - FDC,60,"8,800",28160.00,3.2,0.05,"Cipla, Goa, India",FALSE,See DN-2252 (ID#:84095),null,46.46
"85,767",110-ZM-T30,FPQ-6677,SO-38060,DN-2254,Zambia,PMO - US,From RDC,N/A - From RDC,Truck,11-08-10,N/A - From RDC,15-Jul-11,11-Jul-11,11-Jul-11,ARV,Adult,SCMS from RDC,"Lamivudine 150mg, tablets, 60 Tabs",Lamivudine,Generic,150mg,Tablet,60,"21,621",50376.93,2.33,0.04,"Aurobindo Unit III, India",FALSE,See DN-2254 (ID#:83508),null,83.12
"83,509",100-GH-T30,FPQ-7799,SO-39940,DN-2259,Ghana,PMO - US,From RDC,N/A - From RDC,Air,06-06-11,N/A - From RDC,04-Jul-11,15-Jul-11,15-Jul-11,ARV,Adult,SCMS from RDC,"Tenofovir Disoproxil Fumarate 300mg, tablets, 30 Tabs",Tenofovir Disoproxil Fumarate,Generic,300mg,Tablet,30,"2,110",13546.20,6.42,0.21,Mylan (formerly Matrix) Nashik,FALSE,See DN-2259 (ID#:82958),null,22.35
"83,465",110-ZM-T30,FPQ-6221,SO-37320,DN-2054,Zambia,PMO - US,From RDC,N/A - From RDC,Truck,8/20/2010,N/A - From RDC,31-Dec-10,25-Nov-10,25-Nov-10,ARV,Adult,SCMS from RDC,"Lamivudine/Nevirapine/Stavudine 150/200/30mg, tablets, 60 Tabs",Lamivudine/Nevirapine/Stavudine,Generic,150/200/30mg,Tablet - FDC,60,"56,430",306414.90,5.43,0.09,"Strides, Bangalore, India.",TRUE,15358,"$16,606.55 ",660.63
"83,466",114-UG-T30,FPQ-6427,SO-37550,DN-2055,Uganda,PMO - US,From RDC,N/A - From RDC,Truck,9/29/2010,N/A - From RDC,02-Dec-10,02-Dec-10,02-Dec-10,ARV,Adult,SCMS from RDC,"Efavirenz 600mg, tablets, 30 Tabs",Efavirenz,Generic,600mg,Tablet,30,"99,404",449306.08,4.52,0.15,"Emcure Plot No.P-2, I.T-B.T. Park, Phase II, MIDC, Hinjwadi, Pune, India",TRUE,6960,"$29,545.05 ",968.7
"83,467",114-UG-T30,FPQ-6438,SO-37680,DN-2057,Uganda,PMO - US,From RDC,N/A - From RDC,Air,9/29/2010,N/A - From RDC,02-Dec-10,29-Nov-10,29-Nov-10,ARV,Adult,SCMS from RDC,"Nevirapine 200mg, tablets, 60 Tabs",Nevirapine,Generic,200mg,Tablet,60,"3,690",9815.40,2.66,0.04,Hetero Unit III Hyderabad IN,TRUE,214,"$5,166.39 ",21.16
"83,468",104-CI-T30,FPQ-5925,SO-38010,DN-2062,Côte d'Ivoire,PMO - US,From RDC,N/A - From RDC,Air,6/23/2010,N/A - From RDC,07-Dec-10,13-Dec-10,13-Dec-10,ARV,Adult,SCMS from RDC,"Lopinavir/Ritonavir 200/50mg [Aluvia], tablets, 120 Tabs",Lopinavir/Ritonavir,Aluvia,200/50mg,Tablet,120,"1,000",36160.00,36.16,0.3,ABBVIE Ludwigshafen Germany,TRUE,205,"$3,962.50 ",77.96
"83,469",104-CI-T30,FPQ-5925,SO-37740,DN-2064,Côte d'Ivoire,PMO - US,From RDC,N/A - From RDC,Air,6/23/2010,N/A - From RDC,30-Nov-10,09-Dec-10,09-Dec-10,ARV,Adult,SCMS from RDC,"Lamivudine 150mg, tablets, 60 Tabs",Lamivudine,Generic,150mg,Tablet,60,"8,100",18873.00,2.33,0.04,Hetero Unit III Hyderabad IN,TRUE,3093,"$11,235.05 ",40.69
"83,470",200-DO-T30,FPQ-6616,SO-38030,DN-2066,Dominican Republic,PMO - US,From RDC,N/A - From RDC,Air,10/25/2010,N/A - From RDC,30-Nov-10,14-Dec-10,14-Dec-10,ARV,Adult,SCMS from RDC,"Abacavir 300mg, tablets, 60 Tabs",Abacavir,Generic,300mg,Tablet,60,"3,073",48829.97,15.89,0.26,Mylan (formerly Matrix) Nashik,TRUE,594,"$4,996.20 ",80.57
"84,098",106-HT-T30,FPQ-6801,SO-39910,DN-2263,Haiti,PMO - US,From RDC,N/A - From RDC,Air,12/14/2010,N/A - From RDC,19-Jul-11,28-Jun-11,28-Jun-11,ARV,Adult,SCMS from RDC,"Stavudine 15mg, capsules, 60 Caps",Stavudine,Generic,15mg,Capsule,60,168,221.76,1.32,0.02,"Aurobindo Unit III, India",FALSE,See DN-2263 (ID#:82959),null,0.37
"83,472",110-ZM-T30,FPQ-6221,SO-37340,DN-2072,Zambia,PMO - US,From RDC,N/A - From RDC,Truck,8/20/2010,N/A - From RDC,15-Nov-10,10-Dec-10,10-Dec-10,ARV,Adult,SCMS from RDC,"Emtricitabine/Tenofovir Disoproxil Fumarate 200/300mg, tablets, 30 Tabs",Emtricitabine/Tenofovir Disoproxil Fumarate,Generic,200/300mg,Tablet - FDC,30,"220,002",2585023.50,11.75,0.39,Mylan (formerly Matrix) Nashik,TRUE,20364,"$31,373.10 ","5,573.31"
"85,772",106-HT-T30,FPQ-6801,SO-39910,DN-2263,Haiti,PMO - US,From RDC,N/A - From RDC,Air,12/14/2010,N/A - From RDC,19-Jul-11,28-Jun-11,28-Jun-11,ARV,Adult,SCMS from RDC,"Stavudine 30mg, capsules, 60 Caps",Stavudine,Generic,30mg,Capsule,60,"7,830",10962.00,1.4,0.02,"Aurobindo Unit III, India",FALSE,See DN-2263 (ID#:82959),null,18.09
"85,773",106-HT-T30,FPQ-6801,SO-39910,DN-2263,Haiti,PMO - US,From RDC,N/A - From RDC,Air,12/14/2010,N/A - From RDC,19-Jul-11,28-Jun-11,28-Jun-11,ARV,Pediatric,SCMS from RDC,"Zidovudine 100mg, capsules, 100 Caps",Zidovudine,Generic,100mg,Capsule,100,"1,500",7140.00,4.76,0.05,"Aurobindo Unit III, India",FALSE,See DN-2263 (ID#:82959),null,11.78
"86,393",106-HT-T30,FPQ-6801,SO-39910,DN-2263,Haiti,PMO - US,From RDC,N/A - From RDC,Air,12/14/2010,N/A - From RDC,19-Jul-11,28-Jun-11,28-Jun-11,ARV,Pediatric,SCMS from RDC,"Efavirenz 200mg, capsule, 90 Caps",Efavirenz,Generic,200mg,Capsule,90,630,6104.70,9.69,0.11,"Aurobindo Unit III, India",FALSE,See DN-2263 (ID#:82959),null,10.07
"83,476",117-ET-T30,FPQ-6428,SO-38100,DN-2075,Ethiopia,PMO - US,From RDC,N/A - From RDC,Air,9/24/2010,N/A - From RDC,15-Dec-10,09-Dec-10,09-Dec-10,ARV,Adult,SCMS from RDC,"Tenofovir Disoproxil Fumarate 300mg, tablets, 30 Tabs",Tenofovir Disoproxil Fumarate,Generic,300mg,Tablet,30,"1,440",10512.00,7.3,0.24,Mylan (formerly Matrix) Nashik,TRUE,88,"$1,842.95 ",22.66
"83,477",114-UG-T30,FPQ-6427,SO-37530,DN-2079,Uganda,PMO - US,From RDC,N/A - From RDC,Truck,9/29/2010,N/A - From RDC,31-Dec-10,23-Dec-10,23-Dec-10,ARV,Adult,SCMS from RDC,"Lamivudine/Nevirapine/Zidovudine 150/200/300mg, tablets, 60 Tabs",Lamivudine/Nevirapine/Zidovudine,Generic,150/300/200mg,Tablet - FDC,60,"125,000",1402500.00,11.22,0.19,"Aurobindo Unit III, India",TRUE,16790,"$103,428 ","3,023.79"
"83,478",202-GT-T30,FPQ-6943,SO-38260,DN-2089,Guatemala,PMO - US,From RDC,N/A - From RDC,Air,12/29/2010,N/A - From RDC,31-Jan-11,24-Jan-11,24-Jan-11,ARV,Adult,SCMS from RDC,"Lamivudine/Zidovudine 150/300mg, tablets, 60 Tabs",Lamivudine/Zidovudine,Generic,150/300mg,Tablet - FDC,60,"4,301",36773.55,8.55,0.14,"Aurobindo Unit III, India",TRUE,1435,"$16,252.95 ",60.68
"83,479",111-MZ-T30,FPQ-6981,SO-38350,DN-2094,Mozambique,PMO - US,From RDC,N/A - From RDC,Air,01-06-11,N/A - From RDC,28-Feb-11,25-Feb-11,25-Feb-11,ARV,Pediatric,SCMS from RDC,"Zidovudine 10mg/ml, oral solution, Bottle, 240 ml",Zidovudine,Generic,10mg/ml,Oral solution,240,"1,177",2377.54,2.02,0.01,"Aurobindo Unit III, India",TRUE,512,"$3,415.72 ",3.92
"83,480",111-MZ-T30,FPQ-6981,SO-38360,DN-2096,Mozambique,PMO - US,From RDC,N/A - From RDC,Truck,01-06-11,N/A - From RDC,31-Mar-11,09-Mar-11,09-Mar-11,ARV,Pediatric,SCMS from RDC,"Zidovudine 10mg/ml, oral solution w/syringe, Bottle, 240 ml",Zidovudine,Generic,10mg/ml,Oral solution,240,"4,000",8400.00,2.1,0.01,"Aurobindo Unit III, India",TRUE,1137,"$4,711.97 ",13.86
"84,099",111-MZ-T30,FPQ-7053,SO-40060,DN-2268,Mozambique,PMO - US,From RDC,N/A - From RDC,Truck,1/24/2011,N/A - From RDC,31-Aug-11,01-Sep-11,01-Sep-11,ARV,Adult,SCMS from RDC,"Lamivudine/Nevirapine/Zidovudine 150/200/300mg, tablets, 60 Tabs",Lamivudine/Nevirapine/Zidovudine,Generic,150/300/200mg,Tablet - FDC,60,"135,900",1524798.00,11.22,0.19,"Aurobindo Unit III, India",FALSE,See DN-2268 (ID#:82960),null,"2,515.92"
"83,484",110-ZM-T30,FPQ-6222,SO-37360,DN-2112,Zambia,PMO - US,From RDC,N/A - From RDC,Truck,8/20/2010,N/A - From RDC,26-Feb-11,15-Feb-11,15-Feb-11,ARV,Adult,SCMS from RDC,"Zidovudine 300mg, tablets, 60 Tabs",Zidovudine,Generic,300mg,Tablet,60,"10,776",77694.96,7.21,0.12,"Aurobindo Unit III, India",TRUE,586,"$8,045.76 ",167.51
"84,101",113-ZW-T30,FPQ-6470,SO-37841,DN-2282,Zimbabwe,PMO - US,From RDC,N/A - From RDC,Truck,10/13/2010,N/A - From RDC,15-Aug-11,11-Aug-11,11-Aug-11,ARV,Adult,SCMS from RDC,"Lamivudine/Nevirapine/Stavudine 150/200/30mg, tablets, 60 Tabs",Lamivudine/Nevirapine/Stavudine,Generic,150/200/30mg,Tablet - FDC,60,"36,997",199043.86,5.38,0.09,"Cipla, Goa, India",FALSE,See DN-2282 (ID#:82389),null,429.14
"83,486",106-HT-T30,FPQ-6801,SO-38620,DN-2114,Haiti,PMO - US,From RDC,N/A - From RDC,Air,12/14/2010,N/A - From RDC,28-Feb-11,14-Feb-11,14-Feb-11,ARV,Pediatric,SCMS from RDC,"Abacavir 20mg/ml, oral solution w/syringe, Bottle, 240 ml",Abacavir,Generic,20mg/ml,Oral solution,240,544,7452.80,13.7,0.06,"Aurobindo Unit III, India",TRUE,395,"$6,555.75 ",12.3
"83,487",104-CI-T30,FPQ-6891,SO-38710,DN-2120,Côte d'Ivoire,PMO - US,From RDC,N/A - From RDC,Air,12/21/2010,N/A - From RDC,28-Feb-11,28-Feb-11,28-Feb-11,ARV,Adult,SCMS from RDC,"Stavudine 30mg, capsules, 60 Caps",Stavudine,Generic,30mg,Capsule,60,"2,070",2898.00,1.4,0.02,"Aurobindo Unit III, India",TRUE,176,"$1,653.99 ",4.78
"83,488",105-GY-T30,FPQ-7128,SO-38840,DN-2129,Guyana,PMO - US,From RDC,N/A - From RDC,Air,02-04-11,N/A - From RDC,31-Mar-11,25-Mar-11,25-Mar-11,ARV,Adult,SCMS from RDC,"Stavudine 15mg, capsules, 60 Caps",Stavudine,Generic,15mg,Capsule,60,73,109.50,1.5,0.02,"Aurobindo Unit III, India",TRUE,143,"$2,097.18 ",0.18
"86,396",114-UG-T30,FPQ-7162,SO-38801,DN-2297,Uganda,PMO - US,From RDC,N/A - From RDC,Truck,2/14/2011,N/A - From RDC,05-Aug-11,05-Aug-11,05-Aug-11,ARV,Adult,SCMS from RDC,"Nevirapine 200mg, tablets, 60 Tabs",Nevirapine,Generic,200mg,Tablet,60,"11,549",28987.99,2.51,0.04,"Strides, Bangalore, India.",FALSE,See DN-2297 (ID#:82392),null,47.83
"83,490",104-CI-T30,FPQ-6495,SO-37700,DN-2137,Côte d'Ivoire,PMO - US,From RDC,N/A - From RDC,Air,10-04-10,N/A - From RDC,31-Mar-11,29-Mar-11,29-Mar-11,ARV,Pediatric,SCMS from RDC,"Didanosine 200mg, chewable/dispersible tablets, 60 Tabs",Didanosine,Generic,200mg,Chewable/dispersible tablet,60,"2,296",34440.00,15,0.25,"Aurobindo Unit III, India",TRUE,17126,"$17,941.46 ",74.25
"83,491",104-CI-T30,FPQ-6144,SO-38480,DN-2138,Côte d'Ivoire,PMO - US,From RDC,N/A - From RDC,Air,08-03-10,N/A - From RDC,15-Mar-11,29-Mar-11,29-Mar-11,ARV,Pediatric,SCMS from RDC,"Efavirenz 200mg, capsule, 90 Caps",Efavirenz,Generic,200mg,Capsule,90,"2,440",23692.40,9.71,0.11,"Aurobindo Unit III, India",TRUE,2325,"$17,941.47 ",51.08
"83,492",110-ZM-T30,FPQ-6222,SO-38910,DN-2142,Zambia,PMO - US,From RDC,N/A - From RDC,Truck,8/20/2010,N/A - From RDC,31-Mar-11,05-Apr-11,05-Apr-11,ARV,Adult,SCMS from RDC,"Lamivudine 150mg, tablets, 60 Tabs",Lamivudine,Generic,150mg,Tablet,60,"21,678",50509.74,2.33,0.04,"Aurobindo Unit III, India",TRUE,1084,"$4,471.07 ",108.9
"83,493",114-UG-T30,FPQ-6427,SO-38760,DN-2144,Uganda,PMO - US,From RDC,N/A - From RDC,Truck,9/29/2010,N/A - From RDC,31-Mar-11,01-Apr-11,01-Apr-11,ARV,Adult,SCMS from RDC,"Lamivudine/Zidovudine 150/300mg, tablets, 60 Tabs",Lamivudine/Zidovudine,Generic,150/300mg,Tablet - FDC,60,"30,107",248683.82,8.26,0.14,"Aurobindo Unit III, India",TRUE,2875,"$23,675.63 ",536.16
"83,494",110-ZM-T30,FPQ-6319,SO-37420,DN-2146,Zambia,PMO - US,From RDC,N/A - From RDC,Truck,09-01-10,N/A - From RDC,14-Apr-11,05-Apr-11,05-Apr-11,ARV,Adult,SCMS from RDC,"Efavirenz/Emtricitabine/Tenofovir Disoproxil Fumarate 600/200/300mg, tablets, 30 Tabs",Efavirenz/Emtricitabine/Tenofovir Disoproxil Fumarate,Generic,600/200/300mg,Tablet - FDC,30,"120,200",2394384.00,19.92,0.66,Mylan (formerly Matrix) Nashik,TRUE,13222,"$4,471.08 ","5,162.29"
"83,495",109-TZ-T30,FPQ-7347,SO-39000,DN-2152,Tanzania,PMO - US,From RDC,N/A - From RDC,Air,03-07-11,N/A - From RDC,07-Apr-11,28-Mar-11,28-Mar-11,ARV,Adult,SCMS from RDC,"Efavirenz 600mg, tablets, 30 Tabs",Efavirenz,Generic,600mg,Tablet,30,"49,000",206780.00,4.22,0.14,Mylan (formerly Matrix) Nashik,TRUE,4030,"$15,707.30 ",341.19
"83,496",151-NG-T30,FPQ-7217,SO-39150,DN-2164,Nigeria,PMO - US,From RDC,N/A - From RDC,Air Charter,2/21/2011,N/A - From RDC,15-Jun-11,11-May-11,11-May-11,ARV,Adult,SCMS from RDC,"Zidovudine 300mg, tablets, 60 Tabs",Zidovudine,Generic,300mg,Tablet,60,"15,000",108150.00,7.21,0.12,"Aurobindo Unit III, India",TRUE,823,"$12,601.06 ",178.45
"83,519",110-ZM-T30,FPQ-7085,SO-38720,DN-2299,Zambia,PMO - US,From RDC,N/A - From RDC,Truck,02-03-11,N/A - From RDC,01-Sep-11,15-Aug-11,15-Aug-11,ARV,Adult,SCMS from RDC,"Efavirenz/Emtricitabine/Tenofovir Disoproxil Fumarate 600/200/300mg, tablets, 30 Tabs",Efavirenz/Emtricitabine/Tenofovir Disoproxil Fumarate,Generic,600/200/300mg,Tablet - FDC,30,"60,000",1195200.00,19.92,0.66,Mylan (formerly Matrix) Nashik,FALSE,See DN-2299 (ID#:82966),null,"1,972.08"
"86,397",111-MZ-T30,FPQ-7053,SO-38633,DN-2302,Mozambique,PMO - US,From RDC,N/A - From RDC,Truck,1/24/2011,N/A - From RDC,31-Aug-11,15-Sep-11,15-Sep-11,ARV,Adult,SCMS from RDC,"Lamivudine/Zidovudine 150/300mg, tablets, 60 Tabs",Lamivudine/Zidovudine,Generic,150/300mg,Tablet - FDC,60,"26,308",224933.40,8.55,0.14,"Aurobindo Unit VII, IN",FALSE,See DN-2302 (ID#:82967),null,371.14
"83,499",114-UG-T30,FPQ-7165,SO-38790,DN-2189,Uganda,PMO - US,From RDC,N/A - From RDC,Air,2/14/2011,N/A - From RDC,11-Mar-11,03-May-11,03-May-11,ARV,Adult,SCMS from RDC,"Efavirenz/Emtricitabine/Tenofovir Disoproxil Fumarate 600/200/300mg, tablets, 30 Tabs",Efavirenz/Emtricitabine/Tenofovir Disoproxil Fumarate,Generic,600/200/300mg,Tablet - FDC,30,720,14342.40,19.92,0.66,Mylan (formerly Matrix) Nashik,TRUE,79,"$2,305.65 ",23.66
"83,500",151-NG-T30,FPQ-6800,SO-39230,DN-2173,Nigeria,PMO - US,From RDC,N/A - From RDC,Air Charter,12-07-10,N/A - From RDC,21-Jun-11,10-May-11,10-May-11,ARV,Adult,SCMS from RDC,"Lamivudine/Tenofovir Disoproxil Fumarate 300/300mg, tablets, 30 Tabs",Lamivudine/Tenofovir Disoproxil Fumarate,Generic,300/300mg,Tablet - FDC,30,"50,000",441000.00,8.82,0.29,Mylan (formerly Matrix) Nashik,TRUE,4502,"$12,601.07 ",727.65
"83,501",110-ZM-T30,FPQ-6482,SO-39420,DN-2198,Zambia,PMO - US,From RDC,N/A - From RDC,Truck,10/15/2010,N/A - From RDC,30-Apr-11,20-May-11,20-May-11,ARV,Adult,SCMS from RDC,"Nevirapine 200mg, tablets, 60 Tabs",Nevirapine,Generic,200mg,Tablet,60,"18,000",45180.00,2.51,0.04,"Strides, Bangalore, India.",TRUE,1032,"$3,402.23 ",97.41
"83,520",104-CI-T30,FPQ-7659,SO-40121,DN-2304,Côte d'Ivoire,PMO - US,From RDC,N/A - From RDC,Air,05-03-11,N/A - From RDC,27-Sep-11,12-Sep-11,12-Sep-11,ARV,Adult,SCMS from RDC,"Abacavir 300mg, tablets, 60 Tabs",Abacavir,Generic,300mg,Tablet,60,"4,617",69439.68,15.04,0.25,"Aurobindo Unit III, India",FALSE,See DN-2304 (ID#:82395),null,114.58
"83,503",151-NG-T30,FPQ-7217,SO-39570,DN-2211,Nigeria,PMO - US,From RDC,N/A - From RDC,Air Charter,2/21/2011,N/A - From RDC,15-Jun-11,05-Jul-11,05-Jul-11,ARV,Adult,SCMS from RDC,"Lamivudine/Tenofovir Disoproxil Fumarate 300/300mg, tablets, 30 Tabs",Lamivudine/Tenofovir Disoproxil Fumarate,Generic,300/300mg,Tablet - FDC,30,"70,651",623141.82,8.82,0.29,Mylan (formerly Matrix) Nashik,TRUE,6749,"$13,398.06 ","1,028.18"
"85,198",104-CI-T30,FPQ-7659,SO-40121,DN-2304,Côte d'Ivoire,PMO - US,From RDC,N/A - From RDC,Air,05-03-11,N/A - From RDC,27-Sep-11,12-Sep-11,12-Sep-11,ARV,Adult,SCMS from RDC,"Lamivudine/Nevirapine/Zidovudine 150/200/300mg, tablets, 60 Tabs",Lamivudine/Nevirapine/Zidovudine,Generic,150/300/200mg,Tablet - FDC,60,"23,147",259709.34,11.22,0.19,"Aurobindo Unit III, India",FALSE,See DN-2304 (ID#:82395),null,428.52
"83,505",151-NG-T30,FPQ-7217,SO-39630,DN-2219,Nigeria,PMO - US,From RDC,N/A - From RDC,Air Charter,2/21/2011,N/A - From RDC,15-Jun-11,05-Jul-11,05-Jul-11,ARV,Adult,SCMS from RDC,"Emtricitabine/Tenofovir Disoproxil Fumarate 200/300mg, tablets, 30 Tabs",Emtricitabine/Tenofovir Disoproxil Fumarate,Generic,200/300mg,Tablet - FDC,30,"57,749",630619.08,10.92,0.36,"Aurobindo Unit III, India",TRUE,5554,"$13,398.06 ","1,040.52"
"83,506",151-NG-T30,FPQ-7217,SO-39840,DN-2244,Nigeria,PMO - US,From RDC,N/A - From RDC,Air Charter,2/21/2011,N/A - From RDC,15-Jun-11,06-Jul-11,06-Jul-11,ARV,Adult,SCMS from RDC,"Lamivudine/Nevirapine/Zidovudine 150/200/300mg, tablets, 60 Tabs",Lamivudine/Nevirapine/Zidovudine,Generic,150/300/200mg,Tablet - FDC,60,"206,853",2320890.66,11.22,0.19,"Aurobindo Unit III, India",TRUE,29353,"$13,398.06 ","3,829.47"
"83,507",100-BJ-T30,FPQ-7658,SO-39810,DN-2250,Benin,PMO - US,From RDC,N/A - From RDC,Air,5/15/2011,N/A - From RDC,13-Jun-11,30-Jun-11,30-Jun-11,ARV,Adult,SCMS from RDC,"Lopinavir/Ritonavir 200/50mg [Aluvia], tablets, 120 Tabs",Lopinavir/Ritonavir,Aluvia,200/50mg,Tablet,120,611,20615.14,33.74,0.28,ABBVIE Ludwigshafen Germany,TRUE,129,"$6,477.67 ",34.01
"83,508",110-ZM-T30,FPQ-6677,SO-38060,DN-2254,Zambia,PMO - US,From RDC,N/A - From RDC,Truck,11-08-10,N/A - From RDC,15-Jul-11,11-Jul-11,11-Jul-11,ARV,Adult,SCMS from RDC,"Lamivudine 150mg, tablets, 60 Tabs",Lamivudine,Generic,150mg,Tablet,60,"18,579",43289.07,2.33,0.04,Hetero Unit III Hyderabad IN,TRUE,2029,"$6,801.72 ",71.43
"85,778",104-CI-T30,FPQ-7659,SO-40121,DN-2304,Côte d'Ivoire,PMO - US,From RDC,N/A - From RDC,Air,05-03-11,N/A - From RDC,27-Sep-11,12-Sep-11,12-Sep-11,ARV,Adult,SCMS from RDC,"Emtricitabine/Tenofovir Disoproxil Fumarate 200/300mg, tablets, 30 Tabs",Emtricitabine/Tenofovir Disoproxil Fumarate,Generic,200/300mg,Tablet - FDC,30,"4,269",44995.26,10.54,0.35,Mylan (formerly Matrix) Nashik,FALSE,See DN-2304 (ID#:82395),null,74.24
"83,510",109-TZ-T30,FPQ-7675,SO-39760,DN-2265,Tanzania,PMO - US,From RDC,N/A - From RDC,Air,5/18/2011,N/A - From RDC,31-Aug-11,18-Jul-11,18-Jul-11,ARV,Adult,SCMS from RDC,"Emtricitabine/Tenofovir Disoproxil Fumarate 200/300mg, tablets, 30 Tabs",Emtricitabine/Tenofovir Disoproxil Fumarate,Generic,200/300mg,Tablet - FDC,30,"77,636",818283.44,10.54,0.35,Mylan (formerly Matrix) Nashik,TRUE,6986,"$26,538.46 ","1,350.17"
"83,511",111-MZ-T30,FPQ-7053,SO-40070,DN-2270,Mozambique,PMO - US,From RDC,N/A - From RDC,Truck,1/24/2011,N/A - From RDC,31-Aug-11,05-Sep-11,05-Sep-11,ARV,Adult,SCMS from RDC,"Lamivudine/Zidovudine 150/300mg, tablets, 60 Tabs",Lamivudine/Zidovudine,Generic,150/300mg,Tablet - FDC,60,"15,048",128660.40,8.55,0.14,"Aurobindo Unit III, India",TRUE,1391,"$3,525.04 ",212.29
"83,513",200-ZW-T30,FPQ-6483,SO-37870,DN-2279,Zimbabwe,PMO - US,From RDC,N/A - From RDC,Truck,10/13/2010,N/A - From RDC,15-Aug-11,11-Aug-11,11-Aug-11,ARV,Pediatric,SCMS from RDC,"Lamivudine/Stavudine 30/6mg, dispersible tablets, 60 Tabs",Lamivudine/Stavudine,Generic,30/6mg,Chewable/dispersible tablet - FDC,60,"3,687",7005.30,1.9,0.03,"Cipla, Goa, India",TRUE,212,"$2,143.48 ",15.1
"83,514",113-ZW-T30,FPQ-6470,SO-37842,DN-2285,Zimbabwe,PMO - US,From RDC,N/A - From RDC,Truck,10/13/2010,N/A - From RDC,15-Aug-11,11-Aug-11,11-Aug-11,ARV,Adult,SCMS from RDC,"Lamivudine/Stavudine 150/30mg, tablets, 60 Tabs",Lamivudine/Stavudine,Generic,150/30mg,Tablet - FDC,60,"4,669",15314.32,3.28,0.05,"Cipla, Goa, India",TRUE,357,"$2,143.49 ",33.02
"83,515",114-UG-T30,FPQ-7162,SO-39970,DN-2287,Uganda,PMO - US,From RDC,N/A - From RDC,Truck,2/14/2011,N/A - From RDC,30-Jun-11,14-Jul-11,14-Jul-11,ARV,Adult,SCMS from RDC,"Lamivudine/Tenofovir Disoproxil Fumarate 300/300mg, tablets, 30 Tabs",Lamivudine/Tenofovir Disoproxil Fumarate,Generic,300/300mg,Tablet - FDC,30,"30,000",264600.00,8.82,0.29,Mylan (formerly Matrix) Nashik,TRUE,2641,"$19,673.48 ",436.59
"86,398",104-CI-T30,FPQ-7659,SO-40121,DN-2304,Côte d'Ivoire,PMO - US,From RDC,N/A - From RDC,Air,05-03-11,N/A - From RDC,27-Sep-11,12-Sep-11,12-Sep-11,ARV,Adult,SCMS from RDC,"Emtricitabine/Tenofovir Disoproxil Fumarate 200/300mg, tablets, 30 Tabs",Emtricitabine/Tenofovir Disoproxil Fumarate,Generic,200/300mg,Tablet - FDC,30,"17,251",181825.54,10.54,0.35,"Aurobindo Unit III, India",FALSE,See DN-2304 (ID#:82395),null,300.01
"83,518",113-ZW-T30,FPQ-6470,SO-37844,DN-2301,Zimbabwe,PMO - US,From RDC,N/A - From RDC,Truck,10/13/2010,N/A - From RDC,05-Sep-11,05-Sep-11,05-Sep-11,ARV,Adult,SCMS from RDC,"Nevirapine 200mg, tablets, 60 Tabs",Nevirapine,Generic,200mg,Tablet,60,"9,073",22773.23,2.51,0.04,Hetero Unit III Hyderabad IN,TRUE,487,"$2,091.17 ",49.1
"82,969",106-HT-T30,FPQ-6801,SO-38213,DN-2310,Haiti,PMO - US,From RDC,N/A - From RDC,Air,12/14/2010,N/A - From RDC,19-Jul-11,11-Aug-11,11-Aug-11,ARV,Adult,SCMS from RDC,"Nevirapine 200mg, tablets, 60 Tabs",Nevirapine,Generic,200mg,Tablet,60,"34,100",85591.00,2.51,0.04,Hetero Unit III Hyderabad IN,FALSE,See DN-2310 (ID#:82968),null,141.23
"83,521",106-HT-T30,FPQ-6801,SO-38213,DN-2310,Haiti,PMO - US,From RDC,N/A - From RDC,Air,12/14/2010,N/A - From RDC,19-Jul-11,11-Aug-11,11-Aug-11,ARV,Adult,SCMS from RDC,"Lamivudine 150mg, tablets, 60 Tabs",Lamivudine,Generic,150mg,Tablet,60,"9,200",21436.00,2.33,0.04,"Aurobindo Unit III, India",FALSE,See DN-2310 (ID#:82968),null,35.37
"84,104",106-HT-T30,FPQ-6801,SO-38213,DN-2310,Haiti,PMO - US,From RDC,N/A - From RDC,Air,12/14/2010,N/A - From RDC,19-Jul-11,11-Aug-11,11-Aug-11,ARV,Adult,SCMS from RDC,"Lamivudine/Zidovudine 150/300mg, tablets, 60 Tabs",Lamivudine/Zidovudine,Generic,150/300mg,Tablet - FDC,60,"30,000",256500.00,8.55,0.14,"Aurobindo Unit III, India",FALSE,See DN-2310 (ID#:82968),null,423.22
"83,522",114-UG-T30,FPQ-7267,SO-39060,DN-2312,Uganda,PMO - US,From RDC,N/A - From RDC,Truck,03-04-11,N/A - From RDC,31-Jul-11,12-Aug-11,12-Aug-11,ARV,Adult,SCMS from RDC,"Efavirenz/Emtricitabine/Tenofovir Disoproxil Fumarate 600/200/300mg, tablets, 30 Tabs",Efavirenz/Emtricitabine/Tenofovir Disoproxil Fumarate,Generic,600/200/300mg,Tablet - FDC,30,"3,330",66333.60,19.92,0.66,Mylan (formerly Matrix) Nashik,TRUE,370,"$2,886.12 ",109.45
"83,523",900-GH-T30,FPQ-7866,SO-40000,DN-2320,Ghana,PMO - US,From RDC,N/A - From RDC,Air,6/13/2011,N/A - From RDC,14-Nov-11,14-Nov-11,14-Nov-11,ARV,Adult,SCMS from RDC,"Lamivudine/Zidovudine 150/300mg, tablets, 60 Tabs",Lamivudine/Zidovudine,Generic,150/300mg,Tablet - FDC,60,"32,168",265707.68,8.26,0.14,Mylan (formerly Matrix) Nashik,TRUE,5199,$585 ,438.42
"83,524",900-GH-T30,FPQ-7866,SO-40010,DN-2321,Ghana,PMO - US,From RDC,N/A - From RDC,Air,6/13/2011,N/A - From RDC,06-Sep-11,11-Aug-11,11-Aug-11,ARV,Adult,SCMS from RDC,"Nevirapine 200mg, tablets, 60 Tabs",Nevirapine,Generic,200mg,Tablet,60,"45,084",113160.84,2.51,0.04,"Strides, Bangalore, India.",TRUE,2698,"$12,676.40 ",186.72
"84,664",106-HT-T30,FPQ-6801,SO-38213,DN-2310,Haiti,PMO - US,From RDC,N/A - From RDC,Air,12/14/2010,N/A - From RDC,19-Jul-11,11-Aug-11,11-Aug-11,ARV,Adult,SCMS from RDC,"Lamivudine/Zidovudine 150/300mg, tablets, 60 Tabs",Lamivudine/Zidovudine,Generic,150/300mg,Tablet - FDC,60,"18,958",162090.90,8.55,0.14,Mylan (formerly Matrix) Nashik,FALSE,See DN-2310 (ID#:82968),null,267.45
"83,526",113-ZW-T30,FPQ-7052,SO-38511,DN-2324,Zimbabwe,PMO - US,From RDC,N/A - From RDC,Truck,1/19/2011,N/A - From RDC,30-Sep-11,19-Sep-11,19-Sep-11,ARV,Adult,SCMS from RDC,"Nevirapine 200mg, tablets, 60 Tabs",Nevirapine,Generic,200mg,Tablet,60,"9,073",22228.85,2.45,0.04,"Aurobindo Unit VII, IN",TRUE,1406,"$5,479.15 ",36.68
"83,527",114-UG-T30,FPQ-7652,SO-39500,DN-2326,Uganda,PMO - US,From RDC,N/A - From RDC,Truck,4/29/2011,N/A - From RDC,05-Sep-11,23-Aug-11,23-Aug-11,ARV,Adult,SCMS from RDC,"Lamivudine/Nevirapine/Zidovudine 150/200/300mg, tablets, 60 Tabs",Lamivudine/Nevirapine/Zidovudine,Generic,150/300/200mg,Tablet - FDC,60,"6,139",68879.58,11.22,0.19,Mylan (formerly Matrix) Nashik,TRUE,1518,"$6,561.51 ",113.65
"83,528",114-UG-T30,FPQ-8048,SO-40230,DN-2328,Uganda,PMO - US,From RDC,N/A - From RDC,Truck,7/13/2011,N/A - From RDC,22-Sep-11,24-Aug-11,24-Aug-11,ARV,Adult,SCMS from RDC,"Lamivudine/Tenofovir Disoproxil Fumarate 300/300mg, tablets, 30 Tabs",Lamivudine/Tenofovir Disoproxil Fumarate,Generic,300/300mg,Tablet - FDC,30,"7,441",61239.43,8.23,0.27,Mylan (formerly Matrix) Nashik,TRUE,656,"$4,376.56 ",101.05
"86,400",114-UG-T30,FPQ-8048,SO-40220,DN-2313,Uganda,PMO - US,From RDC,N/A - From RDC,Truck,7/13/2011,N/A - From RDC,22-Sep-11,26-Aug-11,26-Aug-11,ARV,Adult,SCMS from RDC,"Zidovudine 300mg, tablets, 60 Tabs",Zidovudine,Generic,300mg,Tablet,60,"1,684",11821.68,7.02,0.12,Hetero Unit III Hyderabad IN,FALSE,See DN-2313 (ID#:85780),null,19.51
"82,972",200-ZW-T30,FPQ-6483,SO-38900,DN-2318,Zimbabwe,PMO - US,From RDC,N/A - From RDC,Truck,10/13/2010,N/A - From RDC,30-Sep-11,23-Sep-11,23-Sep-11,ARV,Pediatric,SCMS from RDC,"Didanosine 200mg, delayed-release capsules, 30 Caps",Didanosine,Generic,200mg,Delayed-release capsules,30,36,396.00,11,0.37,"Aurobindo Unit III, India",FALSE,See DN-2318 (ID#:82971),null,0.85
"86,402",900-GH-T30,FPQ-7866,SO-40000,DN-2320,Ghana,PMO - US,From RDC,N/A - From RDC,Air,6/13/2011,N/A - From RDC,14-Nov-11,14-Nov-11,14-Nov-11,ARV,Adult,SCMS from RDC,"Nevirapine 200mg, tablets, 60 Tabs",Nevirapine,Generic,200mg,Tablet,60,"45,084",113160.84,2.51,0.04,Hetero Unit III Hyderabad IN,FALSE,See DN-2320 (ID#:83523),null,186.72
"83,532",151-NG-T30,FPQ-7812,SO-39993,DN-2352,Nigeria,PMO - US,From RDC,N/A - From RDC,Air Charter,06-06-11,N/A - From RDC,03-Nov-11,28-Sep-11,28-Sep-11,ARV,Adult,SCMS from RDC,"Stavudine 30mg, capsules, 60 Caps",Stavudine,Generic,30mg,Capsule,60,"1,000",1400.00,1.4,0.02,"Aurobindo Unit III, India",TRUE,108,"$18,495.90 ",2.31
"83,533",100-ZW-T30,FPQ-7559,SO-39551,DN-2362,Zimbabwe,PMO - US,From RDC,N/A - From RDC,Truck,4/29/2011,N/A - From RDC,21-Oct-11,21-Oct-11,21-Oct-11,ARV,Pediatric,SCMS from RDC,"Lamivudine/Zidovudine 30/60mg, tablets, 60 Tabs",Lamivudine/Zidovudine,Generic,30/60mg,Tablet - FDC,60,323,1049.75,3.25,0.05,"Aurobindo Unit III, India",TRUE,209,$502.49 ,1.73
"83,534",113-ZW-T30,FPQ-7934,SO-40281,DN-2367,Zimbabwe,PMO - US,From RDC,N/A - From RDC,Truck,6/28/2011,N/A - From RDC,25-Oct-11,21-Oct-11,21-Oct-11,ARV,Adult,SCMS from RDC,"Lamivudine/Tenofovir Disoproxil Fumarate 300/300mg, tablets, 30 Tabs",Lamivudine/Tenofovir Disoproxil Fumarate,Generic,300/300mg,Tablet - FDC,30,"42,444",366291.72,8.63,0.29,Mylan (formerly Matrix) Nashik,TRUE,1423,"$6,623.46 ",604.38
"83,536",109-TZ-T30,FPQ-6713,SO-38170,DN-2363,Tanzania,PMO - US,From RDC,N/A - From RDC,Truck,12-02-10,N/A - From RDC,03-Oct-11,23-Sep-11,23-Sep-11,ARV,Adult,SCMS from RDC,"Efavirenz/Emtricitabine/Tenofovir Disoproxil Fumarate 600/200/300mg, tablets, 30 Tabs",Efavirenz/Emtricitabine/Tenofovir Disoproxil Fumarate,Generic,600/200/300mg,Tablet - FDC,30,"40,337",803513.04,19.92,0.66,Mylan (formerly Matrix) Nashik,TRUE,4560,"$1,047.17 ","1,325.80"
"83,537",151-NG-T30,FPQ-7812,SO-39999,DN-2377,Nigeria,PMO - US,From RDC,N/A - From RDC,Air Charter,06-06-11,N/A - From RDC,03-Nov-11,28-Sep-11,28-Sep-11,ARV,Adult,SCMS from RDC,"Efavirenz 600mg, tablets, 30 Tabs",Efavirenz,Generic,600mg,Tablet,30,"100,000",422000.00,4.22,0.14,Hetero Unit III Hyderabad IN,TRUE,5712,"$18,495.90 ",696.3
"83,538",111-MZ-T30,FPQ-7053,SO-38641,DN-2366,Mozambique,PMO - US,From RDC,N/A - From RDC,Truck,1/24/2011,N/A - From RDC,25-Jan-12,25-Jan-12,25-Jan-12,ARV,Pediatric,SCMS from RDC,"Nevirapine 10mg/ml, oral suspension w/syringe, Bottle, 240 ml",Nevirapine,Generic,10mg/ml,Oral suspension,240,"13,994",27288.30,1.95,0.01,"Aurobindo Unit III, India",TRUE,5269,"$4,480.45 ",45.03
"83,539",900-SZ-T30,FPQ-8417,SO-40690,DN-2388,Swaziland,PMO - US,From RDC,N/A - From RDC,Air,9/14/2011,N/A - From RDC,12-Dec-11,18-Oct-11,18-Oct-11,ARV,Adult,SCMS from RDC,"Lamivudine/Tenofovir Disoproxil Fumarate 300/300mg, tablets, 30 Tabs",Lamivudine/Tenofovir Disoproxil Fumarate,Generic,300/300mg,Tablet - FDC,30,"17,300",135286.00,7.82,0.26,Mylan (formerly Matrix) Nashik,TRUE,2036,"$15,635.84 ",223.22
"83,540",114-UG-T30,FPQ-7166,SO-38870,DN-2389,Uganda,PMO - US,From RDC,N/A - From RDC,Air,02-11-11,N/A - From RDC,15-Nov-11,01-Nov-11,01-Nov-11,ARV,Pediatric,SCMS from RDC,"Nevirapine 10mg/ml, oral suspension w/syringe, Bottle, 240 ml",Nevirapine,Generic,10mg/ml,Oral suspension,240,"9,794",19098.30,1.95,0.01,"Aurobindo Unit III, India",TRUE,3654,"$19,520.77 ",31.51
"83,541",100-ZW-T30,FPQ-7559,SO-39550,DN-2390,Zimbabwe,PMO - US,From RDC,N/A - From RDC,Truck,4/29/2011,N/A - From RDC,31-Oct-11,21-Oct-11,21-Oct-11,ARV,Pediatric,SCMS from RDC,"Lamivudine/Zidovudine 30/60mg, tablets, 60 Tabs",Lamivudine/Zidovudine,Generic,30/60mg,Tablet - FDC,60,"12,733",38071.67,2.99,0.05,Mylan (formerly Matrix) Nashik,TRUE,496,"$5,257.35 ",62.82
"83,542",106-HT-T30,FPQ-7653,SO-39742,DN-2399,Haiti,PMO - US,From RDC,N/A - From RDC,Air,05-11-11,N/A - From RDC,31-Oct-11,08-Nov-11,08-Nov-11,ARV,Adult,SCMS from RDC,"Stavudine 30mg, capsules, 60 Caps",Stavudine,Generic,30mg,Capsule,60,"4,520",6328.00,1.4,0.02,"Aurobindo Unit III, India",TRUE,418,"$4,692.14 ",10.44
"83,543",110-ZM-T30,FPQ-8383,SO-40730,DN-2398,Zambia,PMO - US,From RDC,N/A - From RDC,Truck,09-11-11,N/A - From RDC,03-Nov-11,15-Nov-11,15-Nov-11,ARV,Adult,SCMS from RDC,"Emtricitabine/Tenofovir Disoproxil Fumarate 200/300mg, tablets, 30 Tabs",Emtricitabine/Tenofovir Disoproxil Fumarate,Generic,200/300mg,Tablet - FDC,30,"26,060",233758.20,8.97,0.3,"Aurobindo Unit III, India",TRUE,2409,"$9,346.80 ",385.7
"83,525",110-ZM-T30,FPQ-7085,SO-38741,DN-2322,Zambia,PMO - US,From RDC,N/A - From RDC,Truck,02-03-11,N/A - From RDC,29-Sep-11,29-Aug-11,29-Aug-11,ARV,Adult,SCMS from RDC,"Nevirapine 200mg, tablets, 60 Tabs",Nevirapine,Generic,200mg,Tablet,60,"31,892",80048.92,2.51,0.04,Hetero Unit III Hyderabad IN,FALSE,See DN-2322 (ID#:82973),null,132.08
"83,545",151-NG-T30,FPQ-7812,SO-40724,DN-2401,Nigeria,PMO - US,From RDC,N/A - From RDC,Air Charter,06-06-11,N/A - From RDC,05-Dec-11,13-Oct-11,13-Oct-11,ARV,Adult,SCMS from RDC,"Lamivudine/Nevirapine/Zidovudine 150/200/300mg, tablets, 60 Tabs",Lamivudine/Nevirapine/Zidovudine,Generic,150/300/200mg,Tablet - FDC,60,"45,113",506167.86,11.22,0.19,Mylan (formerly Matrix) Nashik,TRUE,6180,"$21,326.73 ",835.18
"83,546",109-TZ-T30,FPQ-8303,SO-40521,DN-2412,Tanzania,PMO - US,From RDC,N/A - From RDC,Truck,8/22/2011,N/A - From RDC,29-Dec-11,12-Dec-11,12-Dec-11,ARV,Pediatric,SCMS from RDC,"Nevirapine 10mg/ml, oral suspension w/syringe, Bottle, 240 ml",Nevirapine,Generic,10mg/ml,Oral suspension,240,"15,000",29250.00,1.95,0.01,"Aurobindo Unit III, India",TRUE,5641,"$45,291.49 ",48.26
"83,547",114-UG-T30,FPQ-8520,SO-40912,DN-2460,Uganda,PMO - US,From RDC,N/A - From RDC,Truck,10-05-11,N/A - From RDC,10-Feb-12,19-Jan-12,19-Jan-12,ARV,Adult,SCMS from RDC,"Lamivudine/Zidovudine 150/300mg, tablets, 60 Tabs",Lamivudine/Zidovudine,Generic,150/300mg,Tablet - FDC,60,"5,471",45190.46,8.26,0.14,"Aurobindo Unit III, India",TRUE,521,"$4,237.12 ",74.56
"83,548",151-NG-T30,FPQ-8364,SO-40655,DN-2463,Nigeria,PMO - US,From RDC,N/A - From RDC,Air Charter,8/29/2011,N/A - From RDC,02-Mar-12,18-Dec-11,18-Dec-11,ARV,Adult,SCMS from RDC,"Lamivudine/Zidovudine 150/300mg, tablets, 60 Tabs",Lamivudine/Zidovudine,Generic,150/300mg,Tablet - FDC,60,"85,919",709690.94,8.26,0.14,"Aurobindo Unit III, India",TRUE,8754,"$15,322.73 ","1,170.99"
"83,549",107-RW-T30,FPQ-8716,SO-41060,DN-2467,Rwanda,PMO - US,From RDC,N/A - From RDC,Air,10/31/2011,N/A - From RDC,23-Jan-12,23-Jan-12,23-Jan-12,ARV,Pediatric,SCMS from RDC,"Lamivudine 10mg/ml, oral solution w/syringe, Bottle, 240 ml",Lamivudine,Generic,10mg/ml,Oral solution,240,"3,000",5550.00,1.85,0.01,"Aurobindo Unit III, India",TRUE,1076,"$4,474.31 ",7.78
"83,550",111-MZ-T30,FPQ-8157,SO-40322,DN-2471,Mozambique,PMO - US,From RDC,N/A - From RDC,Truck,08-04-11,N/A - From RDC,08-Mar-12,08-Mar-12,08-Mar-12,ARV,Adult,SCMS from RDC,"Lamivudine/Nevirapine/Zidovudine 150/200/300mg, tablets, 60 Tabs",Lamivudine/Nevirapine/Zidovudine,Generic,150/300/200mg,Tablet - FDC,60,"150,000",1683000.00,11.22,0.19,"Cipla, Goa, India",TRUE,19143,"$16,660.04 ","2,776.95"
"83,551",111-MZ-T30,FPQ-8157,SO-40321,DN-2480,Mozambique,PMO - US,From RDC,N/A - From RDC,Truck,08-04-11,N/A - From RDC,29-Feb-12,22-Feb-12,22-Feb-12,ARV,Adult,SCMS from RDC,"Lamivudine/Nevirapine/Zidovudine 150/200/300mg, tablets, 60 Tabs",Lamivudine/Nevirapine/Zidovudine,Generic,150/300/200mg,Tablet - FDC,60,275,3085.50,11.22,0.19,Mylan (formerly Matrix) Nashik,TRUE,36,"$3,470 ",5.09
"84,105",110-ZM-T30,FPQ-7085,SO-38741,DN-2322,Zambia,PMO - US,From RDC,N/A - From RDC,Truck,02-03-11,N/A - From RDC,29-Sep-11,29-Aug-11,29-Aug-11,ARV,Adult,SCMS from RDC,"Nevirapine 200mg, tablets, 60 Tabs",Nevirapine,Generic,200mg,Tablet,60,"89,037",223482.87,2.51,0.04,"Aurobindo Unit VII, IN",FALSE,See DN-2322 (ID#:82973),null,368.75
"83,553",111-MZ-T30,FPQ-8157,SO-40370,DN-2488,Mozambique,PMO - US,From RDC,N/A - From RDC,Truck,08-04-11,N/A - From RDC,29-Feb-12,08-Mar-12,08-Mar-12,ARV,Adult,SCMS from RDC,"Lamivudine/Zidovudine 150/300mg, tablets, 60 Tabs",Lamivudine/Zidovudine,Generic,150/300mg,Tablet - FDC,60,"28,168",232667.68,8.26,0.14,"Aurobindo Unit VII, IN",TRUE,318,"$6,025.73 ",383.9
"85,784",110-ZM-T30,FPQ-7085,SO-38741,DN-2322,Zambia,PMO - US,From RDC,N/A - From RDC,Truck,02-03-11,N/A - From RDC,29-Sep-11,29-Aug-11,29-Aug-11,ARV,Adult,SCMS from RDC,"Nevirapine 200mg, tablets, 60 Tabs",Nevirapine,Generic,200mg,Tablet,60,"20,927",52526.77,2.51,0.04,"Strides, Bangalore, India.",FALSE,See DN-2322 (ID#:82973),null,86.67
"83,555",101-CD-T30,FPQ-8840,SO-41133,DN-2495,"Congo, DRC",PMO - US,From RDC,N/A - From RDC,Air,11/21/2011,N/A - From RDC,16-Mar-12,14-Feb-12,14-Feb-12,ARV,Adult,SCMS from RDC,"Efavirenz 600mg, tablets, 30 Tabs",Efavirenz,Generic,600mg,Tablet,30,30,123.60,4.12,0.14,"Strides, Bangalore, India.",TRUE,55,$912.36 ,0.17
"86,403",110-ZM-T30,FPQ-7085,SO-38741,DN-2322,Zambia,PMO - US,From RDC,N/A - From RDC,Truck,02-03-11,N/A - From RDC,29-Sep-11,29-Aug-11,29-Aug-11,ARV,Adult,SCMS from RDC,"Nevirapine 200mg, tablets, 60 Tabs",Nevirapine,Generic,200mg,Tablet,60,"25,000",62750.00,2.51,0.04,Mylan (formerly Matrix) Nashik,FALSE,See DN-2322 (ID#:82973),null,103.54
"86,404",113-ZW-T30,FPQ-7052,SO-38511,DN-2324,Zimbabwe,PMO - US,From RDC,N/A - From RDC,Truck,1/19/2011,N/A - From RDC,30-Sep-11,19-Sep-11,19-Sep-11,ARV,Adult,SCMS from RDC,"Efavirenz 600mg, tablets, 30 Tabs",Efavirenz,Generic,600mg,Tablet,30,"6,392",26974.24,4.22,0.14,Hetero Unit III Hyderabad IN,FALSE,See DN-2324 (ID#:83526),null,44.51
"84,106",111-MZ-T30,FPQ-7053,SO-38635,DN-2325,Mozambique,PMO - US,From RDC,N/A - From RDC,Truck,1/24/2011,N/A - From RDC,13-Oct-11,13-Oct-11,13-Oct-11,ARV,Adult,SCMS from RDC,"Efavirenz 600mg, tablets, 30 Tabs",Efavirenz,Generic,600mg,Tablet,30,"19,242",81201.24,4.22,0.14,Hetero Unit III Hyderabad IN,FALSE,See DN-2325 (ID#:82975),null,133.98
"83,559",101-CD-T30,FPQ-8840,SO-41140,DN-2504,"Congo, DRC",PMO - US,From RDC,N/A - From RDC,Air,11/21/2011,N/A - From RDC,16-Mar-12,03-Apr-12,03-Apr-12,ARV,Pediatric,SCMS from RDC,"Nevirapine 10mg/ml, oral suspension w/syringe, Bottle, 240 ml",Nevirapine,Generic,10mg/ml,Oral suspension,240,186,362.70,1.95,0.01,"Aurobindo Unit III, India",TRUE,81,"$1,535.56 ",0.51
"83,626",900-SS-T30,FPQ-10514,SO-43060,DN-2871,South Sudan,PMO - US,From RDC,N/A - From RDC,Air,8/17/2012,N/A - From RDC,30-Nov-12,30-Nov-12,30-Nov-12,ARV,Adult,SCMS from RDC,"Lamivudine/Zidovudine 150/300mg, tablets, 60 Tabs",Lamivudine/Zidovudine,Generic,150/300mg,Tablet - FDC,60,300,2316.00,7.72,0.13,Mylan (formerly Matrix) Nashik,TRUE,39,$742.98 ,3.25
"83,529",114-UG-T30,FPQ-7162,SO-38800,DN-2329,Uganda,PMO - US,From RDC,N/A - From RDC,Truck,2/14/2011,N/A - From RDC,05-Aug-11,24-Aug-11,24-Aug-11,ARV,Adult,SCMS from RDC,"Lamivudine/Nevirapine/Zidovudine 150/200/300mg, tablets, 60 Tabs",Lamivudine/Nevirapine/Zidovudine,Generic,150/300/200mg,Tablet - FDC,60,"105,000",1178100.00,11.22,0.19,Mylan (formerly Matrix) Nashik,FALSE,See DN-2329 (ID#:82976),null,"1,943.86"
"83,561",101-CD-T30,FPQ-8840,SO-41141,DN-2505,"Congo, DRC",PMO - US,From RDC,N/A - From RDC,Air,11/21/2011,N/A - From RDC,16-Mar-12,14-Mar-12,14-Mar-12,ARV,Adult,SCMS from RDC,"Lamivudine/Tenofovir Disoproxil Fumarate 300/300mg, tablets, 30 Tabs",Lamivudine/Tenofovir Disoproxil Fumarate,Generic,300/300mg,Tablet - FDC,30,53,322.24,6.08,0.2,Mylan (formerly Matrix) Nashik,TRUE,220,"$2,110.20 ",0.45
"86,405",114-UG-T30,FPQ-7162,SO-38800,DN-2329,Uganda,PMO - US,From RDC,N/A - From RDC,Truck,2/14/2011,N/A - From RDC,05-Aug-11,24-Aug-11,24-Aug-11,ARV,Adult,SCMS from RDC,"Lamivudine/Tenofovir Disoproxil Fumarate 300/300mg, tablets, 30 Tabs",Lamivudine/Tenofovir Disoproxil Fumarate,Generic,300/300mg,Tablet - FDC,30,"30,000",246900.00,8.23,0.27,Mylan (formerly Matrix) Nashik,FALSE,See DN-2329 (ID#:82976),null,407.38
"83,563",101-CD-T30,FPQ-8840,SO-41147,DN-2511,"Congo, DRC",PMO - US,From RDC,N/A - From RDC,Air,11/21/2011,N/A - From RDC,16-Mar-12,14-Mar-12,14-Mar-12,ARV,Pediatric,SCMS from RDC,"Nevirapine 10mg/ml, oral suspension w/syringe, Bottle, 240 ml",Nevirapine,Generic,10mg/ml,Oral suspension,240,"1,090",2125.50,1.95,0.01,"Aurobindo Unit III, India",TRUE,512,"$3,438.20 ",2.98
"83,530",104-CI-T30,FPQ-7659,SO-40122,DN-2339,Côte d'Ivoire,PMO - US,From RDC,N/A - From RDC,Air,05-03-11,N/A - From RDC,12-Oct-11,12-Oct-11,12-Oct-11,ARV,Adult,SCMS from RDC,"Abacavir 300mg, tablets, 60 Tabs",Abacavir,Generic,300mg,Tablet,60,"2,313",34787.52,15.04,0.25,Mylan (formerly Matrix) Nashik,FALSE,See DN-2339 (ID#:82401),null,57.4
"86,409",104-CI-T30,FPQ-7659,SO-40122,DN-2339,Côte d'Ivoire,PMO - US,From RDC,N/A - From RDC,Air,05-03-11,N/A - From RDC,12-Oct-11,12-Oct-11,12-Oct-11,ARV,Adult,SCMS from RDC,"Lamivudine/Zidovudine 150/300mg, tablets, 60 Tabs",Lamivudine/Zidovudine,Generic,150/300mg,Tablet - FDC,60,"75,420",622969.20,8.26,0.14,Mylan (formerly Matrix) Nashik,FALSE,See DN-2339 (ID#:82401),null,"1,027.90"
"83,566",113-ZW-T30,FPQ-7934,SO-40280,DN-2520,Zimbabwe,PMO - US,From RDC,N/A - From RDC,Truck,6/28/2011,N/A - From RDC,31-Jan-12,16-Feb-12,16-Feb-12,ARV,Adult,SCMS from RDC,"Lamivudine/Tenofovir Disoproxil Fumarate 300/300mg, tablets, 30 Tabs",Lamivudine/Tenofovir Disoproxil Fumarate,Generic,300/300mg,Tablet - FDC,30,"17,556",106740.48,6.08,0.2,Mylan (formerly Matrix) Nashik,TRUE,1373,"$4,777.08 ",176.12
"83,567",101-CD-T30,FPQ-8840,SO-41381,DN-2523,"Congo, DRC",PMO - US,From RDC,N/A - From RDC,Air,11/21/2011,N/A - From RDC,22-Mar-12,22-Mar-12,22-Mar-12,ARV,Adult,SCMS from RDC,"Lamivudine 150mg, tablets, 60 Tabs",Lamivudine,Generic,150mg,Tablet,60,67,156.11,2.33,0.04,Hetero Unit III Hyderabad IN,TRUE,4,$491.42 ,0.22
"83,568",104-CI-T30,FPQ-8295,SO-40760,DN-2533,Côte d'Ivoire,PMO - US,From RDC,N/A - From RDC,Truck,8/25/2011,N/A - From RDC,01-Mar-12,01-Mar-12,01-Mar-12,ARV,Pediatric,SCMS from RDC,"Nevirapine 10mg/ml, oral suspension w/syringe, Bottle, 240 ml",Nevirapine,Generic,10mg/ml,Oral suspension,240,"4,448",8673.60,1.95,0.01,"Aurobindo Unit III, India",TRUE,1663,"$1,102.30 ",14.31
"83,569",104-CI-T30,FPQ-8787,SO-41171,DN-2545,Côte d'Ivoire,PMO - US,From RDC,N/A - From RDC,Air,11-11-11,N/A - From RDC,21-May-12,01-Mar-12,01-Mar-12,ARV,Adult,SCMS from RDC,"Lamivudine 150mg, tablets, 60 Tabs",Lamivudine,Generic,150mg,Tablet,60,"10,350",24115.50,2.33,0.04,"Aurobindo Unit III, India",TRUE,495,"$20,548.80 ",33.81
"83,570",104-CI-T30,FPQ-8295,SO-40751,DN-2554,Côte d'Ivoire,PMO - US,From RDC,N/A - From RDC,Truck,8/25/2011,N/A - From RDC,12-Mar-12,24-Feb-12,24-Feb-12,ARV,Adult,SCMS from RDC,"Efavirenz/Emtricitabine/Tenofovir Disoproxil Fumarate 600/200/300mg, tablets, 30 Tabs",Efavirenz/Emtricitabine/Tenofovir Disoproxil Fumarate,Generic,600/200/300mg,Tablet - FDC,30,"8,922",149265.06,16.73,0.56,Mylan (formerly Matrix) Nashik,TRUE,973,"$4,466.99 ",246.29
"83,571",104-CI-T30,FPQ-8787,SO-41151,DN-2557,Côte d'Ivoire,PMO - US,From RDC,N/A - From RDC,Air,11-11-11,N/A - From RDC,16-Apr-12,24-Feb-12,24-Feb-12,ARV,Adult,SCMS from RDC,"Efavirenz/Emtricitabine/Tenofovir Disoproxil Fumarate 600/200/300mg, tablets, 30 Tabs",Efavirenz/Emtricitabine/Tenofovir Disoproxil Fumarate,Generic,600/200/300mg,Tablet - FDC,30,"7,140",119452.20,16.73,0.56,Mylan (formerly Matrix) Nashik,TRUE,779,"$4,646.13 ",167.47
"83,572",151-NG-T30,FPQ-8952,SO-41263,DN-2564,Nigeria,PMO - US,From RDC,N/A - From RDC,Air Charter,12-08-11,N/A - From RDC,20-Jun-12,16-Feb-12,16-Feb-12,ARV,Adult,SCMS from RDC,"Lamivudine/Zidovudine 150/300mg, tablets, 60 Tabs",Lamivudine/Zidovudine,Generic,150/300mg,Tablet - FDC,60,"99,995",825958.70,8.26,0.14,"Aurobindo Unit III, India",TRUE,11636,"$25,231.96 ","1,157.99"
"85,788",110-ZM-T30,FPQ-7233,SO-39050,DN-2341,Zambia,PMO - US,From RDC,N/A - From RDC,Truck,03-01-11,N/A - From RDC,21-Sep-11,26-Sep-11,26-Sep-11,ARV,Adult,SCMS from RDC,"Zidovudine 300mg, tablets, 60 Tabs",Zidovudine,Generic,300mg,Tablet,60,"44,163",318415.23,7.21,0.12,Hetero Unit III Hyderabad IN,FALSE,See DN-2341 (ID#:85787),null,525.39
"83,574",151-NG-T30,FPQ-8952,SO-41267,DN-2579,Nigeria,PMO - US,From RDC,N/A - From RDC,Air Charter,12-08-11,N/A - From RDC,20-Jun-12,16-Feb-12,16-Feb-12,ARV,Adult,SCMS from RDC,"Efavirenz 600mg, tablets, 30 Tabs",Efavirenz,Generic,600mg,Tablet,30,"91,166",375603.92,4.12,0.14,"Strides, Bangalore, India.",TRUE,6073,"$25,231.96 ",526.6
"83,575",105-GY-T30,FPQ-8620,SO-41010,DN-2576,Guyana,PMO - US,From RDC,N/A - From RDC,Air,10/27/2011,N/A - From RDC,30-Mar-12,19-Mar-12,19-Mar-12,ARV,Adult,SCMS from RDC,"Abacavir 300mg, tablets, 60 Tabs",Abacavir,Generic,300mg,Tablet,60,127,1858.01,14.63,0.24,Mylan (formerly Matrix) Nashik,TRUE,25,$211 ,2.6
"85,200",113-ZW-T30,FPQ-7052,SO-38512,DN-2343,Zimbabwe,PMO - US,From RDC,N/A - From RDC,Truck,1/19/2011,N/A - From RDC,30-Sep-11,07-Oct-11,07-Oct-11,ARV,Adult,SCMS from RDC,"Lamivudine/Nevirapine/Stavudine 150/200/30mg, tablets, 60 Tabs",Lamivudine/Nevirapine/Stavudine,Generic,150/200/30mg,Tablet - FDC,60,"9,226",49635.88,5.38,0.09,"Cipla, Goa, India",FALSE,See DN-2343 (ID#:82977),null,81.9
"83,577",102-BI-T30,FPQ-9229,SO-41540,DN-2595,Burundi,PMO - US,From RDC,N/A - From RDC,Air,1/25/2012,N/A - From RDC,26-Apr-12,09-Apr-12,09-Apr-12,ARV,Pediatric,SCMS from RDC,"Zidovudine 10mg/ml, oral solution w/syringe, Bottle, 240 ml",Zidovudine,Generic,10mg/ml,Oral solution,240,180,378.00,2.1,0.01,"Aurobindo Unit III, India",TRUE,327,"$5,320.13 ",0.53
"83,578",113-ZW-T30,FPQ-7560,SO-39470,DN-2604,Zimbabwe,PMO - US,From RDC,N/A - From RDC,Truck,4/26/2011,N/A - From RDC,18-Apr-12,10-Apr-12,10-Apr-12,ARV,Adult,SCMS from RDC,"Zidovudine 300mg, tablets, 60 Tabs",Zidovudine,Generic,300mg,Tablet,60,"31,263",219466.26,7.02,0.12,Hetero Unit III Hyderabad IN,TRUE,1616,"$3,489.53 ",362.12
"83,579",110-ZM-T30,FPQ-8476,SO-40953,DN-2608,Zambia,PMO - US,From RDC,N/A - From RDC,Truck,9/27/2011,N/A - From RDC,15-May-12,16-Apr-12,16-Apr-12,ARV,Adult,SCMS from RDC,"Lamivudine/Nevirapine/Stavudine 150/200/30mg, tablets, 60 Tabs",Lamivudine/Nevirapine/Stavudine,Generic,150/200/30mg,Tablet - FDC,60,"50,000",269000.00,5.38,0.09,"Strides, Bangalore, India.",TRUE,10381,"$8,510.81 ",443.85
"83,580",114-UG-T30,FPQ-8522,SO-40931,DN-2607,Uganda,PMO - US,From RDC,N/A - From RDC,Truck,10-05-11,N/A - From RDC,16-May-12,27-Mar-12,27-Mar-12,ARV,Adult,SCMS from RDC,"Lamivudine/Nevirapine/Zidovudine 150/200/300mg, tablets, 60 Tabs",Lamivudine/Nevirapine/Zidovudine,Generic,150/300/200mg,Tablet - FDC,60,"71,568",787248.00,11,0.18,"Strides, Bangalore, India.",TRUE,11441,"$55,175.61 ","1,298.96"
"86,410",113-ZW-T30,FPQ-7052,SO-38512,DN-2343,Zimbabwe,PMO - US,From RDC,N/A - From RDC,Truck,1/19/2011,N/A - From RDC,30-Sep-11,07-Oct-11,07-Oct-11,ARV,Adult,SCMS from RDC,"Lamivudine/Tenofovir Disoproxil Fumarate 300/300mg, tablets, 30 Tabs",Lamivudine/Tenofovir Disoproxil Fumarate,Generic,300/300mg,Tablet - FDC,30,"10,114",83238.22,8.23,0.27,Mylan (formerly Matrix) Nashik,FALSE,See DN-2343 (ID#:82977),null,137.34
"83,583",113-ZW-T30,FPQ-8464,SO-40860,DN-2621,Zimbabwe,PMO - US,From RDC,N/A - From RDC,Truck,10-04-11,N/A - From RDC,17-Apr-12,07-May-12,07-May-12,ARV,Adult,SCMS from RDC,"Nevirapine 200mg, tablets, 60 Tabs",Nevirapine,Generic,200mg,Tablet,60,"52,164",134583.12,2.58,0.04,"Aurobindo Unit VII, IN",TRUE,12347,"$16,978.83 ",222.06
"83,584",110-ZM-T30,FPQ-8476,SO-40955,DN-2624,Zambia,PMO - US,From RDC,N/A - From RDC,Truck,9/27/2011,N/A - From RDC,15-May-12,30-Apr-12,30-Apr-12,ARV,Adult,SCMS from RDC,"Lamivudine/Zidovudine 150/300mg, tablets, 60 Tabs",Lamivudine/Zidovudine,Generic,150/300mg,Tablet - FDC,60,"152,458",1219664.00,8,0.13,Mylan (formerly Matrix) Nashik,TRUE,28103,"$36,650.58 ","2,012.45"
"83,585",107-RW-T30,FPQ-8372,SO-40970,DN-2627,Rwanda,PMO - US,From RDC,N/A - From RDC,Air,10/19/2011,N/A - From RDC,09-Aug-12,17-Apr-12,17-Apr-12,ARV,Pediatric,SCMS from RDC,"Efavirenz 50mg, capsule, 30 Caps",Efavirenz,Generic,50mg,Capsule,30,"1,092",2446.08,2.24,0.07,"Aurobindo Unit III, India",TRUE,7,$805.58 ,4.04
"83,586",109-TZ-T30,FPQ-8303,SO-40501,DN-2632,Tanzania,PMO - US,From RDC,N/A - From RDC,Truck,8/22/2011,N/A - From RDC,31-May-12,16-May-12,16-May-12,ARV,Pediatric,SCMS from RDC,"Lamivudine/Nevirapine/Stavudine 30/50/6mg, dispersible tablets, 60 Tabs",Lamivudine/Nevirapine/Stavudine,Generic,30/50/6mg,Chewable/dispersible tablet - FDC,60,"15,855",39478.95,2.49,0.04,"Cipla, Goa, India",TRUE,1380,"$4,553.10 ",65.14
"86,411",114-UG-T30,FPQ-7162,SO-38803,DN-2344,Uganda,PMO - US,From RDC,N/A - From RDC,Truck,2/14/2011,N/A - From RDC,30-Sep-11,26-Sep-11,26-Sep-11,ARV,Adult,SCMS from RDC,"Efavirenz 600mg, tablets, 30 Tabs",Efavirenz,Generic,600mg,Tablet,30,"2,688",11343.36,4.22,0.14,"Strides, Bangalore, India.",FALSE,See DN-2344 (ID#:85789),null,18.72
"83,588",102-DO-T30,FPQ-9676,SO-41870,DN-2639,Dominican Republic,PMO - US,From RDC,N/A - From RDC,Air,04-09-12,N/A - From RDC,21-May-12,16-May-12,16-May-12,ARV,Adult,SCMS from RDC,"Abacavir 300mg, tablets, 60 Tabs",Abacavir,Generic,300mg,Tablet,60,"1,850",24327.50,13.15,0.22,Mylan (formerly Matrix) Nashik,TRUE,630,"$7,519.80 ",34.11
"83,589",102-LY-T30,FPQ-9665,SO-41890,DN-2640,Libya,PMO - US,From RDC,N/A - From RDC,Air,04-04-12,N/A - From RDC,06-Jun-12,08-May-12,08-May-12,ARV,Adult,SCMS from RDC,"Abacavir 300mg, tablets, 60 Tabs",Abacavir,Generic,300mg,Tablet,60,"4,250",55887.50,13.15,0.22,Mylan (formerly Matrix) Nashik,TRUE,437,"$3,062.18 ",78.35
"82,979",105-GY-T30,FPQ-8023,SO-40440,DN-2348,Guyana,PMO - US,From RDC,N/A - From RDC,Air,8/19/2011,N/A - From RDC,18-Oct-11,03-Oct-11,03-Oct-11,ARV,Adult,SCMS from RDC,"Abacavir 300mg, tablets, 60 Tabs",Abacavir,Generic,300mg,Tablet,60,89,1302.07,14.63,0.24,Mylan (formerly Matrix) Nashik,FALSE,See DN-2348 (ID#:82402),null,2.15
"84,109",105-GY-T30,FPQ-8023,SO-40440,DN-2348,Guyana,PMO - US,From RDC,N/A - From RDC,Air,8/19/2011,N/A - From RDC,18-Oct-11,03-Oct-11,03-Oct-11,ARV,Pediatric,SCMS from RDC,"Zidovudine 10mg/ml, oral solution w/syringe, Bottle, 240 ml",Zidovudine,Generic,10mg/ml,Oral solution,240,385,777.70,2.02,0.01,"Aurobindo Unit III, India",FALSE,See DN-2348 (ID#:82402),null,1.28
"83,592",114-UG-T30,FPQ-9875,SO-42070,DN-2676,Uganda,PMO - US,From RDC,N/A - From RDC,Truck,05-09-12,N/A - From RDC,04-Jul-12,08-Jun-12,08-Jun-12,ARV,Adult,SCMS from RDC,"Nevirapine 200mg, tablets, 60 Tabs",Nevirapine,Generic,200mg,Tablet,60,"8,333",20332.52,2.44,0.04,"Strides, Bangalore, India.",TRUE,479,"$4,358.72 ",28.51
"85,790",110-ZM-T30,FPQ-7085,SO-38733,DN-2357,Zambia,PMO - US,From RDC,N/A - From RDC,Truck,02-03-11,N/A - From RDC,31-Oct-11,26-Sep-11,26-Sep-11,ARV,Adult,SCMS from RDC,"Efavirenz 600mg, tablets, 30 Tabs",Efavirenz,Generic,600mg,Tablet,30,"49,142",212293.44,4.32,0.14,Hetero Unit III Hyderabad IN,FALSE,See DN-2357 (ID#:84112),null,350.28
"82,406",151-NG-T30,FPQ-7812,SO-39998,DN-2358,Nigeria,PMO - US,From RDC,N/A - From RDC,Air Charter,06-06-11,N/A - From RDC,03-Nov-11,28-Sep-11,28-Sep-11,ARV,Adult,SCMS from RDC,"Lamivudine/Zidovudine 150/300mg, tablets, 60 Tabs",Lamivudine/Zidovudine,Generic,150/300mg,Tablet - FDC,60,"61,567",508543.42,8.26,0.14,"Aurobindo Unit III, India",FALSE,See DN-2358 (ID#:82405),null,839.1
"83,594",104-CI-T30,FPQ-9261,SO-41470,DN-2699,Côte d'Ivoire,PMO - US,From RDC,N/A - From RDC,Air Charter,1/30/2012,N/A - From RDC,02-Jul-12,15-Jun-12,15-Jun-12,ARV,Adult,SCMS from RDC,"Abacavir/Lamivudine 600/300mg, scored tablets, 30 Tabs",Abacavir/Lamivudine,Generic,600/300mg,Tablet - FDC,30,"2,340",52650.00,22.5,0.75,Mylan (formerly Matrix) Nashik,TRUE,263,"$2,330.21 ",73.82
"83,595",151-NG-T30,FPQ-8952,SO-41258,DN-2707,Nigeria,PMO - US,From RDC,N/A - From RDC,Air Charter,12-08-11,N/A - From RDC,20-Jun-12,03-Jun-12,03-Jun-12,ARV,Adult,SCMS from RDC,"Emtricitabine/Tenofovir Disoproxil Fumarate 200/300mg, tablets, 30 Tabs",Emtricitabine/Tenofovir Disoproxil Fumarate,Generic,200/300mg,Tablet - FDC,30,"8,257",66386.28,8.04,0.27,"Aurobindo Unit III, India",TRUE,814,"$17,090 ",93.07
"83,596",104-CI-T30,FPQ-9063,SO-41350,DN-2713,Côte d'Ivoire,PMO - US,From RDC,N/A - From RDC,Truck,12/21/2011,N/A - From RDC,16-Jul-12,18-Jun-12,18-Jun-12,ARV,Adult,SCMS from RDC,"Tenofovir Disoproxil Fumarate 300mg, tablets, 30 Tabs",Tenofovir Disoproxil Fumarate,Generic,300mg,Tablet,30,"4,000",22000.00,5.5,0.18,"Aurobindo Unit III, India",TRUE,372,"$2,333.91 ",30.84
"83,597",104-CI-T30,FPQ-8790,SO-41182,DN-2716,Côte d'Ivoire,PMO - US,From RDC,N/A - From RDC,Air,11-11-11,N/A - From RDC,16-Jul-12,03-Jul-12,03-Jul-12,ARV,Adult,SCMS from RDC,"Abacavir/Lamivudine/Zidovudine 300/150/300mg, tablets, 60 Tabs",Abacavir/Lamivudine/Zidovudine,Generic,300/150/300mg,Tablet - FDC,60,"1,200",36000.00,30,0.5,Mylan (formerly Matrix) Nashik,TRUE,464,"$2,394.27 ",50.47
"83,598",111-MZ-T30,FPQ-9506,SO-41780,DN-2717,Mozambique,PMO - US,From RDC,N/A - From RDC,Truck,3/16/2012,N/A - From RDC,07-Aug-12,24-Jul-12,24-Jul-12,ARV,Adult,SCMS from RDC,"Lamivudine 150mg, tablets, 60 Tabs",Lamivudine,Generic,150mg,Tablet,60,"2,268",5284.44,2.33,0.04,"Strides, Bangalore, India.",TRUE,741,"$5,716.86 ",7.41
"83,599",114-UG-T30,FPQ-9876,SO-42310,DN-2719,Uganda,PMO - US,From RDC,N/A - From RDC,Air,5/15/2012,N/A - From RDC,11-Jul-12,29-Jun-12,29-Jun-12,ARV,Adult,SCMS from RDC,"Lopinavir/Ritonavir 200/50mg, tablets, 120 Tabs",Lopinavir/Ritonavir,Generic,200/50mg,Tablet,120,"4,001",118749.68,29.68,0.25,"Aurobindo Unit III, India",TRUE,972,"$17,102.56 ",166.49
"84,672",901-SZ-T30,FPQ-8360,SO-40580,DN-2359,Swaziland,PMO - US,From RDC,N/A - From RDC,Air,09-02-11,N/A - From RDC,30-Sep-11,06-Oct-11,06-Oct-11,ARV,Adult,SCMS from RDC,"Lopinavir/Ritonavir 200/50mg, tablets, 120 Tabs",Lopinavir/Ritonavir,Generic,200/50mg,Tablet,120,"5,410",181776.00,33.6,0.28,"Aurobindo Unit III, India",FALSE,See DN-2359 (ID#:84113),null,299.93
"83,601",110-ZM-T30,FPQ-9081,SO-41291,DN-2731,Zambia,PMO - US,From RDC,N/A - From RDC,Truck,12/22/2011,N/A - From RDC,30-Jul-12,30-Jul-12,30-Jul-12,ARV,Adult,SCMS from RDC,"Efavirenz/Emtricitabine/Tenofovir Disoproxil Fumarate 600/200/300mg, tablets, 30 Tabs",Efavirenz/Emtricitabine/Tenofovir Disoproxil Fumarate,Generic,600/200/300mg,Tablet - FDC,30,"190,000",2857600.00,15.04,0.5,Mylan (formerly Matrix) Nashik,TRUE,21534,"$13,914.56 ","4,006.36"
"83,602",107-RW-T30,FPQ-9888,SO-42101,DN-2736,Rwanda,PMO - US,From RDC,N/A - From RDC,Air,05-11-12,N/A - From RDC,03-Sep-12,12-Jul-12,12-Jul-12,ARV,Adult,SCMS from RDC,"Lamivudine/Tenofovir Disoproxil Fumarate 300/300mg, tablets, 30 Tabs",Lamivudine/Tenofovir Disoproxil Fumarate,Generic,300/300mg,Tablet - FDC,30,"35,000",193900.00,5.54,0.18,Mylan (formerly Matrix) Nashik,TRUE,2657,"$14,332 ",271.85
"83,603",111-MZ-T30,FPQ-9506,SO-41750,DN-2739,Mozambique,PMO - US,From RDC,N/A - From RDC,Truck,3/16/2012,N/A - From RDC,02-Oct-12,22-Aug-12,22-Aug-12,ARV,Adult,SCMS from RDC,"Zidovudine 300mg, tablets, 60 Tabs",Zidovudine,Generic,300mg,Tablet,60,"24,530",172200.60,7.02,0.12,Mylan (formerly Matrix) Nashik,TRUE,1380,"$6,483.81 ",241.43
"82,408",901-SZ-T30,FPQ-8360,SO-40590,DN-2360,Swaziland,PMO - US,From RDC,N/A - From RDC,Air,09-02-11,N/A - From RDC,30-Sep-11,15-Sep-11,15-Sep-11,ARV,Adult,SCMS from RDC,"Lamivudine/Nevirapine/Zidovudine 150/200/300mg, tablets, 60 Tabs",Lamivudine/Nevirapine/Zidovudine,Generic,150/300/200mg,Tablet - FDC,60,"10,900",122298.00,11.22,0.19,"Aurobindo Unit III, India",FALSE,See DN-2360 (ID#:82407),null,201.79
"83,605",107-RW-T30,FPQ-10118,SO-42690,DN-2759,Rwanda,PMO - US,From RDC,N/A - From RDC,Air,6/18/2012,N/A - From RDC,16-Aug-12,16-Aug-12,16-Aug-12,ARV,Adult,SCMS from RDC,"Tenofovir Disoproxil Fumarate 300mg, tablets, 30 Tabs",Tenofovir Disoproxil Fumarate,Generic,300mg,Tablet,30,720,3470.40,4.82,0.16,Mylan (formerly Matrix) Nashik,TRUE,49,"$1,110.19 ",4.87
"83,606",109-TZ-T30,FPQ-9271,SO-41580,DN-2761,Tanzania,PMO - US,From RDC,N/A - From RDC,Truck,1/31/2012,N/A - From RDC,31-Aug-12,22-Aug-12,22-Aug-12,ARV,Adult,SCMS from RDC,"Lopinavir/Ritonavir 200/50mg, tablets, 120 Tabs",Lopinavir/Ritonavir,Generic,200/50mg,Tablet,120,"25,024",733453.44,29.31,0.24,Mylan (formerly Matrix) Nashik,TRUE,30606,"$9,601.38 ","1,028.30"
"83,607",151-NG-T30,FPQ-9432,SO-42803,DN-2769,Nigeria,PMO - US,From RDC,N/A - From RDC,Air Charter,03-01-12,N/A - From RDC,02-Aug-12,24-Jul-12,24-Jul-12,ARV,Adult,SCMS from RDC,"Lamivudine/Tenofovir Disoproxil Fumarate 300/300mg, tablets, 30 Tabs",Lamivudine/Tenofovir Disoproxil Fumarate,Generic,300/300mg,Tablet - FDC,30,"1,161",6431.94,5.54,0.18,"Cipla, Kurkumbh, India",TRUE,2566,"$16,532.50 ",9.02
"83,608",151-NG-T30,FPQ-9432,SO-42806,DN-2773,Nigeria,PMO - US,From RDC,N/A - From RDC,Air Charter,03-01-12,N/A - From RDC,02-Aug-12,24-Jul-12,24-Jul-12,ARV,Adult,SCMS from RDC,"Nevirapine 200mg, tablets, 60 Tabs",Nevirapine,Generic,200mg,Tablet,60,"50,000",125500.00,2.51,0.04,Mylan (formerly Matrix) Nashik,TRUE,14810,"$16,532.50 ",175.95
"85,201",105-GY-T30,FPQ-8024,SO-40450,DN-2361,Guyana,PMO - US,From RDC,N/A - From RDC,Air,8/19/2011,N/A - From RDC,15-Dec-11,28-Sep-11,28-Sep-11,ARV,Pediatric,SCMS from RDC,"Nevirapine 10mg/ml, oral suspension w/syringe, Bottle, 240 ml",Nevirapine,Generic,10mg/ml,Oral suspension,240,659,1285.05,1.95,0.01,"Aurobindo Unit III, India",FALSE,See DN-2361 (ID#:84673),null,2.12
"83,610",107-RW-T30,FPQ-10119,SO-42730,DN-2783,Rwanda,PMO - US,From RDC,N/A - From RDC,Air,6/18/2012,N/A - From RDC,28-Sep-12,17-Aug-12,17-Aug-12,ARV,Adult,SCMS from RDC,"Lamivudine/Zidovudine 150/300mg, tablets, 60 Tabs",Lamivudine/Zidovudine,Generic,150/300mg,Tablet - FDC,60,"29,880",232466.40,7.78,0.13,"Aurobindo Unit III, India",TRUE,2699,"$16,152 ",325.92
"85,791",105-GY-T30,FPQ-8024,SO-40450,DN-2361,Guyana,PMO - US,From RDC,N/A - From RDC,Air,8/19/2011,N/A - From RDC,15-Dec-11,28-Sep-11,28-Sep-11,ARV,Pediatric,SCMS from RDC,"Efavirenz 200mg, capsule, 90 Caps",Efavirenz,Generic,200mg,Capsule,90,106,940.22,8.87,0.1,"Aurobindo Unit III, India",FALSE,See DN-2361 (ID#:84673),null,1.55
"83,612",107-RW-T30,FPQ-10119,SO-42701,DN-2801,Rwanda,PMO - US,From RDC,N/A - From RDC,Air,6/18/2012,N/A - From RDC,03-Oct-12,17-Aug-12,17-Aug-12,ARV,Adult,SCMS from RDC,"Lamivudine/Stavudine 150/30mg, tablets, 60 Tabs",Lamivudine/Stavudine,Generic,150/30mg,Tablet - FDC,60,"7,300",21535.00,2.95,0.05,"Strides, Bangalore, India.",TRUE,375,"$2,719.63 ",30.19
"83,613",113-ZW-T30,FPQ-8464,SO-40902,DN-2803,Zimbabwe,PMO - US,From RDC,N/A - From RDC,Truck,10-04-11,N/A - From RDC,11-Dec-12,04-Sep-12,04-Sep-12,ARV,Adult,SCMS from RDC,"Nevirapine 200mg, tablets, 60 Tabs",Nevirapine,Generic,200mg,Tablet,60,"58,074",140539.08,2.42,0.04,Hetero Unit III Hyderabad IN,TRUE,4687,"$8,832.53 ",231.89
"86,412",105-GY-T30,FPQ-8024,SO-40450,DN-2361,Guyana,PMO - US,From RDC,N/A - From RDC,Air,8/19/2011,N/A - From RDC,15-Dec-11,28-Sep-11,28-Sep-11,ARV,Pediatric,SCMS from RDC,"Efavirenz 50mg, capsule, 30 Caps",Efavirenz,Generic,50mg,Capsule,30,61,136.64,2.24,0.07,"Aurobindo Unit III, India",FALSE,See DN-2361 (ID#:84673),null,0.23
"83,615",107-RW-T30,FPQ-9888,SO-42170,DN-2807,Rwanda,PMO - US,From RDC,N/A - From RDC,Air,05-11-12,N/A - From RDC,31-Aug-12,21-Aug-12,21-Aug-12,ARV,Pediatric,SCMS from RDC,"Nevirapine 10mg/ml, oral suspension w/syringe, Bottle, 240 ml",Nevirapine,Generic,10mg/ml,Oral suspension,240,"33,792",65894.40,1.95,0.01,"Aurobindo Unit III, India",TRUE,12605,"$72,991.45 ",92.38
"83,616",104-CI-T30,FPQ-9261,SO-41490,DN-2809,Côte d'Ivoire,PMO - US,From RDC,N/A - From RDC,Truck,1/30/2012,N/A - From RDC,17-Sep-12,27-Aug-12,27-Aug-12,ARV,Adult,SCMS from RDC,"Lopinavir/Ritonavir 200/50mg, tablets, 120 Tabs",Lopinavir/Ritonavir,Generic,200/50mg,Tablet,120,"25,597",750248.07,29.31,0.24,Mylan (formerly Matrix) Nashik,TRUE,9790,"$20,786.04 ","1,051.85"
"86,413",105-GY-T30,FPQ-8024,SO-40450,DN-2361,Guyana,PMO - US,From RDC,N/A - From RDC,Air,8/19/2011,N/A - From RDC,15-Dec-11,28-Sep-11,28-Sep-11,ARV,Pediatric,SCMS from RDC,"Zidovudine 100mg, capsules, 100 Caps",Zidovudine,Generic,100mg,Capsule,100,423,2013.48,4.76,0.05,"Aurobindo Unit III, India",FALSE,See DN-2361 (ID#:84673),null,3.32
"85,792",100-ZW-T30,FPQ-7559,SO-39551,DN-2362,Zimbabwe,PMO - US,From RDC,N/A - From RDC,Truck,4/29/2011,N/A - From RDC,21-Oct-11,21-Oct-11,21-Oct-11,ARV,Pediatric,SCMS from RDC,"Lamivudine/Zidovudine 30/60mg, tablets, 60 Tabs",Lamivudine/Zidovudine,Generic,30/60mg,Tablet - FDC,60,"4,980",16185.00,3.25,0.05,Mylan (formerly Matrix) Nashik,FALSE,See DN-2362 (ID#:83533),null,26.71
"85,205",900-SZ-T30,FPQ-8417,SO-40690,DN-2388,Swaziland,PMO - US,From RDC,N/A - From RDC,Air,9/14/2011,N/A - From RDC,12-Dec-11,18-Oct-11,18-Oct-11,ARV,Adult,SCMS from RDC,"Nevirapine 200mg, tablets, 60 Tabs",Nevirapine,Generic,200mg,Tablet,60,"8,277",21354.66,2.58,0.04,Hetero Unit III Hyderabad IN,FALSE,See DN-2388 (ID#:83539),null,35.24
"83,620",103-ZW-T30,FPQ-9907,SO-42240,DN-2826,Zimbabwe,PMO - US,From RDC,N/A - From RDC,Truck,5/15/2012,N/A - From RDC,31-Aug-12,11-Sep-12,11-Sep-12,ARV,Pediatric,SCMS from RDC,"Abacavir 20mg/ml, oral solution w/syringe, Bottle, 240 ml",Abacavir,Generic,20mg/ml,Oral solution,240,100,1250.00,12.5,0.05,"Aurobindo Unit III, India",TRUE,37,$588.71 ,1.75
"83,621",110-ZM-T30,FPQ-9472,SO-41700,DN-2847,Zambia,PMO - US,From RDC,N/A - From RDC,Truck,03-08-12,N/A - From RDC,28-Sep-12,07-Sep-12,07-Sep-12,ARV,Adult,SCMS from RDC,"Efavirenz/Emtricitabine/Tenofovir Disoproxil Fumarate 600/200/300mg, tablets, 30 Tabs",Efavirenz/Emtricitabine/Tenofovir Disoproxil Fumarate,Generic,600/200/300mg,Tablet - FDC,30,"60,000",902400.00,15.04,0.5,Mylan (formerly Matrix) Nashik,TRUE,6801,"$7,317.47 ","1,265.16"
"83,622",106-HT-T30,FPQ-10378,SO-43020,DN-2854,Haiti,PMO - US,From RDC,N/A - From RDC,Air,8/13/2012,N/A - From RDC,28-Sep-12,11-Sep-12,11-Sep-12,ARV,Pediatric,SCMS from RDC,"Zidovudine 10mg/ml, oral solution w/syringe, Bottle, 240 ml",Zidovudine,Generic,10mg/ml,Oral solution,240,"4,000",8400.00,2.1,0.01,"Aurobindo Unit III, India",TRUE,1596,"$16,840.67 ",11.78
"83,623",900-SS-T30,FPQ-10514,SO-43050,DN-2857,South Sudan,PMO - US,From RDC,N/A - From RDC,Air,8/17/2012,N/A - From RDC,18-Oct-12,03-Oct-12,03-Oct-12,ARV,Pediatric,SCMS from RDC,"Nevirapine 10mg/ml, oral suspension w/syringe, Bottle, 240 ml",Nevirapine,Generic,10mg/ml,Oral suspension,240,"4,320",8424.00,1.95,0.01,"Aurobindo Unit III, India",TRUE,1624,"$15,446.40 ",11.81
"83,625",104-CI-T30,FPQ-9749,SO-42383,DN-2869,Côte d'Ivoire,PMO - US,From RDC,N/A - From RDC,Truck,4/19/2012,N/A - From RDC,30-Nov-12,05-Oct-12,05-Oct-12,ARV,Adult,SCMS from RDC,"Tenofovir Disoproxil Fumarate 300mg, tablets, 30 Tabs",Tenofovir Disoproxil Fumarate,Generic,300mg,Tablet,30,"2,832",13650.24,4.82,0.16,Mylan (formerly Matrix) Nashik,TRUE,159,"$1,984.83 ",19.14
"83,627",109-TZ-T30,FPQ-9774,SO-42660,DN-2874,Tanzania,PMO - US,From RDC,N/A - From RDC,Truck,05-02-12,N/A - From RDC,18-Oct-12,31-Oct-12,31-Oct-12,ARV,Adult,SCMS from RDC,"Efavirenz/Emtricitabine/Tenofovir Disoproxil Fumarate 600/200/300mg, tablets, 30 Tabs",Efavirenz/Emtricitabine/Tenofovir Disoproxil Fumarate,Generic,600/200/300mg,Tablet - FDC,30,"152,880",2198414.40,14.38,0.48,Mylan (formerly Matrix) Nashik,TRUE,17227,"$7,134.39 ","3,082.18"
"83,628",114-UG-T30,FPQ-9875,SO-42061,DN-2875,Uganda,PMO - US,From RDC,N/A - From RDC,Air,05-09-12,N/A - From RDC,17-Oct-12,11-Oct-12,11-Oct-12,ARV,Adult,SCMS from RDC,"Efavirenz 600mg, tablets, 30 Tabs",Efavirenz,Generic,600mg,Tablet,30,"33,373",121477.72,3.64,0.12,"Aurobindo Unit III, India",TRUE,2870,"$14,974.60 ",170.31
"82,985",111-MZ-T30,FPQ-7053,SO-38642,DN-2392,Mozambique,PMO - US,From RDC,N/A - From RDC,Truck,1/24/2011,N/A - From RDC,14-Dec-11,14-Dec-11,14-Dec-11,ARV,Pediatric,SCMS from RDC,"Nevirapine 10mg/ml, oral suspension, Bottle, 240 ml",Nevirapine,Generic,10mg/ml,Oral suspension,240,"2,047",3684.60,1.8,0.01,"Aurobindo Unit III, India",FALSE,See DN-2392 (ID#:82413),null,6.08
"83,630",109-TZ-T30,FPQ-9774,SO-42650,DN-2883,Tanzania,PMO - US,From RDC,N/A - From RDC,Truck,05-02-12,N/A - From RDC,30-Nov-12,31-Oct-12,31-Oct-12,ARV,Adult,SCMS from RDC,"Lopinavir/Ritonavir 200/50mg, tablets, 120 Tabs",Lopinavir/Ritonavir,Generic,200/50mg,Tablet,120,"22,920",611964.00,26.7,0.22,Mylan (formerly Matrix) Nashik,TRUE,12181,"$7,134.39 ",857.97
"83,631",109-TZ-T30,FPQ-9303,SO-41551,DN-2889,Tanzania,PMO - US,From RDC,N/A - From RDC,Truck,2/15/2012,N/A - From RDC,30-Nov-12,06-Nov-12,06-Nov-12,ARV,Pediatric,SCMS from RDC,"Lamivudine/Nevirapine/Stavudine 60/100/12mg, dispersible tablets, 60 Tabs",Lamivudine/Nevirapine/Stavudine,Generic,60/100/12mg,Chewable/dispersible tablet - FDC,60,844,3629.20,4.3,0.07,"Cipla, Goa, India",TRUE,466,"$1,696 ",5.09
"83,632",151-NG-T30,FPQ-9968,SO-42682,DN-2901,Nigeria,PMO - US,From RDC,N/A - From RDC,Air,5/23/2012,N/A - From RDC,06-Nov-12,06-Nov-12,06-Nov-12,ARV,Adult,SCMS from RDC,"Lamivudine/Tenofovir Disoproxil Fumarate 300/300mg, tablets, 30 Tabs",Lamivudine/Tenofovir Disoproxil Fumarate,Generic,300/300mg,Tablet - FDC,30,"41,514",222515.04,5.36,0.18,"Cipla, Kurkumbh, India",TRUE,4052,"$15,459.09 ",311.97
"83,633",151-NG-T30,FPQ-9968,SO-42684,DN-2903,Nigeria,PMO - US,From RDC,N/A - From RDC,Air,5/23/2012,N/A - From RDC,06-Nov-12,06-Nov-12,06-Nov-12,ARV,Adult,SCMS from RDC,"Efavirenz/Lamivudine/Tenofovir Disoproxil Fumarate 600/300/300mg, tablets, 30 Tabs",Efavirenz/Lamivudine/Tenofovir Disoproxil Fumarate,Generic,600/300/300mg,Tablet - FDC,30,"31,560",418801.20,13.27,0.44,Mylan (formerly Matrix) Nashik,TRUE,3856,"$15,459.09 ",587.16
"83,634",151-NG-T30,FPQ-9968,SO-42689,DN-2908,Nigeria,PMO - US,From RDC,N/A - From RDC,Air,5/23/2012,N/A - From RDC,06-Nov-12,06-Nov-12,06-Nov-12,ARV,Adult,SCMS from RDC,"Abacavir 300mg, tablets, 60 Tabs",Abacavir,Generic,300mg,Tablet,60,"11,837",153407.52,12.96,0.22,Mylan (formerly Matrix) Nashik,TRUE,1319,"$15,459.09 ",215.08
"83,544",151-NG-T30,FPQ-7812,SO-40723,DN-2395,Nigeria,PMO - US,From RDC,N/A - From RDC,Air Charter,06-06-11,N/A - From RDC,05-Dec-11,13-Oct-11,13-Oct-11,ARV,Adult,SCMS from RDC,"Lamivudine/Nevirapine/Zidovudine 150/200/300mg, tablets, 60 Tabs",Lamivudine/Nevirapine/Zidovudine,Generic,150/300/200mg,Tablet - FDC,60,"94,848",1064194.56,11.22,0.19,Mylan (formerly Matrix) Nashik,FALSE,See DN-2395 (ID#:82415),null,"1,755.92"
"83,636",114-UG-T30,FPQ-10780,SO-43480,DN-2927,Uganda,PMO - US,From RDC,N/A - From RDC,Air,10-10-12,N/A - From RDC,03-Jan-13,28-Nov-12,28-Nov-12,ARV,Adult,SCMS from RDC,"Efavirenz 600mg, tablets, 30 Tabs",Efavirenz,Generic,600mg,Tablet,30,"4,938",17974.32,3.64,0.12,"Aurobindo Unit III, India",TRUE,430,"$2,154 ",25.2
"83,637",111-MZ-T30,FPQ-10210,SO-42850,DN-2928,Mozambique,PMO - US,From RDC,N/A - From RDC,Truck,6/28/2012,N/A - From RDC,11-Jan-13,11-Jan-13,11-Jan-13,ARV,Adult,SCMS from RDC,"Nevirapine 200mg, tablets, 60 Tabs",Nevirapine,Generic,200mg,Tablet,60,"1,890",4573.80,2.42,0.04,"Aurobindo Unit III, India",TRUE,4145,"$7,433.02 ",6.41
"83,638",106-HT-T30,FPQ-10883,SO-43610,DN-2933,Haiti,PMO - US,From RDC,N/A - From RDC,Air,10/30/2012,N/A - From RDC,03-Dec-12,16-Nov-12,16-Nov-12,ARV,Adult,SCMS from RDC,"Efavirenz 600mg, tablets, 30 Tabs",Efavirenz,Generic,600mg,Tablet,30,"19,656",71547.84,3.64,0.12,"Aurobindo Unit III, India",TRUE,1679,"$18,028.41 ",88.5
"84,119",110-ZM-T30,FPQ-7085,SO-38743,DN-2396,Zambia,PMO - US,From RDC,N/A - From RDC,Truck,02-03-11,N/A - From RDC,10-Dec-11,09-Dec-11,09-Dec-11,ARV,Adult,SCMS from RDC,"Nevirapine 200mg, tablets, 60 Tabs",Nevirapine,Generic,200mg,Tablet,60,108,271.08,2.51,0.04,Hetero Unit III Hyderabad IN,FALSE,See DN-2396 (ID#:84117),null,0.45
"83,640",151-NG-T30,FPQ-9968,SO-43432,DN-2943,Nigeria,PMO - US,From RDC,N/A - From RDC,Air,5/23/2012,N/A - From RDC,04-Dec-12,04-Dec-12,04-Dec-12,ARV,Adult,SCMS from RDC,"Lamivudine/Zidovudine 150/300mg, tablets, 60 Tabs",Lamivudine/Zidovudine,Generic,150/300mg,Tablet - FDC,60,"187,168",1444936.96,7.72,0.13,"Aurobindo Unit III, India",TRUE,18234,"$51,090 ","2,025.80"
"83,641",104-CI-T30,FPQ-9749,SO-42390,DN-2935,Côte d'Ivoire,PMO - US,From RDC,N/A - From RDC,Truck,4/19/2012,N/A - From RDC,14-Dec-12,30-Nov-12,30-Nov-12,ARV,Adult,SCMS from RDC,"Lamivudine/Zidovudine 150/300mg, tablets, 60 Tabs",Lamivudine/Zidovudine,Generic,150/300mg,Tablet - FDC,60,"90,000",694800.00,7.72,0.13,Mylan (formerly Matrix) Nashik,TRUE,10611,"$38,492.46 ",974.11
"83,642",151-NG-T30,FPQ-9968,SO-42680,DN-2947,Nigeria,PMO - US,From RDC,N/A - From RDC,Air,5/23/2012,N/A - From RDC,04-Dec-12,04-Dec-12,04-Dec-12,ARV,Adult,SCMS from RDC,"Lamivudine/Nevirapine/Zidovudine 150/200/300mg, tablets, 60 Tabs",Lamivudine/Nevirapine/Zidovudine,Generic,150/300/200mg,Tablet - FDC,60,"204,417",1966491.54,9.62,0.16,Hetero Unit III Hyderabad IN,TRUE,50634,"$51,090 ","2,757.02"
"83,644",104-CI-T30,FPQ-9749,SO-42370,DN-2970,Côte d'Ivoire,PMO - US,From RDC,N/A - From RDC,Truck,4/19/2012,N/A - From RDC,31-Jan-13,25-Jan-12,25-Jan-13,ARV,Adult,SCMS from RDC,"Lamivudine/Nevirapine/Zidovudine 150/200/300mg, tablets, 60 Tabs",Lamivudine/Nevirapine/Zidovudine,Generic,150/300/200mg,Tablet - FDC,60,"9,577",92130.74,9.62,0.16,"Aurobindo Unit III, India",TRUE,6889,"$24,138.35 ",129.17
"11,420",104-CI-T01,Pre-PQ Process,SO-522,DN-240,Côte d'Ivoire,PMO - US,From RDC,N/A - From RDC,,Pre-PQ Process,N/A - From RDC,16-Jul-07,16-Jul-07,16-Jul-07,ARV,Adult,SCMS from RDC,"Saquinavir 200mg [Invirase], capsules, 270 Caps",Saquinavir,Invirase,200mg,Capsule,270,575,45218.00,78.64,0.29,Roche Basel,FALSE,See DN-240 (ID#:10847),null,72.35
"83,646",103-AO-T30,FPQ-11071,SO-43980,DN-2980,Angola,PMO - US,From RDC,N/A - From RDC,Air,12-07-12,N/A - From RDC,20-May-13,20-May-13,20-May-13,ARV,Pediatric,SCMS from RDC,"Abacavir 20mg/ml, oral solution w/syringe, Bottle, 240 ml",Abacavir,Generic,20mg/ml,Oral solution,240,480,6000.00,12.5,0.05,"Aurobindo Unit III, India",TRUE,173,"$2,322.47 ",7.42
"85,799",104-CI-T30,FPQ-8295,SO-40770,DN-2405,Côte d'Ivoire,PMO - US,From RDC,N/A - From RDC,Truck,8/25/2011,N/A - From RDC,11-Nov-11,31-Oct-11,31-Oct-11,ARV,Adult,SCMS from RDC,"Abacavir/Lamivudine 600/300mg, scored tablets, 30 Tabs",Abacavir/Lamivudine,Generic,600/300mg,Tablet - FDC,30,"2,790",62775.00,22.5,0.75,Mylan (formerly Matrix) Nashik,FALSE,See DN-2405 (ID#:84118),null,103.58
"83,648",151-NG-T30,FPQ-10477,SO-43043,DN-2995,Nigeria,PMO - US,From RDC,N/A - From RDC,Air Charter,08-09-12,N/A - From RDC,11-Feb-13,11-Feb-13,11-Feb-13,ARV,Adult,SCMS from RDC,"Efavirenz/Emtricitabine/Tenofovir Disoproxil Fumarate 600/200/300mg, tablets, 30 Tabs",Efavirenz/Emtricitabine/Tenofovir Disoproxil Fumarate,Generic,600/200/300mg,Tablet - FDC,30,"98,791",1352448.79,13.69,0.46,Mylan (formerly Matrix) Nashik,TRUE,12135,"$29,780.50 ","1,896.13"
"83,649",151-NG-T30,FPQ-10477,SO-43046,DN-2998,Nigeria,PMO - US,From RDC,N/A - From RDC,Air Charter,08-09-12,N/A - From RDC,11-Feb-13,11-Feb-13,11-Feb-13,ARV,Adult,SCMS from RDC,"Tenofovir Disoproxil Fumarate 300mg, tablets, 30 Tabs",Tenofovir Disoproxil Fumarate,Generic,300mg,Tablet,30,"7,395",29875.80,4.04,0.13,Mylan (formerly Matrix) Nashik,TRUE,779,"$29,780.50 ",41.89
"83,650",114-UG-T30,FPQ-11143,SO-43921,DN-2999,Uganda,PMO - US,From RDC,N/A - From RDC,Air,12/13/2012,N/A - From RDC,22-Feb-13,28-Feb-13,28-Feb-13,ARV,Adult,SCMS from RDC,"Lamivudine/Nevirapine/Zidovudine 150/200/300mg, tablets, 60 Tabs",Lamivudine/Nevirapine/Zidovudine,Generic,150/300/200mg,Tablet - FDC,60,"39,792",356934.24,8.97,0.15,"Aurobindo Unit III, India",TRUE,4658,"$41,595.50 ",441.53
"83,651",114-UG-T30,FPQ-11143,SO-43961,DN-3001,Uganda,PMO - US,From RDC,N/A - From RDC,Air,12/13/2012,N/A - From RDC,22-Feb-13,20-Feb-13,20-Feb-13,ARV,Adult,SCMS from RDC,"Efavirenz 600mg, tablets, 30 Tabs",Efavirenz,Generic,600mg,Tablet,30,"24,966",88878.96,3.56,0.12,"Strides, Bangalore, India.",TRUE,5391,"$28,382.05 ",109.94
"83,652",113-ZW-T30,FPQ-11514,SO-44330,DN-3007,Zimbabwe,PMO - US,From RDC,N/A - From RDC,Truck,1/23/2013,N/A - From RDC,21-Feb-13,04-Feb-13,04-Feb-13,ARV,Pediatric,SCMS from RDC,"Nevirapine 10mg/ml, oral suspension w/syringe, Bottle, 240 ml",Nevirapine,Generic,10mg/ml,Oral suspension,240,"62,500",121875.00,1.95,0.01,"Aurobindo Unit III, India",TRUE,23176,"$17,308.69 ",150.76
"83,653",104-CI-T30,FPQ-9749,SO-42374,DN-3010,Côte d'Ivoire,PMO - US,From RDC,N/A - From RDC,Truck,4/19/2012,N/A - From RDC,28-Feb-13,26-Feb-13,26-Feb-13,ARV,Adult,SCMS from RDC,"Efavirenz/Lamivudine/Tenofovir Disoproxil Fumarate 600/300/300mg, tablets, 30 Tabs",Efavirenz/Lamivudine/Tenofovir Disoproxil Fumarate,Generic,600/300/300mg,Tablet - FDC,30,"14,406",174456.66,12.11,0.4,Mylan (formerly Matrix) Nashik,TRUE,1639,"$7,690.06 ",244.59
"85,802",113-ZW-T30,FPQ-7052,SO-38513,DN-2410,Zimbabwe,PMO - US,From RDC,N/A - From RDC,Truck,1/19/2011,N/A - From RDC,14-Nov-11,21-Nov-11,21-Nov-11,ARV,Adult,SCMS from RDC,"Lamivudine/Stavudine 150/30mg, tablets, 60 Tabs",Lamivudine/Stavudine,Generic,150/30mg,Tablet - FDC,60,"4,593",13549.35,2.95,0.05,"Strides, Bangalore, India.",FALSE,See DN-2410 (ID#:84678),null,22.36
"83,655",106-HT-T30,FPQ-11281,SO-44410,DN-3014,Haiti,PMO - US,From RDC,N/A - From RDC,Air,1/16/2013,N/A - From RDC,09-Apr-13,03-Jan-13,03-Jan-13,ARV,Pediatric,SCMS from RDC,"Lamivudine/Stavudine 30/6mg, dispersible tablets, 60 Tabs",Lamivudine/Stavudine,Generic,30/6mg,Chewable/dispersible tablet - FDC,60,888,1687.20,1.9,0.03,"Cipla, Goa, India",TRUE,119,"$1,896.49 ",2.09
"83,656",106-HT-T30,FPQ-11281,SO-44420,DN-3016,Haiti,PMO - US,From RDC,N/A - From RDC,Air,1/16/2013,N/A - From RDC,23-Apr-13,14-Mar-13,14-Mar-13,ARV,Adult,SCMS from RDC,"Efavirenz/Lamivudine/Tenofovir Disoproxil Fumarate 600/300/300mg, tablets, 30 Tabs",Efavirenz/Lamivudine/Tenofovir Disoproxil Fumarate,Generic,600/300/300mg,Tablet - FDC,30,"15,890",192427.90,12.11,0.4,Mylan (formerly Matrix) Nashik,TRUE,1807,"$30,844.10 ",238.03
"12,670",104-CI-T01,Pre-PQ Process,SO-774,DN-242,Côte d'Ivoire,PMO - US,From RDC,N/A - From RDC,Air,Pre-PQ Process,N/A - From RDC,21-Aug-07,21-Aug-07,21-Aug-07,ARV,Adult,SCMS from RDC,"Abacavir 300mg, tablets, 60 Tabs",Abacavir,Generic,300mg,Tablet,60,"3,200",114560.00,35.8,0.6,"Aurobindo Unit III, India",FALSE,See DN-242 (ID#:12077),null,183.3
"83,658",113-ZW-T30,FPQ-10895,SO-43580,DN-3033,Zimbabwe,PMO - US,From RDC,N/A - From RDC,Truck,10/25/2012,N/A - From RDC,31-Mar-13,14-Mar-13,14-Mar-13,ARV,Adult,SCMS from RDC,"Efavirenz 600mg, tablets, 30 Tabs",Efavirenz,Generic,600mg,Tablet,30,"4,800",15984.00,3.33,0.11,"Hetero, Jadcherla, unit 5, IN",TRUE,3082,"$9,405.80 ",19.77
"83,659",114-UG-T30,FPQ-11143,SO-43920,DN-3035,Uganda,PMO - US,From RDC,N/A - From RDC,Air,12/13/2012,N/A - From RDC,15-Mar-13,01-Mar-13,01-Mar-13,ARV,Adult,SCMS from RDC,"Abacavir/Lamivudine 600/300mg, scored tablets, 30 Tabs",Abacavir/Lamivudine,Generic,600/300mg,Tablet - FDC,30,"5,009",69925.64,13.96,0.47,Mylan (formerly Matrix) Nashik,TRUE,467,"$6,637.16 ",86.5
"84,682",104-CI-T30,FPQ-8295,SO-40750,DN-2420,Côte d'Ivoire,PMO - US,From RDC,N/A - From RDC,Truck,8/25/2011,N/A - From RDC,09-Dec-11,19-Nov-11,19-Nov-11,ARV,Adult,SCMS from RDC,"Tenofovir Disoproxil Fumarate 300mg, tablets, 30 Tabs",Tenofovir Disoproxil Fumarate,Generic,300mg,Tablet,30,"3,040",19516.80,6.42,0.21,Mylan (formerly Matrix) Nashik,FALSE,See DN-2420 (ID#:82989),null,32.2
"85,803",104-CI-T30,FPQ-8295,SO-40750,DN-2420,Côte d'Ivoire,PMO - US,From RDC,N/A - From RDC,Truck,8/25/2011,N/A - From RDC,09-Dec-11,19-Nov-11,19-Nov-11,ARV,Adult,SCMS from RDC,"Emtricitabine/Tenofovir Disoproxil Fumarate 200/300mg, tablets, 30 Tabs",Emtricitabine/Tenofovir Disoproxil Fumarate,Generic,200/300mg,Tablet - FDC,30,"14,480",129885.60,8.97,0.3,"Aurobindo Unit III, India",FALSE,See DN-2420 (ID#:82989),null,214.31
"85,211",110-ZM-T30,FPQ-7767,SO-40272,DN-2434,Zambia,PMO - US,From RDC,N/A - From RDC,Truck,7/26/2011,N/A - From RDC,28-Feb-12,28-Nov-11,28-Nov-11,ARV,Adult,SCMS from RDC,"Zidovudine 300mg, tablets, 60 Tabs",Zidovudine,Generic,300mg,Tablet,60,"5,111",35879.22,7.02,0.12,Hetero Unit III Hyderabad IN,FALSE,See DN-2434 (ID#:84684),null,59.2
"83,663",114-UG-T30,FPQ-11143,SO-43960,DN-3042,Uganda,PMO - US,From RDC,N/A - From RDC,Air,12/13/2012,N/A - From RDC,09-Mar-13,07-Mar-13,07-Mar-13,ARV,Adult,SCMS from RDC,"Efavirenz/Lamivudine/Tenofovir Disoproxil Fumarate 600/300/300mg, tablets, 30 Tabs",Efavirenz/Lamivudine/Tenofovir Disoproxil Fumarate,Generic,600/300/300mg,Tablet - FDC,30,"5,277",63904.47,12.11,0.4,Mylan (formerly Matrix) Nashik,TRUE,1366,"$8,507.01 ",79.05
"83,664",103-ZW-T30,FPQ-11478,SO-44280,DN-3050,Zimbabwe,PMO - US,From RDC,N/A - From RDC,Truck,1/16/2013,N/A - From RDC,30-Apr-13,23-Mar-13,23-Mar-13,ARV,Pediatric,SCMS from RDC,"Abacavir/Lamivudine 60/30mg, tablets, 60 Tabs",Abacavir/Lamivudine,Generic,60/30mg,Tablet - FDC,60,"2,599",11955.40,4.6,0.08,"Aurobindo Unit III, India",TRUE,120,"$1,800 ",14.79
"83,665",105-GY-T30,FPQ-11547,SO-44540,DN-3058,Guyana,PMO - US,From RDC,N/A - From RDC,Air,1/28/2013,N/A - From RDC,03-Apr-13,15-Mar-13,15-Mar-13,ARV,Pediatric,SCMS from RDC,"Lamivudine 10mg/ml, oral solution w/syringe, Bottle, 240 ml",Lamivudine,Generic,10mg/ml,Oral solution,240,238,440.30,1.85,0.01,"Aurobindo Unit III, India",TRUE,76,"$2,180 ",0.54
"84,685",114-UG-T30,FPQ-8520,SO-40911,DN-2435,Uganda,PMO - US,From RDC,N/A - From RDC,Truck,10-05-11,N/A - From RDC,09-Jan-12,01-Dec-11,01-Dec-11,ARV,Adult,SCMS from RDC,"Lamivudine/Zidovudine 150/300mg, tablets, 60 Tabs",Lamivudine/Zidovudine,Generic,150/300mg,Tablet - FDC,60,"1,529",12629.54,8.26,0.14,"Aurobindo Unit III, India",FALSE,See DN-2435 (ID#:84121),null,20.84
"83,667",104-CI-T30,FPQ-9749,SO-42411,DN-3073,Côte d'Ivoire,PMO - US,From RDC,N/A - From RDC,Truck,4/19/2012,N/A - From RDC,31-May-13,29-Apr-13,29-Apr-13,ARV,Pediatric,SCMS from RDC,"Lamivudine/Nevirapine/Zidovudine 30/50/60mg, dispersible tablets, 60 Tabs",Lamivudine/Nevirapine/Zidovudine,Generic,30/50/60mg,Chewable/dispersible tablet - FDC,60,"5,701",23659.15,4.15,0.07,Mylan (formerly Matrix) Nashik,TRUE,335,"$2,527.41 ",33.17
"83,668",111-MZ-T30,FPQ-11033,SO-43771,DN-3078,Mozambique,PMO - US,From RDC,N/A - From RDC,Truck,11-12-12,N/A - From RDC,01-Jul-13,16-Apr-13,16-Apr-13,ARV,Adult,SCMS from RDC,"Lamivudine 150mg, tablets, 60 Tabs",Lamivudine,Generic,150mg,Tablet,60,"2,890",5751.10,1.99,0.03,Hetero Unit III Hyderabad IN,TRUE,168,"$4,120.69 ",7.11
"83,670",106-HT-T30,FPQ-11281,SO-44421,DN-3091,Haiti,PMO - US,From RDC,N/A - From RDC,Air,1/16/2013,N/A - From RDC,23-Apr-13,02-Apr-13,02-Apr-13,ARV,Adult,SCMS from RDC,"Efavirenz/Lamivudine/Tenofovir Disoproxil Fumarate 600/300/300mg, tablets, 30 Tabs",Efavirenz/Lamivudine/Tenofovir Disoproxil Fumarate,Generic,600/300/300mg,Tablet - FDC,30,"22,000",266420.00,12.11,0.4,Mylan (formerly Matrix) Nashik,TRUE,2435,"$25,984.75 ",329.56
"83,671",102-BI-T30,FPQ-11661,SO-44640,DN-3096,Burundi,PMO - US,From RDC,N/A - From RDC,Air,2/20/2013,N/A - From RDC,02-May-13,10-May-13,10-May-13,ARV,Pediatric,SCMS from RDC,"Zidovudine 10mg/ml, oral solution w/syringe, Bottle, 240 ml",Zidovudine,Generic,10mg/ml,Oral solution,240,574,1205.40,2.1,0.01,"Aurobindo Unit III, India",TRUE,422,"$5,384.96 ",1.49
"83,672",109-TZ-T30,FPQ-11393,SO-44381,DN-3101,Tanzania,PMO - US,From RDC,N/A - From RDC,Truck,12/30/2012,N/A - From RDC,31-May-13,14-May-13,14-May-13,ARV,Adult,SCMS from RDC,"Lopinavir/Ritonavir 200/50mg, tablets, 120 Tabs",Lopinavir/Ritonavir,Generic,200/50mg,Tablet,120,"12,837",317844.12,24.76,0.21,"Aurobindo Unit III, India",TRUE,4613,"$3,592.80 ",393.17
"83,673",109-TZ-T30,FPQ-10545,SO-43130,DN-3103,Tanzania,PMO - US,From RDC,N/A - From RDC,Truck,8/24/2012,N/A - From RDC,31-May-13,22-Apr-13,22-Apr-13,ARV,Adult,SCMS from RDC,"Emtricitabine/Tenofovir Disoproxil Fumarate 200/300mg, tablets, 30 Tabs",Emtricitabine/Tenofovir Disoproxil Fumarate,Generic,200/300mg,Tablet - FDC,30,"24,042",145934.94,6.07,0.2,Mylan (formerly Matrix) Nashik,TRUE,2006,"$3,300.95 ",204.6
"83,674",114-UG-T30,FPQ-11143,SO-43951,DN-3119,Uganda,PMO - US,From RDC,N/A - From RDC,Truck,12/13/2012,N/A - From RDC,08-May-13,09-May-13,09-May-13,ARV,Adult,SCMS from RDC,"Lamivudine/Nevirapine/Zidovudine 150/200/300mg, tablets, 60 Tabs",Lamivudine/Nevirapine/Zidovudine,Generic,150/300/200mg,Tablet - FDC,60,"15,795",135521.10,8.58,0.14,Hetero Unit III Hyderabad IN,TRUE,2234,"$6,582.95 ",167.64
"83,675",114-UG-T30,FPQ-11143,SO-43962,DN-3123,Uganda,PMO - US,From RDC,N/A - From RDC,Air,12/13/2012,N/A - From RDC,30-Apr-13,09-May-13,09-May-13,ARV,Adult,SCMS from RDC,"Efavirenz/Lamivudine/Tenofovir Disoproxil Fumarate 600/300/300mg, tablets, 30 Tabs",Efavirenz/Lamivudine/Tenofovir Disoproxil Fumarate,Generic,600/300/300mg,Tablet - FDC,30,"52,127",548376.04,10.52,0.35,Hetero Unit III Hyderabad IN,TRUE,6874,"$16,177.09 ",678.34
"83,676",114-UG-T30,FPQ-11143,SO-43942,DN-3124,Uganda,PMO - US,From RDC,N/A - From RDC,Air,12/13/2012,N/A - From RDC,30-Apr-13,09-May-13,09-May-13,ARV,Adult,SCMS from RDC,"Efavirenz/Lamivudine/Tenofovir Disoproxil Fumarate 600/300/300mg, tablets, 30 Tabs",Efavirenz/Lamivudine/Tenofovir Disoproxil Fumarate,Generic,600/300/300mg,Tablet - FDC,30,"17,310",182101.20,10.52,0.35,Hetero Unit III Hyderabad IN,TRUE,2291,"$10,542.15 ",225.26
"83,677",114-UG-T30,FPQ-10946,SO-43650,DN-3121,Uganda,PMO - US,From RDC,N/A - From RDC,Air,11-01-12,N/A - From RDC,09-Aug-13,09-Aug-13,09-Aug-13,ARV,Adult,SCMS from RDC,"Lamivudine/Tenofovir Disoproxil Fumarate 300/300mg, tablets, 30 Tabs",Lamivudine/Tenofovir Disoproxil Fumarate,Generic,300/300mg,Tablet - FDC,30,"30,685",144219.50,4.7,0.16,Hetero Unit III Hyderabad IN,TRUE,5426,"$6,506.75 ",178.4
"86,423",114-UG-T30,FPQ-8520,SO-40911,DN-2435,Uganda,PMO - US,From RDC,N/A - From RDC,Truck,10-05-11,N/A - From RDC,09-Jan-12,01-Dec-11,01-Dec-11,ARV,Adult,SCMS from RDC,"Lamivudine/Nevirapine/Zidovudine 150/200/300mg, tablets, 60 Tabs",Lamivudine/Nevirapine/Zidovudine,Generic,150/300/200mg,Tablet - FDC,60,"35,000",385000.00,11,0.18,Mylan (formerly Matrix) Nashik,FALSE,See DN-2435 (ID#:84121),null,635.25
"86,424",114-UG-T30,FPQ-8520,SO-40911,DN-2435,Uganda,PMO - US,From RDC,N/A - From RDC,Truck,10-05-11,N/A - From RDC,09-Jan-12,01-Dec-11,01-Dec-11,ARV,Adult,SCMS from RDC,"Nevirapine 200mg, tablets, 60 Tabs",Nevirapine,Generic,200mg,Tablet,60,"4,466",11522.28,2.58,0.04,"Strides, Bangalore, India.",FALSE,See DN-2435 (ID#:84121),null,19.01
"85,213",107-RW-T30,FPQ-8204,SO-41040,DN-2439,Rwanda,PMO - US,From RDC,N/A - From RDC,Air,08-12-11,N/A - From RDC,05-Dec-11,02-Dec-11,02-Dec-11,ARV,Adult,SCMS from RDC,"Zidovudine 300mg, tablets, 60 Tabs",Zidovudine,Generic,300mg,Tablet,60,90,631.80,7.02,0.12,Hetero Unit III Hyderabad IN,FALSE,See DN-2439 (ID#:82991),null,1.04
"83,681",113-ZW-T30,FPQ-11002,SO-43720,DN-3132,Zimbabwe,PMO - US,From RDC,N/A - From RDC,Truck,11/16/2012,N/A - From RDC,30-May-13,29-Apr-13,29-Apr-13,ARV,Adult,SCMS from RDC,"Lamivudine/Tenofovir Disoproxil Fumarate 300/300mg, tablets, 30 Tabs",Lamivudine/Tenofovir Disoproxil Fumarate,Generic,300/300mg,Tablet - FDC,30,"90,986",427634.20,4.7,0.16,"Aurobindo Unit VII, IN",TRUE,22001,"$21,173.75 ",528.98
"83,682",111-MZ-T30,FPQ-11033,SO-43791,DN-3112,Mozambique,PMO - US,From RDC,N/A - From RDC,Truck,11-12-12,N/A - From RDC,14-Jul-13,26-Jul-13,26-Jul-13,ARV,Pediatric,SCMS from RDC,"Zidovudine 10mg/ml, oral solution w/syringe, Bottle, 240 ml",Zidovudine,Generic,10mg/ml,Oral solution,240,"18,597",39053.70,2.1,0.01,"Aurobindo Unit III, India",TRUE,7141,"$5,496.08 ",48.31
"83,683",151-NG-T30,FPQ-11771,SO-44751,DN-3144,Nigeria,PMO - US,From RDC,N/A - From RDC,Air Charter,2/28/2013,N/A - From RDC,21-Aug-13,03-May-13,03-May-13,ARV,Adult,SCMS from RDC,"Abacavir/Lamivudine 600/300mg, scored tablets, 30 Tabs",Abacavir/Lamivudine,Generic,600/300mg,Tablet - FDC,30,"3,820",55657.40,14.57,0.49,"Aurobindo Unit III, India",TRUE,3917,"$14,547.55 ",68.85
"83,684",107-RW-T30,FPQ-11807,SO-44761,DN-3160,Rwanda,PMO - US,From RDC,N/A - From RDC,Air,03-06-13,N/A - From RDC,28-Jun-13,27-May-13,27-May-13,ARV,Pediatric,SCMS from RDC,"Zidovudine 10mg/ml, oral solution w/syringe, Bottle, 240 ml",Zidovudine,Generic,10mg/ml,Oral solution,240,"1,500",3150.00,2.1,0.01,"Aurobindo Unit III, India",TRUE,575,"$4,095.24 ",3.9
"83,685",151-NG-T30,FPQ-11022,SO-43849,DN-3171,Nigeria,PMO - US,From RDC,N/A - From RDC,Air Charter,11/15/2012,N/A - From RDC,21-May-13,10-May-13,10-May-13,ARV,Adult,SCMS from RDC,"Lamivudine/Zidovudine 150/300mg, tablets, 60 Tabs",Lamivudine/Zidovudine,Generic,150/300mg,Tablet - FDC,60,"35,000",245000.00,7,0.12,"Aurobindo Unit III, India",TRUE,12877,"$20,666.07 ",303.06
"83,686",151-NG-T30,FPQ-11022,SO-44262,DN-3172,Nigeria,PMO - US,From RDC,N/A - From RDC,Air Charter,11/15/2012,N/A - From RDC,28-May-13,10-May-13,10-May-13,ARV,Adult,SCMS from RDC,"Efavirenz/Lamivudine/Tenofovir Disoproxil Fumarate 600/300/300mg, tablets, 30 Tabs",Efavirenz/Lamivudine/Tenofovir Disoproxil Fumarate,Generic,600/300/300mg,Tablet - FDC,30,"120,000",1262400.00,10.52,0.35,Hetero Unit III Hyderabad IN,TRUE,17470,"$20,666.07 ","1,561.59"
"83,687",151-NG-T30,FPQ-11022,SO-43852,DN-3173,Nigeria,PMO - US,From RDC,N/A - From RDC,Air Charter,11/15/2012,N/A - From RDC,04-Jun-13,10-May-13,10-May-13,ARV,Adult,SCMS from RDC,"Efavirenz 600mg, tablets, 30 Tabs",Efavirenz,Generic,600mg,Tablet,30,"36,390",121178.70,3.33,0.11,"Aurobindo Unit III, India",TRUE,17455,"$20,666.07 ",149.9
"83,688",110-ZM-T30,FPQ-10728,SO-43460,DN-3186,Zambia,PMO - US,From RDC,N/A - From RDC,Truck,10-05-12,N/A - From RDC,28-Jun-13,07-Jun-13,07-Jun-13,ARV,Adult,SCMS from RDC,"Lamivudine/Zidovudine 150/300mg, tablets, 60 Tabs",Lamivudine/Zidovudine,Generic,150/300mg,Tablet - FDC,60,"62,168",435176.00,7,0.12,"Cipla, Goa, India",TRUE,22497,"$11,941.65 ",610.12
"83,694",109-TZ-T30,FPQ-11393,SO-44383,DN-3194,Tanzania,PMO - US,From RDC,N/A - From RDC,Air,12/30/2012,N/A - From RDC,31-May-13,18-Jun-13,18-Jun-13,ARV,Adult,SCMS from RDC,"Efavirenz/Emtricitabine/Tenofovir Disoproxil Fumarate 600/200/300mg, tablets, 30 Tabs",Efavirenz/Emtricitabine/Tenofovir Disoproxil Fumarate,Generic,600/200/300mg,Tablet - FDC,30,"30,598",396550.08,12.96,0.43,"Cipla, Goa, India",TRUE,3637,"$22,904.02 ",490.53
"83,695",109-TZ-T30,FPQ-12015,SO-44982,DN-3207,Tanzania,PMO - US,From RDC,N/A - From RDC,Truck,04-02-13,N/A - From RDC,23-Aug-13,18-Jun-13,18-Jun-13,ARV,Adult,SCMS from RDC,"Abacavir 300mg, tablets, 60 Tabs",Abacavir,Generic,300mg,Tablet,60,"10,347",134097.12,12.96,0.22,Mylan (formerly Matrix) Nashik,TRUE,1064,"$4,203 ",165.88
"83,699",114-UG-T30,FPQ-11133,SO-43870,DN-3221,Uganda,PMO - US,From RDC,N/A - From RDC,Truck,12/13/2012,N/A - From RDC,31-Jul-13,18-Jul-13,18-Jul-13,ARV,Adult,SCMS from RDC,"Efavirenz/Lamivudine/Tenofovir Disoproxil Fumarate 600/300/300mg, tablets, 30 Tabs",Efavirenz/Lamivudine/Tenofovir Disoproxil Fumarate,Generic,600/300/300mg,Tablet - FDC,30,"36,273",381591.96,10.52,0.35,Hetero Unit III Hyderabad IN,TRUE,4846,"$13,743.46 ",472.03
"83,700",114-UG-T30,FPQ-11133,SO-43910,DN-3237,Uganda,PMO - US,From RDC,N/A - From RDC,Truck,12/13/2012,N/A - From RDC,31-Jul-13,26-Aug-13,26-Aug-13,ARV,Adult,SCMS from RDC,"Lamivudine/Nevirapine/Zidovudine 150/200/300mg, tablets, 60 Tabs",Lamivudine/Nevirapine/Zidovudine,Generic,150/300/200mg,Tablet - FDC,60,"15,117",124866.42,8.26,0.14,"Strides, Bangalore, India.",TRUE,8057,"$10,734.13 ",154.46
"83,701",104-CI-T30,FPQ-11253,SO-44220,DN-3216,Côte d'Ivoire,PMO - US,From RDC,N/A - From RDC,Truck,12/14/2012,N/A - From RDC,31-Jul-13,06-Aug-13,06-Aug-13,ARV,Adult,SCMS from RDC,"Lopinavir/Ritonavir 200/50mg, tablets, 120 Tabs",Lopinavir/Ritonavir,Generic,200/50mg,Tablet,120,"20,000",420000.00,21,0.18,"Aurobindo Unit III, India",TRUE,5633,"$17,548.42 ",519.54
"85,214",113-ZW-T30,FPQ-7052,SO-38521,DN-2441,Zimbabwe,PMO - US,From RDC,N/A - From RDC,Truck,1/19/2011,N/A - From RDC,07-Dec-11,09-Dec-11,09-Dec-11,ARV,Adult,SCMS from RDC,"Lamivudine/Stavudine 150/30mg, tablets, 60 Tabs",Lamivudine/Stavudine,Generic,150/30mg,Tablet - FDC,60,"4,669",13773.55,2.95,0.05,"Strides, Bangalore, India.",FALSE,See DN-2441 (ID#:82993),null,22.73
"85,806",113-ZW-T30,FPQ-7052,SO-38521,DN-2441,Zimbabwe,PMO - US,From RDC,N/A - From RDC,Truck,1/19/2011,N/A - From RDC,07-Dec-11,09-Dec-11,09-Dec-11,ARV,Adult,SCMS from RDC,"Efavirenz 600mg, tablets, 30 Tabs",Efavirenz,Generic,600mg,Tablet,30,"6,392",26335.04,4.12,0.14,Mylan (formerly Matrix) Nashik,FALSE,See DN-2441 (ID#:82993),null,43.45
"85,216",104-CI-T30,FPQ-8295,SO-40791,DN-2459,Côte d'Ivoire,PMO - US,From RDC,N/A - From RDC,Truck,8/25/2011,N/A - From RDC,06-Feb-12,06-Feb-12,06-Feb-12,ARV,Adult,SCMS from RDC,"Emtricitabine/Tenofovir Disoproxil Fumarate 200/300mg, tablets, 30 Tabs",Emtricitabine/Tenofovir Disoproxil Fumarate,Generic,200/300mg,Tablet - FDC,30,"11,520",103334.40,8.97,0.3,"Aurobindo Unit III, India",FALSE,See DN-2459 (ID#:82424),null,170.5
"83,706",110-ZM-T30,FPQ-12066,SO-45061,DN-3258,Zambia,PMO - US,From RDC,N/A - From RDC,Truck,4/19/2013,N/A - From RDC,06-Sep-13,30-Jul-13,30-Jul-13,ARV,Adult,SCMS from RDC,"Abacavir 300mg, tablets, 60 Tabs",Abacavir,Generic,300mg,Tablet,60,"1,102",14281.92,12.96,0.22,Mylan (formerly Matrix) Nashik,TRUE,645,"$5,213.01 ",17.67
"85,217",104-CI-T30,FPQ-8295,SO-40791,DN-2459,Côte d'Ivoire,PMO - US,From RDC,N/A - From RDC,Truck,8/25/2011,N/A - From RDC,06-Feb-12,06-Feb-12,06-Feb-12,ARV,Adult,SCMS from RDC,"Zidovudine 300mg, tablets, 60 Tabs",Zidovudine,Generic,300mg,Tablet,60,"13,590",95401.80,7.02,0.12,Mylan (formerly Matrix) Nashik,FALSE,See DN-2459 (ID#:82424),null,157.41
"83,708",114-UG-T30,FPQ-12473,SO-45870,DN-3267,Uganda,PMO - US,From RDC,N/A - From RDC,Air,06-11-13,N/A - From RDC,29-Aug-13,13-Sep-13,13-Sep-13,ARV,Adult,SCMS from RDC,"Efavirenz 600mg, tablets, 30 Tabs",Efavirenz,Generic,600mg,Tablet,30,"36,007",119903.31,3.33,0.11,"Aurobindo Unit III, India",TRUE,19158,"$106,022.37 ",148.32
"85,810",104-CI-T30,FPQ-8295,SO-40791,DN-2459,Côte d'Ivoire,PMO - US,From RDC,N/A - From RDC,Truck,8/25/2011,N/A - From RDC,06-Feb-12,06-Feb-12,06-Feb-12,ARV,Pediatric,SCMS from RDC,"Efavirenz 50mg, capsule, 30 Caps",Efavirenz,Generic,50mg,Capsule,30,"2,772",6209.28,2.24,0.07,"Aurobindo Unit III, India",FALSE,See DN-2459 (ID#:82424),null,10.25
"12,372",109-TZ-T01,Pre-PQ Process,SO-441,DN-246,Tanzania,PMO - US,From RDC,N/A - From RDC,Air,Pre-PQ Process,N/A - From RDC,13-Aug-07,13-Aug-07,13-Aug-07,ARV,Adult,SCMS from RDC,"Abacavir 300mg, tablets, 60 Tabs",Abacavir,Generic,300mg,Tablet,60,"4,776",170980.80,35.8,0.6,"Aurobindo Unit III, India",FALSE,See DN-246 (ID#:11138),null,273.57
"83,711",101-CD-T30,FPQ-12088,SO-45030,DN-3269,"Congo, DRC",PMO - US,From RDC,N/A - From RDC,Air,04-12-13,N/A - From RDC,28-Aug-13,08-Feb-14,11-Mar-14,ARV,Adult,SCMS from RDC,"Lamivudine/Zidovudine 150/300mg, tablets, 60 Tabs",Lamivudine/Zidovudine,Generic,150/300mg,Tablet - FDC,60,864,6048.00,7,0.12,Hetero Unit III Hyderabad IN,TRUE,758,"$20,499.33 ",7.48
"12,664",109-TZ-T01,Pre-PQ Process,SO-441,DN-246,Tanzania,PMO - US,From RDC,N/A - From RDC,Air,Pre-PQ Process,N/A - From RDC,13-Aug-07,13-Aug-07,13-Aug-07,ARV,Adult,SCMS from RDC,"Efavirenz 600mg, tablets, 30 Tabs",Efavirenz,Generic,600mg,Tablet,30,"3,149",51202.74,16.26,0.54,"Aurobindo Unit III, India",FALSE,See DN-246 (ID#:11138),null,81.92
"83,713",109-TZ-T30,FPQ-12587,SO-45991,DN-3304,Tanzania,PMO - US,From RDC,N/A - From RDC,Truck,07-04-13,N/A - From RDC,20-Nov-13,09-Sep-13,09-Sep-13,ARV,Adult,SCMS from RDC,"Abacavir 300mg, tablets, 60 Tabs",Abacavir,Generic,300mg,Tablet,60,"2,788",31950.48,11.46,0.19,"Aurobindo Unit III, India",TRUE,285,"$1,883 ",39.52
"83,714",114-UG-T30,FPQ-12253,SO-45490,DN-3305,Uganda,PMO - US,From RDC,N/A - From RDC,Air,05-08-13,N/A - From RDC,29-Nov-13,16-Oct-13,23-Oct-13,ARV,Pediatric,SCMS from RDC,"Lamivudine/Stavudine 30/6mg, dispersible tablets, 60 Tabs",Lamivudine/Stavudine,Generic,30/6mg,Chewable/dispersible tablet - FDC,60,638,1212.20,1.9,0.03,"Cipla, Goa, India",TRUE,45,$747.76 ,1.5
"83,715",109-TZ-T30,FPQ-10551,SO-43141,DN-3308,Tanzania,PMO - US,From RDC,N/A - From RDC,Truck,8/31/2012,N/A - From RDC,15-Oct-13,18-Sep-13,18-Sep-13,ARV,Pediatric,SCMS from RDC,"Nevirapine 10mg/ml, oral suspension w/syringe, Bottle, 240 ml",Nevirapine,Generic,10mg/ml,Oral suspension,240,"2,191",4272.45,1.95,0.01,"Aurobindo Unit III, India",TRUE,823,"$3,524 ",5.99
"83,716",111-MZ-T30,FPQ-11884,SO-44865,DN-3318,Mozambique,PMO - US,From RDC,N/A - From RDC,Truck,3/19/2013,N/A - From RDC,31-Oct-13,31-Oct-13,12-Nov-13,ARV,Adult,SCMS from RDC,"Efavirenz 600mg, tablets, 30 Tabs",Efavirenz,Generic,600mg,Tablet,30,"9,357",31158.81,3.33,0.11,"Strides, Bangalore, India.",TRUE,12264,"$5,902.40 ",38.54
"83,717",105-GY-T30,FPQ-12047,SO-45040,DN-3332,Guyana,PMO - US,From RDC,N/A - From RDC,Air,4/15/2013,N/A - From RDC,30-Sep-13,04-Oct-13,22-Oct-13,ARV,Pediatric,SCMS from RDC,"Efavirenz 200mg, scored tablets, 90 Tabs",Efavirenz,Generic,200mg,Tablet,90,98,911.40,9.3,0.1,"Strides, Bangalore, India.",TRUE,7,"$4,317.96 ",1.13
"83,718",111-MZ-T30,FPQ-11884,SO-44870,DN-3339,Mozambique,PMO - US,From RDC,N/A - From RDC,Truck,3/19/2013,N/A - From RDC,31-Oct-13,13-Nov-13,02-Dec-13,ARV,Adult,SCMS from RDC,"Lamivudine/Zidovudine 150/300mg, tablets, 60 Tabs",Lamivudine/Zidovudine,Generic,150/300mg,Tablet - FDC,60,"3,035",22064.45,7.27,0.12,"Cipla, Goa, India",TRUE,1722,"$5,950.17 ",27.29
"83,719",110-ZM-T30,FPQ-10728,SO-43462,DN-3340,Zambia,PMO - US,From RDC,N/A - From RDC,Truck,10-05-12,N/A - From RDC,05-Nov-13,05-Nov-13,12-Nov-13,ARV,Adult,SCMS from RDC,"Lamivudine/Zidovudine 150/300mg, tablets, 60 Tabs",Lamivudine/Zidovudine,Generic,150/300mg,Tablet - FDC,60,"67,271",470897.00,7,0.12,"Cipla, Goa, India",TRUE,6041,"$10,651.44 ",660.2
"83,720",103-DO-T30,FPQ-11920,SO-46130,DN-3349,Dominican Republic,PMO - US,From RDC,N/A - From RDC,Air,3/18/2013,N/A - From RDC,29-Oct-13,16-Oct-13,29-Oct-13,ARV,Adult,SCMS from RDC,"Lamivudine/Tenofovir Disoproxil Fumarate 300/300mg, tablets, 30 Tabs",Lamivudine/Tenofovir Disoproxil Fumarate,Generic,300/300mg,Tablet - FDC,30,48,225.60,4.7,0.16,Mylan (formerly Matrix) Nashik,TRUE,29,$594.40 ,0.28
"83,726",103-DO-T30,FPQ-11920,SO-46150,DN-3355,Dominican Republic,PMO - US,From RDC,N/A - From RDC,Air,3/18/2013,N/A - From RDC,29-Oct-13,10-Oct-13,29-Oct-13,ARV,Adult,SCMS from RDC,"Efavirenz 600mg, tablets, 30 Tabs",Efavirenz,Generic,600mg,Tablet,30,"4,072",13559.76,3.33,0.11,"Strides, Bangalore, India.",TRUE,7791,"$90,360.12 ",16.77
"83,727",151-NG-T30,FPQ-11864,SO-44926,DN-3365,Nigeria,PMO - US,From RDC,N/A - From RDC,Air Charter,3/14/2013,N/A - From RDC,31-Oct-13,14-Oct-13,24-Oct-13,ARV,Pediatric,SCMS from RDC,"Abacavir/Lamivudine 60/30mg, tablets, 30 Tabs",Abacavir/Lamivudine,Generic,60/30mg,Tablet - FDC,30,"6,000",24000.00,4,0.13,Mylan (formerly Matrix) Nashik,TRUE,290,"$20,225.07 ",29.69
"82,995",114-UG-T30,FPQ-8522,SO-40941,DN-2461,Uganda,PMO - US,From RDC,N/A - From RDC,Truck,10-05-11,N/A - From RDC,31-Jan-12,19-Jan-12,19-Jan-12,ARV,Adult,SCMS from RDC,"Efavirenz/Emtricitabine/Tenofovir Disoproxil Fumarate 600/200/300mg, tablets, 30 Tabs",Efavirenz/Emtricitabine/Tenofovir Disoproxil Fumarate,Generic,600/200/300mg,Tablet - FDC,30,"8,665",172606.80,19.92,0.66,Mylan (formerly Matrix) Nashik,FALSE,See DN-2461 (ID#:82994),null,284.8
"83,730",151-NG-T30,FPQ-12248,SO-45661,DN-3368,Nigeria,PMO - US,From RDC,N/A - From RDC,Air Charter,05-06-13,N/A - From RDC,18-Nov-13,14-Oct-13,24-Oct-13,ARV,Adult,SCMS from RDC,"Efavirenz/Lamivudine/Tenofovir Disoproxil Fumarate 600/300/300mg, tablets, 30 Tabs",Efavirenz/Lamivudine/Tenofovir Disoproxil Fumarate,Generic,600/300/300mg,Tablet - FDC,30,"70,000",780500.00,11.15,0.37,Mylan (formerly Matrix) Nashik,TRUE,21510,"$20,225.07 ",965.48
"83,731",151-NG-T30,FPQ-11864,SO-44934,DN-3370,Nigeria,PMO - US,From RDC,N/A - From RDC,Air Charter,3/14/2013,N/A - From RDC,31-Oct-13,14-Oct-13,24-Oct-13,ARV,Adult,SCMS from RDC,"Lamivudine/Nevirapine/Zidovudine 150/200/300mg, tablets, 60 Tabs",Lamivudine/Nevirapine/Zidovudine,Generic,150/300/200mg,Tablet - FDC,60,"12,000",102960.00,8.58,0.14,"Cipla, Goa, India",TRUE,1749,"$20,225.07 ",127.36
"82,996",114-UG-T30,FPQ-8522,SO-40941,DN-2461,Uganda,PMO - US,From RDC,N/A - From RDC,Truck,10-05-11,N/A - From RDC,31-Jan-12,19-Jan-12,19-Jan-12,ARV,Adult,SCMS from RDC,"Efavirenz 600mg, tablets, 30 Tabs",Efavirenz,Generic,600mg,Tablet,30,"15,155",62438.60,4.12,0.14,"Strides, Bangalore, India.",FALSE,See DN-2461 (ID#:82994),null,103.02
"86,429",151-NG-T30,FPQ-8364,SO-40654,DN-2462,Nigeria,PMO - US,From RDC,N/A - From RDC,Air Charter,8/29/2011,N/A - From RDC,02-Mar-12,18-Dec-11,18-Dec-11,ARV,Adult,SCMS from RDC,"Nevirapine 200mg, tablets, 60 Tabs",Nevirapine,Generic,200mg,Tablet,60,"85,722",221162.76,2.58,0.04,"Strides, Bangalore, India.",FALSE,See DN-2462 (ID#:82425),null,364.92
"83,735",114-UG-T30,FPQ-13094,SO-46830,DN-3402,Uganda,PMO - US,From RDC,N/A - From RDC,Truck,10-11-13,N/A - From RDC,16-Dec-13,20-Dec-13,17-Jan-14,ARV,Pediatric,SCMS from RDC,"Lamivudine/Nevirapine/Zidovudine 30/50/60mg, dispersible tablets, 60 Tabs",Lamivudine/Nevirapine/Zidovudine,Generic,30/50/60mg,Chewable/dispersible tablet - FDC,60,"4,637",18037.93,3.89,0.06,Mylan (formerly Matrix) Nashik,TRUE,426,"$1,761.50 ",18.54
"84,687",151-NG-T30,FPQ-8364,SO-40661,DN-2465,Nigeria,PMO - US,From RDC,N/A - From RDC,Air Charter,8/29/2011,N/A - From RDC,16-Mar-12,18-Dec-11,18-Dec-11,ARV,Adult,SCMS from RDC,"Lamivudine/Nevirapine/Zidovudine 150/200/300mg, tablets, 60 Tabs",Lamivudine/Nevirapine/Zidovudine,Generic,150/300/200mg,Tablet - FDC,60,"45,042",505371.24,11.22,0.19,"Aurobindo Unit III, India",FALSE,See DN-2465 (ID#:82426),null,833.86
"86,430",151-NG-T30,FPQ-8364,SO-40661,DN-2465,Nigeria,PMO - US,From RDC,N/A - From RDC,Air Charter,8/29/2011,N/A - From RDC,16-Mar-12,18-Dec-11,18-Dec-11,ARV,Adult,SCMS from RDC,"Lamivudine/Nevirapine/Zidovudine 150/200/300mg, tablets, 60 Tabs",Lamivudine/Nevirapine/Zidovudine,Generic,150/300/200mg,Tablet - FDC,60,"99,974",1121708.28,11.22,0.19,"Cipla, Goa, India",FALSE,See DN-2465 (ID#:82426),null,"1,850.82"
"83,739",110-ZM-T30,FPQ-12066,SO-45080,DN-3432,Zambia,PMO - US,From RDC,N/A - From RDC,Truck,4/19/2013,N/A - From RDC,24-Jan-14,24-Jan-14,31-Jan-14,ARV,Adult,SCMS from RDC,"Efavirenz/Emtricitabine/Tenofovir Disoproxil Fumarate 600/200/300mg, tablets, 30 Tabs",Efavirenz/Emtricitabine/Tenofovir Disoproxil Fumarate,Generic,600/200/300mg,Tablet - FDC,30,"269,030",3309069.00,12.3,0.41,"Aurobindo Unit VII, IN",TRUE,30923,"$34,019.61 ","4,093.32"
"83,740",151-NG-T30,FPQ-12248,SO-47221,DN-3436,Nigeria,PMO - US,From RDC,N/A - From RDC,Air Charter,05-06-13,N/A - From RDC,18-Nov-13,26-Nov-13,05-Dec-13,ARV,Adult,SCMS from RDC,"Efavirenz/Lamivudine/Tenofovir Disoproxil Fumarate 600/300/300mg, tablets, 30 Tabs",Efavirenz/Lamivudine/Tenofovir Disoproxil Fumarate,Generic,600/300/300mg,Tablet - FDC,30,"130,437",1454372.55,11.15,0.37,Hetero Unit III Hyderabad IN,TRUE,18633,"$26,340 ","1,799.06"
"83,742",104-CI-T30,FPQ-12800,SO-46331,DN-3446,Côte d'Ivoire,PMO - US,From RDC,N/A - From RDC,Air,08-09-13,N/A - From RDC,03-Jan-14,03-Jan-14,17-Jan-14,ARV,Adult,SCMS from RDC,"Tenofovir Disoproxil Fumarate 300mg, tablets, 30 Tabs",Tenofovir Disoproxil Fumarate,Generic,300mg,Tablet,30,"3,859",15590.36,4.04,0.13,Mylan (formerly Matrix) Nashik,TRUE,242,"$3,128.55 ",19.29
"83,743",104-CI-T30,FPQ-11253,SO-44180,DN-3447,Côte d'Ivoire,PMO - US,From RDC,N/A - From RDC,Truck,12/14/2012,N/A - From RDC,17-Dec-13,17-Dec-13,20-Jan-14,ARV,Pediatric,SCMS from RDC,"Lamivudine/Nevirapine/Zidovudine 30/50/60mg, dispersible tablets, 60 Tabs",Lamivudine/Nevirapine/Zidovudine,Generic,30/50/60mg,Chewable/dispersible tablet - FDC,60,"4,200",16338.00,3.89,0.06,"Strides, Bangalore, India.",TRUE,180,"$1,965.57 ",20.21
"84,688",104-CI-T30,FPQ-8363,SO-40831,DN-2469,Côte d'Ivoire,PMO - US,From RDC,N/A - From RDC,Air Charter,8/29/2011,N/A - From RDC,27-Apr-12,08-Feb-12,08-Feb-12,ARV,Adult,SCMS from RDC,"Lamivudine/Zidovudine 150/300mg, tablets, 60 Tabs",Lamivudine/Zidovudine,Generic,150/300mg,Tablet - FDC,60,"57,061",471323.86,8.26,0.14,"Cipla, Goa, India",FALSE,See DN-2469 (ID#:82427),null,777.68
"83,747",111-MZ-T30,FPQ-12416,SO-45895,DN-3459,Mozambique,PMO - US,From RDC,N/A - From RDC,Truck,6/28/2013,N/A - From RDC,06-Jan-14,06-Jan-14,29-Jan-14,ARV,Adult,SCMS from RDC,"Lamivudine/Nevirapine/Zidovudine 150/200/300mg, tablets, 60 Tabs",Lamivudine/Nevirapine/Zidovudine,Generic,150/300/200mg,Tablet - FDC,60,"59,674",512002.92,8.58,0.14,"Strides, Bangalore, India.",TRUE,6959,"$7,150.25 ",633.35
"83,748",111-MZ-T30,FPQ-12573,SO-46170,DN-3554,Mozambique,PMO - US,From RDC,N/A - From RDC,Truck,6/28/2013,N/A - From RDC,31-Mar-14,28-Mar-14,04-Apr-14,ARV,Adult,SCMS from RDC,"Abacavir/Lamivudine 600/300mg, scored tablets, 30 Tabs",Abacavir/Lamivudine,Generic,600/300mg,Tablet - FDC,30,"4,837",65396.24,13.52,0.45,Mylan (formerly Matrix) Nashik,TRUE,1102,"$8,406.81 ",80.9
"83,749",151-NG-T30,FPQ-11771,SO-47180,DN-3475,Nigeria,PMO - US,From RDC,N/A - From RDC,Air Charter,2/28/2013,N/A - From RDC,31-Jan-14,10-Jan-14,15-Jan-14,ARV,Adult,SCMS from RDC,"Lopinavir/Ritonavir 200/50mg [Aluvia], tablets, 120 Tabs",Lopinavir/Ritonavir,Aluvia,200/50mg,Tablet,120,"40,435",817595.70,20.22,0.17,ABBVIE Ludwigshafen Germany,TRUE,9966,"$49,199.75 ","1,011.37"
"12,073",109-TZ-T01,Pre-PQ Process,SO-496,DN-247,Tanzania,PMO - US,From RDC,N/A - From RDC,Air,Pre-PQ Process,N/A - From RDC,30-Jul-07,30-Jul-07,30-Jul-07,ARV,Pediatric,SCMS from RDC,"Lopinavir/Ritonavir 80/20mg/ml [Kaletra], oral solution, cool, Bottle 5 x 60 ml",Lopinavir/Ritonavir,Kaletra,80/20mg/ml,Oral solution,300,147,6041.70,41.1,0.14,ABBVIE (Abbott) Logis. UK,FALSE,See DN-247 (ID#:11139),null,9.67
"83,751",107-RW-T30,FPQ-12766,SO-46482,DN-3479,Rwanda,PMO - US,From RDC,N/A - From RDC,Truck,08-02-13,N/A - From RDC,31-Jan-14,23-Jan-14,31-Jan-14,ARV,Adult,SCMS from RDC,"Efavirenz/Lamivudine/Tenofovir Disoproxil Fumarate 600/300/300mg, tablets, 30 Tabs",Efavirenz/Lamivudine/Tenofovir Disoproxil Fumarate,Generic,600/300/300mg,Tablet - FDC,30,"83,000",925450.00,11.15,0.37,"Aurobindo Unit VII, IN",TRUE,10998,"$75,824.42 ","1,144.78"
"83,554",111-MZ-T30,FPQ-8157,SO-40370,DN-2488,Mozambique,PMO - US,From RDC,N/A - From RDC,Truck,08-04-11,N/A - From RDC,29-Feb-12,08-Mar-12,08-Mar-12,ARV,Adult,SCMS from RDC,"Nevirapine 200mg, tablets, 60 Tabs",Nevirapine,Generic,200mg,Tablet,60,"2,940",7203.00,2.45,0.04,"Aurobindo Unit VII, IN",FALSE,See DN-2488 (ID#:83553),null,11.88
"83,760",107-RW-T30,FPQ-12766,SO-46490,DN-3520,Rwanda,PMO - US,From RDC,N/A - From RDC,Truck,08-02-13,N/A - From RDC,31-Jan-14,25-Feb-14,12-Mar-14,ARV,Adult,SCMS from RDC,"Lamivudine/Zidovudine 150/300mg, tablets, 60 Tabs",Lamivudine/Zidovudine,Generic,150/300mg,Tablet - FDC,60,"8,600",57878.00,6.73,0.11,"Cipla, Goa, India",TRUE,770,"$9,828.73 ",71.6
"83,761",109-TZ-T30,FPQ-12587,SO-45999,DN-3531,Tanzania,PMO - US,From RDC,N/A - From RDC,Truck,07-04-13,N/A - From RDC,31-Jan-14,19-Feb-14,24-Feb-14,ARV,Adult,SCMS from RDC,"Emtricitabine/Tenofovir Disoproxil Fumarate 200/300mg, tablets, 30 Tabs",Emtricitabine/Tenofovir Disoproxil Fumarate,Generic,200/300mg,Tablet - FDC,30,"40,000",234800.00,5.87,0.2,"Aurobindo Unit III, India",TRUE,7393,"$7,083.18 ",290.45
"83,762",111-MZ-T30,FPQ-12416,SO-45897,DN-3535,Mozambique,PMO - US,From RDC,N/A - From RDC,Truck,6/28/2013,N/A - From RDC,31-Jan-14,19-Feb-14,19-Mar-14,ARV,Adult,SCMS from RDC,"Lamivudine/Nevirapine/Zidovudine 150/200/300mg, tablets, 60 Tabs",Lamivudine/Nevirapine/Zidovudine,Generic,150/300/200mg,Tablet - FDC,60,"145,400",1247532.00,8.58,0.14,Mylan (formerly Matrix) Nashik,TRUE,10673,"$15,392.43 ","1,543.20"
"83,763",104-CI-T30,FPQ-12144,SO-45631,DN-3547,Côte d'Ivoire,PMO - US,From RDC,N/A - From RDC,Truck,4/22/2013,N/A - From RDC,28-Feb-14,18-Jan-14,04-Mar-14,ARV,Pediatric,SCMS from RDC,"Abacavir/Lamivudine 60/30mg, tablets, 60 Tabs",Abacavir/Lamivudine,Generic,60/30mg,Tablet - FDC,60,"2,085",8340.00,4,0.07,Mylan (formerly Matrix) Nashik,TRUE,699,"$8,127.62 ",10.32
"84,130",101-CD-T30,FPQ-8840,SO-41130,DN-2492,"Congo, DRC",PMO - US,From RDC,N/A - From RDC,Air,11/21/2011,N/A - From RDC,16-Mar-12,14-Feb-12,14-Feb-12,ARV,Adult,SCMS from RDC,"Nevirapine 200mg, tablets, 60 Tabs",Nevirapine,Generic,200mg,Tablet,60,26,67.08,2.58,0.04,"Strides, Bangalore, India.",FALSE,See DN-2492 (ID#:82999),null,0.09
"83,765",104-CI-T30,FPQ-12800,SO-46330,DN-3557,Côte d'Ivoire,PMO - US,From RDC,N/A - From RDC,Air,08-09-13,N/A - From RDC,28-Feb-14,01-Mar-14,03-Apr-14,ARV,Adult,SCMS from RDC,"Tenofovir Disoproxil Fumarate 300mg, tablets, 30 Tabs",Tenofovir Disoproxil Fumarate,Generic,300mg,Tablet,30,"4,641",18749.64,4.04,0.13,Mylan (formerly Matrix) Nashik,TRUE,285,"$1,335.15 ",23.19
"83,766",111-MZ-T30,FPQ-13123,SO-47081,DN-3558,Mozambique,PMO - US,From RDC,N/A - From RDC,Truck,10/21/2013,N/A - From RDC,15-Apr-14,28-Mar-14,04-Apr-14,ARV,Adult,SCMS from RDC,"Lamivudine/Nevirapine/Zidovudine 150/200/300mg, tablets, 60 Tabs",Lamivudine/Nevirapine/Zidovudine,Generic,150/300/200mg,Tablet - FDC,60,"41,076",339287.76,8.26,0.14,"Strides, Bangalore, India.",TRUE,5170,"$8,406.81 ",348.79
"85,813",101-CD-T30,FPQ-8840,SO-41130,DN-2492,"Congo, DRC",PMO - US,From RDC,N/A - From RDC,Air,11/21/2011,N/A - From RDC,16-Mar-12,14-Feb-12,14-Feb-12,ARV,Adult,SCMS from RDC,"Efavirenz 600mg, tablets, 30 Tabs",Efavirenz,Generic,600mg,Tablet,30,4,16.48,4.12,0.14,"Strides, Bangalore, India.",FALSE,See DN-2492 (ID#:82999),null,0.02
"86,435",101-CD-T30,FPQ-8840,SO-41130,DN-2492,"Congo, DRC",PMO - US,From RDC,N/A - From RDC,Air,11/21/2011,N/A - From RDC,16-Mar-12,14-Feb-12,14-Feb-12,ARV,Adult,SCMS from RDC,"Lamivudine/Zidovudine 150/300mg, tablets, 60 Tabs",Lamivudine/Zidovudine,Generic,150/300mg,Tablet - FDC,60,20,165.20,8.26,0.14,"Aurobindo Unit III, India",FALSE,See DN-2492 (ID#:82999),null,0.23
"83,771",110-ZM-T30,FPQ-12066,SO-45082,DN-3570,Zambia,PMO - US,From RDC,N/A - From RDC,Truck,4/19/2013,N/A - From RDC,28-Feb-14,25-Mar-14,04-Apr-14,ARV,Adult,SCMS from RDC,"Efavirenz/Emtricitabine/Tenofovir Disoproxil Fumarate 600/200/300mg, tablets, 30 Tabs",Efavirenz/Emtricitabine/Tenofovir Disoproxil Fumarate,Generic,600/200/300mg,Tablet - FDC,30,"25,511",303325.79,11.89,0.4,"Cipla, Goa, India",TRUE,3041,"$3,526.69 ",375.21
"83,772",111-MZ-T30,FPQ-13123,SO-47083,DN-3580,Mozambique,PMO - US,From RDC,N/A - From RDC,Truck,10/21/2013,N/A - From RDC,15-Apr-14,14-Apr-14,17-Apr-14,ARV,Adult,SCMS from RDC,"Efavirenz/Lamivudine/Tenofovir Disoproxil Fumarate 600/300/300mg, tablets, 30 Tabs",Efavirenz/Lamivudine/Tenofovir Disoproxil Fumarate,Generic,600/300/300mg,Tablet - FDC,30,"137,189",1529657.35,11.15,0.37,Mylan (formerly Matrix) Nashik,TRUE,28696,"$22,890.82 ","1,572.49"
"86,436",101-CD-T30,FPQ-8840,SO-41130,DN-2492,"Congo, DRC",PMO - US,From RDC,N/A - From RDC,Air,11/21/2011,N/A - From RDC,16-Mar-12,14-Feb-12,14-Feb-12,ARV,Adult,SCMS from RDC,"Lamivudine/Nevirapine/Zidovudine 150/200/300mg, tablets, 60 Tabs",Lamivudine/Nevirapine/Zidovudine,Generic,150/300/200mg,Tablet - FDC,60,89,979.00,11,0.18,Mylan (formerly Matrix) Nashik,FALSE,See DN-2492 (ID#:82999),null,1.37
"86,437",101-CD-T30,FPQ-8840,SO-41130,DN-2492,"Congo, DRC",PMO - US,From RDC,N/A - From RDC,Air,11/21/2011,N/A - From RDC,16-Mar-12,14-Feb-12,14-Feb-12,ARV,Adult,SCMS from RDC,"Lopinavir/Ritonavir 200/50mg, tablets, 120 Tabs",Lopinavir/Ritonavir,Generic,200/50mg,Tablet,120,11,371.14,33.74,0.28,"Aurobindo Unit III, India",FALSE,See DN-2492 (ID#:82999),null,0.52
"83,000",101-CD-T30,FPQ-8840,SO-41131,DN-2493,"Congo, DRC",PMO - US,From RDC,N/A - From RDC,Air,11/21/2011,N/A - From RDC,16-Mar-12,14-Feb-12,14-Feb-12,ARV,Adult,SCMS from RDC,"Abacavir 300mg, tablets, 60 Tabs",Abacavir,Generic,300mg,Tablet,60,10,146.30,14.63,0.24,Mylan (formerly Matrix) Nashik,FALSE,See DN-2493 (ID#:82432),null,0.21
"83,776",106-HT-T30,FPQ-13648,SO-47800,DN-3587,Haiti,PMO - US,From RDC,N/A - From RDC,Air,02-03-14,N/A - From RDC,05-May-14,24-Mar-14,06-May-14,ARV,Pediatric,SCMS from RDC,"Lamivudine 10mg/ml, oral solution w/syringe, Bottle, 240 ml",Lamivudine,Generic,10mg/ml,Oral solution,240,"4,000",5720.00,1.43,0.01,"Aurobindo Unit III, India",TRUE,2769,"$29,216.84 ",5.88
"84,131",101-CD-T30,FPQ-8840,SO-41131,DN-2493,"Congo, DRC",PMO - US,From RDC,N/A - From RDC,Air,11/21/2011,N/A - From RDC,16-Mar-12,14-Feb-12,14-Feb-12,ARV,Adult,SCMS from RDC,"Nevirapine 200mg, tablets, 60 Tabs",Nevirapine,Generic,200mg,Tablet,60,70,180.60,2.58,0.04,"Strides, Bangalore, India.",FALSE,See DN-2493 (ID#:82432),null,0.25
"83,779",109-TZ-T30,FPQ-13042,SO-46660,DN-3613,Tanzania,PMO - US,From RDC,N/A - From RDC,Truck,10-01-13,N/A - From RDC,09-May-14,10-May-14,20-Jun-14,ARV,Adult,SCMS from RDC,"Efavirenz/Emtricitabine/Tenofovir Disoproxil Fumarate 600/200/300mg, tablets, 30 Tabs",Efavirenz/Emtricitabine/Tenofovir Disoproxil Fumarate,Generic,600/200/300mg,Tablet - FDC,30,"206,508",2455380.12,11.89,0.4,Mylan (formerly Matrix) Nashik,TRUE,22895,"$13,649.14 ","3,037.31"
"83,780",151-NG-T30,FPQ-12248,SO-45666,DN-3620,Nigeria,PMO - US,From RDC,N/A - From RDC,Air Charter,05-06-13,N/A - From RDC,15-Apr-14,20-Apr-14,02-May-14,ARV,Adult,SCMS from RDC,"Efavirenz/Lamivudine/Tenofovir Disoproxil Fumarate 600/300/300mg, tablets, 30 Tabs",Efavirenz/Lamivudine/Tenofovir Disoproxil Fumarate,Generic,600/300/300mg,Tablet - FDC,30,"40,409",439245.83,10.87,0.36,Hetero Unit III Hyderabad IN,TRUE,5977,"$29,674.92 ",543.35
"83,781",105-GY-T30,FPQ-13567,SO-47730,DN-3626,Guyana,PMO - US,From RDC,N/A - From RDC,Air,1/16/2014,N/A - From RDC,30-Jun-14,14-Apr-14,06-Jun-14,ARV,Adult,SCMS from RDC,"Zidovudine 300mg, tablets, 60 Tabs",Zidovudine,Generic,300mg,Tablet,60,"1,135",6333.30,5.58,0.09,"Aurobindo Unit III, India",TRUE,282,"$5,380.36 ",6.51
"83,782",111-MZ-T30,FPQ-13123,SO-47084,DN-3627,Mozambique,PMO - US,From RDC,N/A - From RDC,Truck,10/21/2013,N/A - From RDC,03-Jun-14,03-Jun-14,11-Jun-14,ARV,Adult,SCMS from RDC,"Abacavir 300mg, tablets, 60 Tabs",Abacavir,Generic,300mg,Tablet,60,"3,386",38024.78,11.23,0.19,Mylan (formerly Matrix) Nashik,TRUE,15942,"$4,768.06 ",39.09
"85,814",101-CD-T30,FPQ-8840,SO-41131,DN-2493,"Congo, DRC",PMO - US,From RDC,N/A - From RDC,Air,11/21/2011,N/A - From RDC,16-Mar-12,14-Feb-12,14-Feb-12,ARV,Adult,SCMS from RDC,"Lamivudine/Nevirapine/Zidovudine 150/200/300mg, tablets, 60 Tabs",Lamivudine/Nevirapine/Zidovudine,Generic,150/300/200mg,Tablet - FDC,60,174,1914.00,11,0.18,Mylan (formerly Matrix) Nashik,FALSE,See DN-2493 (ID#:82432),null,2.68
"85,815",101-CD-T30,FPQ-8840,SO-41131,DN-2493,"Congo, DRC",PMO - US,From RDC,N/A - From RDC,Air,11/21/2011,N/A - From RDC,16-Mar-12,14-Feb-12,14-Feb-12,ARV,Adult,SCMS from RDC,"Lopinavir/Ritonavir 200/50mg, tablets, 120 Tabs",Lopinavir/Ritonavir,Generic,200/50mg,Tablet,120,23,776.02,33.74,0.28,"Aurobindo Unit III, India",FALSE,See DN-2493 (ID#:82432),null,1.09
"83,785",105-GY-T30,FPQ-13071,SO-46802,DN-3635,Guyana,PMO - US,From RDC,N/A - From RDC,Air,10-09-13,N/A - From RDC,30-Apr-14,22-Apr-14,11-Jun-14,ARV,Adult,SCMS from RDC,"Zidovudine 300mg, tablets, 60 Tabs",Zidovudine,Generic,300mg,Tablet,60,62,341.00,5.5,0.09,"Aurobindo Unit III, India",TRUE,4,$660.44 ,0.35
"83,787",104-CI-T30,FPQ-12712,SO-46310,DN-3679,Côte d'Ivoire,PMO - US,From RDC,N/A - From RDC,Truck,7/30/2013,N/A - From RDC,15-May-14,12-May-14,30-Jun-14,ARV,Pediatric,SCMS from RDC,"Lamivudine/Nevirapine/Zidovudine 30/50/60mg, dispersible tablets, 60 Tabs",Lamivudine/Nevirapine/Zidovudine,Generic,30/50/60mg,Chewable/dispersible tablet - FDC,60,"18,800",70500.00,3.75,0.06,"Strides, Bangalore, India.",TRUE,802,"$4,625.27 ",87.21
"83,788",106-HT-T30,FPQ-13608,SO-47680,DN-3683,Haiti,PMO - US,From RDC,N/A - From RDC,Air,1/22/2014,N/A - From RDC,15-May-14,12-May-14,24-Jun-14,ARV,Adult,SCMS from RDC,"Lamivudine/Zidovudine 150/300mg, tablets, 60 Tabs",Lamivudine/Zidovudine,Generic,150/300mg,Tablet - FDC,60,"4,000",26400.00,6.6,0.11,Mylan (formerly Matrix) Nashik,TRUE,305,"$3,282.33 ",27.14
"83,789",106-HT-T30,FPQ-13608,SO-47681,DN-3684,Haiti,PMO - US,From RDC,N/A - From RDC,Air,1/22/2014,N/A - From RDC,17-May-14,29-May-14,12-Jun-14,ARV,Adult,SCMS from RDC,"Lamivudine/Zidovudine 150/300mg, tablets, 60 Tabs",Lamivudine/Zidovudine,Generic,150/300mg,Tablet - FDC,60,"20,000",132000.00,6.6,0.11,Hetero Unit III Hyderabad IN,TRUE,1777,"$15,330.56 ",135.7
"83,791",104-CI-T30,FPQ-13142,SO-47134,DN-3693,Côte d'Ivoire,PMO - US,From RDC,N/A - From RDC,Truck,10/22/2013,N/A - From RDC,30-May-14,16-May-14,30-Jun-14,ARV,Pediatric,SCMS from RDC,"Lamivudine/Nevirapine/Zidovudine 30/50/60mg, dispersible tablets, 60 Tabs",Lamivudine/Nevirapine/Zidovudine,Generic,30/50/60mg,Chewable/dispersible tablet - FDC,60,"20,000",75000.00,3.75,0.06,Mylan (formerly Matrix) Nashik,TRUE,1041,"$5,156.93 ",77.1
"83,792",104-CI-T30,FPQ-13142,SO-47153,DN-3694,Côte d'Ivoire,PMO - US,From RDC,N/A - From RDC,Truck,10/22/2013,N/A - From RDC,30-May-14,17-May-14,30-Jun-14,ARV,Adult,SCMS from RDC,"Lopinavir/Ritonavir 200/50mg [Aluvia], tablets, 120 Tabs",Lopinavir/Ritonavir,Aluvia,200/50mg,Tablet,120,"33,171",626931.90,18.9,0.16,ABBVIE Ludwigshafen Germany,TRUE,7355,"$28,647.52 ",644.49
"83,793",110-ZM-T30,FPQ-13221,SO-47203,DN-3701,Zambia,PMO - US,From RDC,N/A - From RDC,Truck,10/31/2013,N/A - From RDC,30-May-14,06-Jun-14,19-Jun-14,ARV,Adult,SCMS from RDC,"Lamivudine/Tenofovir Disoproxil Fumarate 300/300mg, tablets, 30 Tabs",Lamivudine/Tenofovir Disoproxil Fumarate,Generic,300/300mg,Tablet - FDC,30,"166,295",771608.80,4.64,0.15,Hetero Unit III Hyderabad IN,TRUE,17177,"$29,971.59 ",793.21
"83,795",102-BI-T30,FPQ-13627,SO-47670,DN-3712,Burundi,PMO - US,From RDC,N/A - From RDC,Air,1/24/2014,N/A - From RDC,30-May-14,25-Jun-14,01-Jul-14,ARV,Adult,SCMS from RDC,"Efavirenz/Lamivudine/Tenofovir Disoproxil Fumarate 600/300/300mg, tablets, 30 Tabs",Efavirenz/Lamivudine/Tenofovir Disoproxil Fumarate,Generic,600/300/300mg,Tablet - FDC,30,"2,880",31046.40,10.78,0.36,Mylan (formerly Matrix) Nashik,TRUE,546,"$4,195.64 ",31.92
"86,438",101-CD-T30,FPQ-8840,SO-41131,DN-2493,"Congo, DRC",PMO - US,From RDC,N/A - From RDC,Air,11/21/2011,N/A - From RDC,16-Mar-12,14-Feb-12,14-Feb-12,ARV,Adult,SCMS from RDC,"Efavirenz 600mg, tablets, 30 Tabs",Efavirenz,Generic,600mg,Tablet,30,42,173.04,4.12,0.14,"Strides, Bangalore, India.",FALSE,See DN-2493 (ID#:82432),null,0.24
"84,132",101-CD-T30,FPQ-8840,SO-41132,DN-2494,"Congo, DRC",PMO - US,From RDC,N/A - From RDC,Air,11/21/2011,N/A - From RDC,16-Mar-12,14-Feb-12,14-Feb-12,ARV,Adult,SCMS from RDC,"Abacavir 300mg, tablets, 60 Tabs",Abacavir,Generic,300mg,Tablet,60,20,292.60,14.63,0.24,Mylan (formerly Matrix) Nashik,FALSE,See DN-2494 (ID#:82433),null,0.41
"83,804",102-BI-T30,FPQ-12602,SO-46023,DN-3739,Burundi,PMO - US,From RDC,N/A - From RDC,Air,07-09-13,N/A - From RDC,16-Jun-14,04-Jun-14,09-Jul-14,ARV,Adult,SCMS from RDC,"Lamivudine/Zidovudine 150/300mg, tablets, 60 Tabs",Lamivudine/Zidovudine,Generic,150/300mg,Tablet - FDC,60,790,5150.80,6.52,0.11,Hetero Unit III Hyderabad IN,TRUE,186,$29.21 ,6.37
"83,806",107-RW-T30,FPQ-12190,SO-45402,DN-3748,Rwanda,PMO - US,From RDC,N/A - From RDC,Truck,05-06-13,N/A - From RDC,30-Jun-14,12-Jun-14,10-Jul-14,ARV,Pediatric,SCMS from RDC,"Lamivudine 10mg/ml, oral solution w/syringe, Bottle, 240 ml",Lamivudine,Generic,10mg/ml,Oral solution,240,507,937.95,1.85,0.01,"Aurobindo Unit III, India",TRUE,185,"$2,342.16 ",1.16
"83,808",114-UG-T30,FPQ-12255,SO-45591,DN-3766,Uganda,PMO - US,From RDC,N/A - From RDC,Air,05-08-13,N/A - From RDC,30-Jun-14,20-Jun-14,09-Jul-14,ARV,Adult,SCMS from RDC,"Lopinavir/Ritonavir 200/50mg [Aluvia], tablets, 120 Tabs",Lopinavir/Ritonavir,Aluvia,200/50mg,Tablet,120,84,1587.60,18.9,0.16,ABBVIE Ludwigshafen Germany,TRUE,9014,$892.92 ,1.96
"83,809",110-ZM-T30,FPQ-13222,SO-47210,DN-3756,Zambia,PMO - US,From RDC,N/A - From RDC,Truck,10/31/2013,N/A - From RDC,30-Jun-14,04-Jul-14,04-Aug-14,ARV,Adult,SCMS from RDC,"Lamivudine/Stavudine 150/30mg, tablets, 60 Tabs",Lamivudine/Stavudine,Generic,150/30mg,Tablet - FDC,60,"5,232",13027.68,2.49,0.04,Hetero Unit III Hyderabad IN,TRUE,414,$770.14 ,13.39
"83,810",114-UG-T30,FPQ-13108,SO-46874,DN-3760,Uganda,PMO - US,From RDC,N/A - From RDC,Truck,10/16/2013,N/A - From RDC,30-Jun-14,20-Jun-14,09-Jul-14,ARV,Pediatric,SCMS from RDC,"Nevirapine 10mg/ml, oral suspension w/syringe, Bottle, 100 ml",Nevirapine,Generic,10mg/ml,Oral suspension,100,"45,000",58500.00,1.3,0.01,"Aurobindo Unit III, India",TRUE,9014,"$52,211.42 ",60.14
"83,813",117-ET-T30,FPQ-14544,SO-49240,DN-3892,Ethiopia,PMO - US,From RDC,N/A - From RDC,Air,6/30/2014,N/A - From RDC,15-Sep-14,29-Aug-14,04-Nov-14,ARV,Pediatric,SCMS from RDC,"Abacavir/Lamivudine 60/30mg, dispersible tablets, 60 Tabs",Abacavir/Lamivudine,Generic,60/30mg,Chewable/dispersible tablet - FDC,60,429,2415.27,5.63,0.09,"Cipla, Patalganga, India",TRUE,39,$792.12 ,2.48
"83,815",104-CI-T30,FPQ-13142,SO-47156,DN-3900,Côte d'Ivoire,PMO - US,From RDC,N/A - From RDC,Truck,10/22/2013,N/A - From RDC,30-Sep-14,08-Sep-14,19-Sep-14,ARV,Pediatric,SCMS from RDC,"Zidovudine 10mg/ml, oral solution w/syringe, Bottle, 240 ml",Zidovudine,Generic,10mg/ml,Oral solution,240,156,327.60,2.1,0.01,"Aurobindo Unit III, India",TRUE,100,$396.32 ,0.34
"83,817",111-MZ-T30,FPQ-14226,SO-49390,DN-3886,Mozambique,PMO - US,From RDC,N/A - From RDC,Truck,05-02-14,N/A - From RDC,30-Sep-14,30-Oct-14,13-Nov-14,ARV,Adult,SCMS from RDC,"Lopinavir/Ritonavir 200/50mg [Aluvia], tablets, 120 Tabs",Lopinavir/Ritonavir,Aluvia,200/50mg,Tablet,120,"49,000",926100.00,18.9,0.16,ABBVIE Ludwigshafen Germany,TRUE,11107,"$5,982.43 ",952.03
"83,818",107-RW-T30,FPQ-13812,SO-48161,DN-3787,Rwanda,PMO - US,From RDC,N/A - From RDC,Truck,03-04-14,N/A - From RDC,19-Aug-14,13-Aug-14,14-Aug-14,ARV,Pediatric,SCMS from RDC,"Efavirenz 200mg, scored tablets, 90 Tabs",Efavirenz,Generic,200mg,Tablet,90,"2,900",23954.00,8.26,0.09,"Strides, Bangalore, India.",TRUE,5621,"$10,640.81 ",24.62
"84,691",101-CD-T30,FPQ-8840,SO-41132,DN-2494,"Congo, DRC",PMO - US,From RDC,N/A - From RDC,Air,11/21/2011,N/A - From RDC,16-Mar-12,14-Feb-12,14-Feb-12,ARV,Adult,SCMS from RDC,"Efavirenz 600mg, tablets, 30 Tabs",Efavirenz,Generic,600mg,Tablet,30,27,111.24,4.12,0.14,"Strides, Bangalore, India.",FALSE,See DN-2494 (ID#:82433),null,0.16
"83,822",105-GY-T30,FPQ-14042,SO-48510,DN-3817,Guyana,PMO - US,From RDC,N/A - From RDC,Air,04-09-14,N/A - From RDC,30-Sep-14,29-Aug-14,08-Sep-14,ARV,Pediatric,SCMS from RDC,"Nevirapine 10mg/ml, oral suspension w/syringe, Bottle, 240 ml",Nevirapine,Generic,10mg/ml,Oral suspension,240,129,210.27,1.63,0.01,"Aurobindo Unit III, India",TRUE,253,"$3,519.70 ",0.22
"84,692",101-CD-T30,FPQ-8840,SO-41132,DN-2494,"Congo, DRC",PMO - US,From RDC,N/A - From RDC,Air,11/21/2011,N/A - From RDC,16-Mar-12,14-Feb-12,14-Feb-12,ARV,Adult,SCMS from RDC,"Lamivudine/Nevirapine/Zidovudine 150/200/300mg, tablets, 60 Tabs",Lamivudine/Nevirapine/Zidovudine,Generic,150/300/200mg,Tablet - FDC,60,226,2486.00,11,0.18,Mylan (formerly Matrix) Nashik,FALSE,See DN-2494 (ID#:82433),null,3.49
"83,824",111-MZ-T30,FPQ-13124,SO-47060,DN-3830,Mozambique,PMO - US,From RDC,N/A - From RDC,Truck,10/21/2013,N/A - From RDC,29-Aug-14,15-Aug-14,25-Aug-14,ARV,Adult,SCMS from RDC,"Abacavir 300mg, tablets, 60 Tabs",Abacavir,Generic,300mg,Tablet,60,"10,868",122047.64,11.23,0.19,Mylan (formerly Matrix) Nashik,TRUE,1026,"$1,138.29 ",125.46
"83,825",101-CD-T30,FPQ-14252,SO-48860,DN-3836,"Congo, DRC",PMO - US,From RDC,N/A - From RDC,Air,05-07-14,N/A - From RDC,24-Sep-14,28-Oct-14,04-Dec-14,ARV,Pediatric,SCMS from RDC,"Nevirapine 10mg/ml, oral suspension w/syringe, Bottle, 100 ml",Nevirapine,Generic,10mg/ml,Oral suspension,100,"1,330",1729.00,1.3,0.01,"Aurobindo Unit III, India",TRUE,416,"$5,347.37 ",1.78
"83,826",103-SS-T30,FPQ-14409,SO-49130,DN-3837,South Sudan,PMO - US,From RDC,N/A - From RDC,Air,06-05-14,N/A - From RDC,19-Aug-14,17-Oct-14,21-Nov-14,ARV,Pediatric,SCMS from RDC,"Nevirapine 10mg/ml, oral suspension w/syringe, Bottle, 240 ml",Nevirapine,Generic,10mg/ml,Oral suspension,240,"2,125",3463.75,1.63,0.01,"Aurobindo Unit III, India",TRUE,759,"$9,664.79 ",3.56
"84,693",101-CD-T30,FPQ-8840,SO-41132,DN-2494,"Congo, DRC",PMO - US,From RDC,N/A - From RDC,Air,11/21/2011,N/A - From RDC,16-Mar-12,14-Feb-12,14-Feb-12,ARV,Adult,SCMS from RDC,"Lopinavir/Ritonavir 200/50mg, tablets, 120 Tabs",Lopinavir/Ritonavir,Generic,200/50mg,Tablet,120,20,674.80,33.74,0.28,"Aurobindo Unit III, India",FALSE,See DN-2494 (ID#:82433),null,0.95
"85,816",101-CD-T30,FPQ-8840,SO-41132,DN-2494,"Congo, DRC",PMO - US,From RDC,N/A - From RDC,Air,11/21/2011,N/A - From RDC,16-Mar-12,14-Feb-12,14-Feb-12,ARV,Adult,SCMS from RDC,"Lamivudine/Zidovudine 150/300mg, tablets, 60 Tabs",Lamivudine/Zidovudine,Generic,150/300mg,Tablet - FDC,60,67,553.42,8.26,0.14,"Aurobindo Unit III, India",FALSE,See DN-2494 (ID#:82433),null,0.78
"84,133",101-CD-T30,FPQ-8840,SO-41133,DN-2495,"Congo, DRC",PMO - US,From RDC,N/A - From RDC,Air,11/21/2011,N/A - From RDC,16-Mar-12,14-Feb-12,14-Feb-12,ARV,Adult,SCMS from RDC,"Lamivudine/Zidovudine 150/300mg, tablets, 60 Tabs",Lamivudine/Zidovudine,Generic,150/300mg,Tablet - FDC,60,75,619.50,8.26,0.14,"Aurobindo Unit III, India",FALSE,See DN-2495 (ID#:83555),null,0.87
"83,830",107-RW-T30,FPQ-13812,SO-48150,DN-3845,Rwanda,PMO - US,From RDC,N/A - From RDC,Truck,03-04-14,N/A - From RDC,16-Sep-14,01-Aug-14,22-Aug-14,ARV,Adult,SCMS from RDC,"Tenofovir Disoproxil Fumarate 300mg, tablets, 30 Tabs",Tenofovir Disoproxil Fumarate,Generic,300mg,Tablet,30,715,2888.60,4.04,0.13,Mylan (formerly Matrix) Nashik,TRUE,44,"$1,171.20 ",2.97
"83,832",104-CI-T30,FPQ-10633,SO-43360,DN-3850,Côte d'Ivoire,PMO - US,From RDC,N/A - From RDC,Truck,09-11-12,N/A - From RDC,29-Aug-14,18-Aug-14,05-Sep-14,ARV,Adult,SCMS from RDC,"Efavirenz 600mg, tablets, 30 Tabs",Efavirenz,Generic,600mg,Tablet,30,"29,804",95670.84,3.21,0.11,"Strides, Bangalore, India.",TRUE,1766,"$7,481.81 ",134.13
"83,833",102-BI-T30,FPQ-14112,SO-48580,DN-3852,Burundi,PMO - US,From RDC,N/A - From RDC,Air,4/18/2014,N/A - From RDC,30-Sep-14,05-Sep-14,18-Sep-14,ARV,Adult,SCMS from RDC,"Lopinavir/Ritonavir 200/50mg, tablets, 120 Tabs",Lopinavir/Ritonavir,Generic,200/50mg,Tablet,120,280,5518.80,19.71,0.16,Mylan (formerly Matrix) Nashik,TRUE,75,"$1,855.34 ",5.67
"83,842",110-ZM-T30,FPQ-13221,SO-48410,DN-3861,Zambia,PMO - US,From RDC,N/A - From RDC,Truck,10/31/2013,N/A - From RDC,31-Jul-14,23-Sep-14,06-Oct-14,ARV,Adult,SCMS from RDC,"Lopinavir/Ritonavir 200/50mg, tablets, 120 Tabs",Lopinavir/Ritonavir,Generic,200/50mg,Tablet,120,312,6149.52,19.71,0.16,Mylan (formerly Matrix) Nashik,TRUE,80,$87.87 ,6.32
"83,843",114-UG-T30,FPQ-14396,SO-48980,DN-3863,Uganda,PMO - US,From RDC,N/A - From RDC,Truck,06-04-14,N/A - From RDC,11-Sep-14,09-Aug-14,13-Aug-14,ARV,Adult,SCMS from RDC,"Lopinavir/Ritonavir 200/50mg [Aluvia], tablets, 120 Tabs",Lopinavir/Ritonavir,Aluvia,200/50mg,Tablet,120,"12,713",240275.70,18.9,0.16,ABBVIE Ludwigshafen Germany,TRUE,2630,"$6,926.90 ",247
"83,844",114-UG-T30,FPQ-14396,SO-49000,DN-3908,Uganda,PMO - US,From RDC,N/A - From RDC,Truck,06-04-14,N/A - From RDC,30-Sep-14,17-Sep-14,18-Sep-14,ARV,Pediatric,SCMS from RDC,"Lamivudine/Nevirapine/Zidovudine 30/50/60mg, dispersible tablets, 60 Tabs",Lamivudine/Nevirapine/Zidovudine,Generic,30/50/60mg,Chewable/dispersible tablet - FDC,60,"11,553",43092.69,3.73,0.06,"Strides, Bangalore, India.",TRUE,516,"$2,042.90 ",44.3
"83,845",101-CD-T30,FPQ-14576,SO-49300,DN-3927,"Congo, DRC",PMO - US,From RDC,N/A - From RDC,Air,7/14/2014,N/A - From RDC,30-Oct-14,27-Oct-14,12-Nov-14,ARV,Adult,SCMS from RDC,"Abacavir 300mg, tablets, 60 Tabs",Abacavir,Generic,300mg,Tablet,60,715,8029.45,11.23,0.19,Mylan (formerly Matrix) Nashik,TRUE,116,$891 ,8.25
"83,876",109-TZ-T30,FPQ-14135,SO-48921,DN-4089,Tanzania,PMO - US,From RDC,N/A - From RDC,Truck,4/24/2014,N/A - From RDC,25-Feb-15,27-Jan-15,03-Feb-15,ARV,Pediatric,SCMS from RDC,"Lamivudine/Zidovudine 30/60mg, dispersible tablets, 60 Tabs",Lamivudine/Zidovudine,Generic,30/60mg,Chewable/dispersible tablet - FDC,60,"20,000",40000.00,2,0.03,"Cipla, Goa, India",TRUE,1386,"$7,061.20 ",41.12
"83,847",109-TZ-T30,FPQ-13042,SO-46700,DN-3967,Tanzania,PMO - US,From RDC,N/A - From RDC,Truck,10-01-13,N/A - From RDC,28-Nov-14,20-Nov-14,21-Nov-14,ARV,Pediatric,SCMS from RDC,"Lamivudine/Nevirapine/Zidovudine 30/50/60mg, dispersible tablets, 60 Tabs",Lamivudine/Nevirapine/Zidovudine,Generic,30/50/60mg,Chewable/dispersible tablet - FDC,60,"18,317",71253.13,3.89,0.06,Mylan (formerly Matrix) Nashik,TRUE,581,"$6,311.88 ",88.14
"83,848",109-TZ-T30,FPQ-13566,SO-47661,DN-3968,Tanzania,PMO - US,From RDC,N/A - From RDC,Air,1/15/2014,N/A - From RDC,30-Jan-15,17-Dec-14,18-Dec-14,ARV,Pediatric,SCMS from RDC,"Lamivudine/Nevirapine/Zidovudine 30/50/60mg, dispersible tablets, 60 Tabs",Lamivudine/Nevirapine/Zidovudine,Generic,30/50/60mg,Chewable/dispersible tablet - FDC,60,"31,153",116823.75,3.75,0.06,Mylan (formerly Matrix) Nashik,TRUE,1739,"$10,506.44 ",120.09
"83,849",103-ZW-T30,FPQ-13990,SO-48470,DN-3970,Zimbabwe,PMO - US,From RDC,N/A - From RDC,Truck,04-01-14,N/A - From RDC,31-Oct-14,30-Oct-14,07-Nov-14,ARV,Pediatric,SCMS from RDC,"Abacavir/Lamivudine 60/30mg, tablets, 60 Tabs",Abacavir/Lamivudine,Generic,60/30mg,Tablet - FDC,60,"27,847",109995.65,3.95,0.07,Mylan (formerly Matrix) Nashik,TRUE,1153,"$1,489.80 ",113.08
"84,694",101-CD-T30,FPQ-8840,SO-41133,DN-2495,"Congo, DRC",PMO - US,From RDC,N/A - From RDC,Air,11/21/2011,N/A - From RDC,16-Mar-12,14-Feb-12,14-Feb-12,ARV,Adult,SCMS from RDC,"Abacavir 300mg, tablets, 60 Tabs",Abacavir,Generic,300mg,Tablet,60,23,336.49,14.63,0.24,Mylan (formerly Matrix) Nashik,FALSE,See DN-2495 (ID#:83555),null,0.47
"83,853",104-CI-T30,FPQ-14370,SO-49101,DN-3981,Côte d'Ivoire,PMO - US,From RDC,N/A - From RDC,Truck,5/23/2014,N/A - From RDC,31-Oct-14,24-Oct-14,06-Nov-14,ARV,Adult,SCMS from RDC,"Abacavir/Lamivudine 600/300mg, tablets, 30 Tabs",Abacavir/Lamivudine,Generic,600/300mg,Tablet - FDC,30,"3,244",43761.56,13.49,0.45,Mylan (formerly Matrix) Nashik,TRUE,288,"$1,922.75 ",44.99
"85,221",101-CD-T30,FPQ-8840,SO-41133,DN-2495,"Congo, DRC",PMO - US,From RDC,N/A - From RDC,Air,11/21/2011,N/A - From RDC,16-Mar-12,14-Feb-12,14-Feb-12,ARV,Adult,SCMS from RDC,"Lamivudine/Nevirapine/Zidovudine 150/200/300mg, tablets, 60 Tabs",Lamivudine/Nevirapine/Zidovudine,Generic,150/300/200mg,Tablet - FDC,60,254,2794.00,11,0.18,Mylan (formerly Matrix) Nashik,FALSE,See DN-2495 (ID#:83555),null,3.92
"83,859",103-ZW-T30,FPQ-14459,SO-49182,DN-4004,Zimbabwe,PMO - US,From RDC,N/A - From RDC,Truck,6/13/2014,N/A - From RDC,24-Nov-14,11-Nov-14,18-Nov-14,ARV,Pediatric,SCMS from RDC,"Lamivudine/Zidovudine 30/60mg, dispersible tablets, 60 Tabs",Lamivudine/Zidovudine,Generic,30/60mg,Chewable/dispersible tablet - FDC,60,"10,893",21677.07,1.99,0.03,"Cipla, Goa, India",TRUE,735,"$6,331.93 ",22.28
"86,439",101-CD-T30,FPQ-8840,SO-41133,DN-2495,"Congo, DRC",PMO - US,From RDC,N/A - From RDC,Air,11/21/2011,N/A - From RDC,16-Mar-12,14-Feb-12,14-Feb-12,ARV,Adult,SCMS from RDC,"Lopinavir/Ritonavir 200/50mg, tablets, 120 Tabs",Lopinavir/Ritonavir,Generic,200/50mg,Tablet,120,23,776.02,33.74,0.28,"Aurobindo Unit III, India",FALSE,See DN-2495 (ID#:83555),null,1.09
"86,440",101-CD-T30,FPQ-8840,SO-41133,DN-2495,"Congo, DRC",PMO - US,From RDC,N/A - From RDC,Air,11/21/2011,N/A - From RDC,16-Mar-12,14-Feb-12,14-Feb-12,ARV,Adult,SCMS from RDC,"Nevirapine 200mg, tablets, 60 Tabs",Nevirapine,Generic,200mg,Tablet,60,18,46.44,2.58,0.04,"Strides, Bangalore, India.",FALSE,See DN-2495 (ID#:83555),null,0.07
"83,001",101-CD-T30,FPQ-8840,SO-41134,DN-2496,"Congo, DRC",PMO - US,From RDC,N/A - From RDC,Air,11/21/2011,N/A - From RDC,16-Mar-12,14-Feb-12,14-Feb-12,ARV,Adult,SCMS from RDC,"Lamivudine/Zidovudine 150/300mg, tablets, 60 Tabs",Lamivudine/Zidovudine,Generic,150/300mg,Tablet - FDC,60,79,652.54,8.26,0.14,"Aurobindo Unit III, India",FALSE,See DN-2496 (ID#:82434),null,0.91
"84,011",114-UG-T30,FPQ-5239,SO-36180,DN-1874,Uganda,PMO - US,From RDC,N/A - From RDC,Air,03-02-10,N/A - From RDC,28-Jul-10,22-Jul-10,22-Jul-10,ARV,Adult,SCMS from RDC,"Efavirenz 600mg, tablets, 30 Tabs",Efavirenz,Generic,600mg,Tablet,30,950,4370.00,4.6,0.15,Mylan (formerly Matrix) Nashik,TRUE,76,"$1,017.15 ",9.42
"83,864",114-UG-T30,FPQ-15294,SO-50051,DN-4061,Uganda,PMO - US,From RDC,N/A - From RDC,Truck,11-03-14,N/A - From RDC,15-Jun-15,16-Jan-15,26-Jan-15,ARV,Adult,SCMS from RDC,"Efavirenz/Lamivudine/Tenofovir Disoproxil Fumarate 600/300/300mg, tablets, 30 Tabs",Efavirenz/Lamivudine/Tenofovir Disoproxil Fumarate,Generic,600/300/300mg,Tablet - FDC,30,"350,000",3416000.00,9.76,0.33,Mylan (formerly Matrix) Nashik,TRUE,41041,"$40,616.15 ","4,020.63"
"84,695",101-CD-T30,FPQ-8840,SO-41134,DN-2496,"Congo, DRC",PMO - US,From RDC,N/A - From RDC,Air,11/21/2011,N/A - From RDC,16-Mar-12,14-Feb-12,14-Feb-12,ARV,Adult,SCMS from RDC,"Efavirenz 600mg, tablets, 30 Tabs",Efavirenz,Generic,600mg,Tablet,30,19,78.28,4.12,0.14,"Strides, Bangalore, India.",FALSE,See DN-2496 (ID#:82434),null,0.11
"83,867",114-UG-T30,FPQ-14396,SO-48971,DN-4070,Uganda,PMO - US,From RDC,N/A - From RDC,Truck,06-04-14,N/A - From RDC,16-Feb-15,24-Jan-15,03-Feb-15,ARV,Adult,SCMS from RDC,"Efavirenz 600mg, tablets, 30 Tabs",Efavirenz,Generic,600mg,Tablet,30,"37,500",120375.00,3.21,0.11,"Cipla, Goa, India",TRUE,3961,"$3,562.44 ",123.75
"83,868",114-UG-T30,FPQ-14396,SO-48972,DN-4071,Uganda,PMO - US,From RDC,N/A - From RDC,Truck,06-04-14,N/A - From RDC,02-Feb-15,24-Jan-15,27-Jan-15,ARV,Adult,SCMS from RDC,"Lamivudine/Tenofovir Disoproxil Fumarate 300/300mg, tablets, 30 Tabs",Lamivudine/Tenofovir Disoproxil Fumarate,Generic,300/300mg,Tablet - FDC,30,"14,420",66764.60,4.63,0.15,"Cipla, Kurkumbh, India",TRUE,1467,"$1,319.21 ",68.63
"83,869",104-CI-T30,FPQ-13628,SO-47900,DN-4039,Côte d'Ivoire,PMO - US,From RDC,N/A - From RDC,Truck,1/29/2014,N/A - From RDC,30-Jan-15,11-Feb-15,16-Feb-15,ARV,Pediatric,SCMS from RDC,"Lamivudine/Zidovudine 30/60mg, dispersible tablets, 60 Tabs",Lamivudine/Zidovudine,Generic,30/60mg,Chewable/dispersible tablet - FDC,60,"14,344",28544.56,1.99,0.03,"Mylan,  H-12 & H-13, India",TRUE,1023,"$5,942.68 ",29.34
"83,872",111-MZ-T30,FPQ-13575,SO-47705,DN-4081,Mozambique,PMO - US,From RDC,N/A - From RDC,Truck,1/17/2014,N/A - From RDC,27-Feb-15,03-Mar-15,09-Mar-15,ARV,Adult,SCMS from RDC,"Abacavir 300mg, tablets, 60 Tabs",Abacavir,Generic,300mg,Tablet,60,"2,173",24685.28,11.36,0.19,Mylan (formerly Matrix) Nashik,TRUE,4076,"$4,834.60 ",25.38
"84,696",101-CD-T30,FPQ-8840,SO-41134,DN-2496,"Congo, DRC",PMO - US,From RDC,N/A - From RDC,Air,11/21/2011,N/A - From RDC,16-Mar-12,14-Feb-12,14-Feb-12,ARV,Adult,SCMS from RDC,"Lopinavir/Ritonavir 200/50mg, tablets, 120 Tabs",Lopinavir/Ritonavir,Generic,200/50mg,Tablet,120,17,573.58,33.74,0.28,"Aurobindo Unit III, India",FALSE,See DN-2496 (ID#:82434),null,0.8
"84,697",101-CD-T30,FPQ-8840,SO-41134,DN-2496,"Congo, DRC",PMO - US,From RDC,N/A - From RDC,Air,11/21/2011,N/A - From RDC,16-Mar-12,14-Feb-12,14-Feb-12,ARV,Adult,SCMS from RDC,"Nevirapine 200mg, tablets, 60 Tabs",Nevirapine,Generic,200mg,Tablet,60,40,103.20,2.58,0.04,"Strides, Bangalore, India.",FALSE,See DN-2496 (ID#:82434),null,0.14
"83,879",151-NG-T30,FPQ-14766,SO-49681,DN-4099,Nigeria,PMO - US,From RDC,N/A - From RDC,Air Charter,8/13/2014,N/A - From RDC,28-Feb-15,14-Jan-15,20-Jan-15,ARV,Adult,SCMS from RDC,"Efavirenz/Lamivudine/Tenofovir Disoproxil Fumarate 600/300/300mg, tablets, 30 Tabs",Efavirenz/Lamivudine/Tenofovir Disoproxil Fumarate,Generic,600/300/300mg,Tablet - FDC,30,"117,112",1143013.12,9.76,0.33,Hetero Unit III Hyderabad IN,TRUE,15735,"$37,929 ","1,175.02"
"83,880",114-UG-T30,FPQ-15294,SO-50090,DN-4102,Uganda,PMO - US,From RDC,N/A - From RDC,Truck,11-03-14,N/A - From RDC,27-Feb-15,24-Feb-15,24-Feb-15,ARV,Adult,SCMS from RDC,"Efavirenz/Lamivudine/Tenofovir Disoproxil Fumarate 600/300/300mg, tablets, 30 Tabs",Efavirenz/Lamivudine/Tenofovir Disoproxil Fumarate,Generic,600/300/300mg,Tablet - FDC,30,"2,361",24200.25,10.25,0.34,"Aurobindo Unit VII, IN",TRUE,1255,"$4,438 ",28.48
"83,881",114-UG-T30,FPQ-15638,SO-50650,DN-4106,Uganda,PMO - US,From RDC,N/A - From RDC,Truck,12/22/2014,N/A - From RDC,17-Feb-15,31-Jan-15,02-Feb-15,ARV,Adult,SCMS from RDC,"Nevirapine 200mg, tablets, 60 Tabs",Nevirapine,Generic,200mg,Tablet,60,"10,059",21928.62,2.18,0.04,Hetero Unit III Hyderabad IN,TRUE,632,"$2,643.50 ",25.81
"83,882",110-ZM-T30,FPQ-14784,SO-49630,DN-4111,Zambia,PMO - US,From RDC,N/A - From RDC,Truck,08-12-14,N/A - From RDC,31-Mar-15,19-Feb-15,20-Feb-15,ARV,Adult,SCMS from RDC,"Efavirenz 600mg, tablets, 30 Tabs",Efavirenz,Generic,600mg,Tablet,30,"41,416",132945.36,3.21,0.11,"Strides, Bangalore, India.",TRUE,7521,"$8,265.26 ",136.67
"85,222",101-CD-T30,FPQ-8840,SO-41134,DN-2496,"Congo, DRC",PMO - US,From RDC,N/A - From RDC,Air,11/21/2011,N/A - From RDC,16-Mar-12,14-Feb-12,14-Feb-12,ARV,Adult,SCMS from RDC,"Abacavir 300mg, tablets, 60 Tabs",Abacavir,Generic,300mg,Tablet,60,17,248.71,14.63,0.24,Mylan (formerly Matrix) Nashik,FALSE,See DN-2496 (ID#:82434),null,0.35
"83,885",151-NG-T30,FPQ-14156,SO-48909,DN-4123,Nigeria,PMO - US,From RDC,N/A - From RDC,Air Charter,4/25/2014,N/A - From RDC,02-Mar-15,05-Feb-15,10-Feb-15,ARV,Adult,SCMS from RDC,"Lamivudine/Zidovudine 150/300mg, tablets, 60 Tabs",Lamivudine/Zidovudine,Generic,150/300mg,Tablet - FDC,60,"164,867",1088122.20,6.6,0.11,Mylan (formerly Matrix) Nashik,TRUE,14794,"$34,099.18 ","1,118.59"
"83,886",151-NG-T30,FPQ-14766,SO-49683,DN-4128,Nigeria,PMO - US,From RDC,N/A - From RDC,Air Charter,8/13/2014,N/A - From RDC,28-Feb-15,05-Feb-15,16-Feb-15,ARV,Adult,SCMS from RDC,"Lamivudine/Nevirapine/Zidovudine 150/200/300mg, tablets, 60 Tabs",Lamivudine/Nevirapine/Zidovudine,Generic,150/300/200mg,Tablet - FDC,60,"42,500",328100.00,7.72,0.13,Hetero Unit III Hyderabad IN,TRUE,6229,"$12,045.84 ",337.29
"83,888",113-ZW-T30,FPQ-14458,SO-49150,DN-4129,Zimbabwe,PMO - US,From RDC,N/A - From RDC,Truck,6/13/2014,N/A - From RDC,09-Feb-15,10-Feb-15,20-Feb-15,ARV,Adult,SCMS from RDC,"Efavirenz/Lamivudine/Tenofovir Disoproxil Fumarate 600/300/300mg, tablets, 30 Tabs",Efavirenz/Lamivudine/Tenofovir Disoproxil Fumarate,Generic,600/300/300mg,Tablet - FDC,30,"400,000",3904000.00,9.76,0.33,Mylan (formerly Matrix) Nashik,TRUE,45186,"$47,401.47 ","4,013.31"
"83,890",104-CI-T30,FPQ-14370,SO-49050,DN-4138,Côte d'Ivoire,PMO - US,From RDC,N/A - From RDC,Truck,5/23/2014,N/A - From RDC,27-Feb-15,11-Mar-15,30-Mar-15,ARV,Adult,SCMS from RDC,"Lamivudine/Zidovudine 150/300mg, tablets, 60 Tabs",Lamivudine/Zidovudine,Generic,150/300mg,Tablet - FDC,60,"100,000",652000.00,6.52,0.11,Hetero Unit III Hyderabad IN,TRUE,8855,"$33,900.99 ",670.26
"83,891",114-UG-T30,FPQ-14396,SO-49010,DN-4151,Uganda,PMO - US,From RDC,N/A - From RDC,Truck,06-04-14,N/A - From RDC,16-Mar-15,12-Mar-15,17-Mar-15,ARV,Pediatric,SCMS from RDC,"Lamivudine/Nevirapine/Zidovudine 30/50/60mg, dispersible tablets, 60 Tabs",Lamivudine/Nevirapine/Zidovudine,Generic,30/50/60mg,Chewable/dispersible tablet - FDC,60,"6,384",22982.40,3.6,0.06,Mylan (formerly Matrix) Nashik,TRUE,382,"$1,587.30 ",23.63
"83,893",102-ZW-T30,FPQ-15196,SO-50000,DN-4156,Zimbabwe,PMO - US,From RDC,N/A - From RDC,Truck,10/16/2014,N/A - From RDC,30-Apr-15,17-Mar-15,18-Mar-15,ARV,Adult,SCMS from RDC,"Efavirenz/Lamivudine/Tenofovir Disoproxil Fumarate 600/300/300mg, tablets, 30 Tabs",Efavirenz/Lamivudine/Tenofovir Disoproxil Fumarate,Generic,600/300/300mg,Tablet - FDC,30,"81,589",783254.40,9.6,0.32,"Aurobindo Unit VII, IN",TRUE,21668,"$23,559.93 ",921.89
"83,556",101-CD-T30,FPQ-8840,SO-41135,DN-2497,"Congo, DRC",PMO - US,From RDC,N/A - From RDC,Air,11/21/2011,N/A - From RDC,16-Mar-12,14-Feb-12,14-Feb-12,ARV,Adult,SCMS from RDC,"Efavirenz 600mg, tablets, 30 Tabs",Efavirenz,Generic,600mg,Tablet,30,10,41.20,4.12,0.14,"Strides, Bangalore, India.",FALSE,See DN-2497 (ID#:82435),null,0.06
"84,698",101-CD-T30,FPQ-8840,SO-41135,DN-2497,"Congo, DRC",PMO - US,From RDC,N/A - From RDC,Air,11/21/2011,N/A - From RDC,16-Mar-12,14-Feb-12,14-Feb-12,ARV,Adult,SCMS from RDC,"Abacavir 300mg, tablets, 60 Tabs",Abacavir,Generic,300mg,Tablet,60,9,131.67,14.63,0.24,Mylan (formerly Matrix) Nashik,FALSE,See DN-2497 (ID#:82435),null,0.18
"83,898",102-ZW-T30,FPQ-13991,SO-48491,DN-4164,Zimbabwe,PMO - US,From RDC,N/A - From RDC,Truck,04-01-14,N/A - From RDC,30-Apr-15,17-Mar-15,19-Mar-15,ARV,Adult,SCMS from RDC,"Abacavir/Lamivudine 600/300mg, tablets, 30 Tabs",Abacavir/Lamivudine,Generic,600/300mg,Tablet - FDC,30,"1,087",14294.05,13.15,0.44,Mylan (formerly Matrix) Nashik,TRUE,102,$129.75 ,14.69
"85,223",101-CD-T30,FPQ-8840,SO-41135,DN-2497,"Congo, DRC",PMO - US,From RDC,N/A - From RDC,Air,11/21/2011,N/A - From RDC,16-Mar-12,14-Feb-12,14-Feb-12,ARV,Adult,SCMS from RDC,"Lopinavir/Ritonavir 200/50mg, tablets, 120 Tabs",Lopinavir/Ritonavir,Generic,200/50mg,Tablet,120,9,303.66,33.74,0.28,"Aurobindo Unit III, India",FALSE,See DN-2497 (ID#:82435),null,0.43
"83,900",111-MZ-T30,FPQ-15195,SO-50140,DN-4191,Mozambique,PMO - US,From RDC,N/A - From RDC,Truck,10/17/2014,N/A - From RDC,31-May-15,13-May-15,15-May-15,ARV,Adult,SCMS from RDC,"Efavirenz/Lamivudine/Tenofovir Disoproxil Fumarate 600/300/300mg, tablets, 30 Tabs",Efavirenz/Lamivudine/Tenofovir Disoproxil Fumarate,Generic,600/300/300mg,Tablet - FDC,30,"619,999",5951990.40,9.6,0.32,Hetero Unit III Hyderabad IN,TRUE,90446,"$68,874.85 ","7,005.49"
"85,817",101-CD-T30,FPQ-8840,SO-41135,DN-2497,"Congo, DRC",PMO - US,From RDC,N/A - From RDC,Air,11/21/2011,N/A - From RDC,16-Mar-12,14-Feb-12,14-Feb-12,ARV,Adult,SCMS from RDC,"Lamivudine/Zidovudine 150/300mg, tablets, 60 Tabs",Lamivudine/Zidovudine,Generic,150/300mg,Tablet - FDC,60,41,338.66,8.26,0.14,"Aurobindo Unit III, India",FALSE,See DN-2497 (ID#:82435),null,0.47
"86,441",101-CD-T30,FPQ-8840,SO-41135,DN-2497,"Congo, DRC",PMO - US,From RDC,N/A - From RDC,Air,11/21/2011,N/A - From RDC,16-Mar-12,14-Feb-12,14-Feb-12,ARV,Adult,SCMS from RDC,"Nevirapine 200mg, tablets, 60 Tabs",Nevirapine,Generic,200mg,Tablet,60,21,54.18,2.58,0.04,"Strides, Bangalore, India.",FALSE,See DN-2497 (ID#:82435),null,0.08
"83,003",101-CD-T30,FPQ-8840,SO-41136,DN-2498,"Congo, DRC",PMO - US,From RDC,N/A - From RDC,Air,11/21/2011,N/A - From RDC,16-Mar-12,14-Feb-12,14-Feb-12,ARV,Adult,SCMS from RDC,"Efavirenz 600mg, tablets, 30 Tabs",Efavirenz,Generic,600mg,Tablet,30,10,41.20,4.12,0.14,"Strides, Bangalore, India.",FALSE,See DN-2498 (ID#:83002),null,0.06
"84,134",101-CD-T30,FPQ-8840,SO-41136,DN-2498,"Congo, DRC",PMO - US,From RDC,N/A - From RDC,Air,11/21/2011,N/A - From RDC,16-Mar-12,14-Feb-12,14-Feb-12,ARV,Adult,SCMS from RDC,"Lamivudine/Nevirapine/Zidovudine 150/200/300mg, tablets, 60 Tabs",Lamivudine/Nevirapine/Zidovudine,Generic,150/300/200mg,Tablet - FDC,60,30,330.00,11,0.18,Mylan (formerly Matrix) Nashik,FALSE,See DN-2498 (ID#:83002),null,0.46
"83,906",102-BI-T30,FPQ-15406,SO-50290,DN-4210,Burundi,PMO - US,From RDC,N/A - From RDC,Air,11/19/2014,N/A - From RDC,30-Jun-15,22-Apr-15,23-Apr-15,ARV,Adult,SCMS from RDC,"Efavirenz/Lamivudine/Tenofovir Disoproxil Fumarate 600/300/300mg, tablets, 30 Tabs",Efavirenz/Lamivudine/Tenofovir Disoproxil Fumarate,Generic,600/300/300mg,Tablet - FDC,30,"8,190",78624.00,9.6,0.32,Mylan (formerly Matrix) Nashik,TRUE,1208,"$7,564.47 ",92.54
"83,907",103-ZW-T30,FPQ-15197,SO-50010,DN-4243,Zimbabwe,PMO - US,From RDC,N/A - From RDC,Truck,10/16/2014,N/A - From RDC,30-Apr-15,30-Apr-15,30-Apr-15,ARV,Pediatric,SCMS from RDC,"Lamivudine/Nevirapine/Zidovudine 30/50/60mg, dispersible tablets, 60 Tabs",Lamivudine/Nevirapine/Zidovudine,Generic,30/50/60mg,Chewable/dispersible tablet - FDC,60,"15,935",57366.00,3.6,0.06,Mylan (formerly Matrix) Nashik,TRUE,13469,"$16,679.87 ",67.52
"83,908",111-MZ-T30,FPQ-15195,SO-50122,DN-4248,Mozambique,PMO - US,From RDC,N/A - From RDC,Truck,10/17/2014,N/A - From RDC,30-Jun-15,15-Jun-15,15-Jun-15,ARV,Adult,SCMS from RDC,"Lamivudine/Tenofovir Disoproxil Fumarate 300/300mg, tablets, 30 Tabs",Lamivudine/Tenofovir Disoproxil Fumarate,Generic,300/300mg,Tablet - FDC,30,"56,994",263312.28,4.62,0.15,"Hetero, Jadcherla, unit 5, IN",TRUE,5358,"$5,894.11 ",309.92
"83,909",114-UG-T30,FPQ-15639,SO-50671,DN-4249,Uganda,PMO - US,From RDC,N/A - From RDC,Truck,12/22/2014,N/A - From RDC,30-Apr-15,15-May-15,17-May-15,ARV,Adult,SCMS from RDC,"Lamivudine/Zidovudine 150/300mg, tablets, 60 Tabs",Lamivudine/Zidovudine,Generic,150/300mg,Tablet - FDC,60,"45,671",297774.92,6.52,0.11,Hetero Unit III Hyderabad IN,TRUE,4055,"$4,112.56 ",350.48
"84,135",101-CD-T30,FPQ-8840,SO-41136,DN-2498,"Congo, DRC",PMO - US,From RDC,N/A - From RDC,Air,11/21/2011,N/A - From RDC,16-Mar-12,14-Feb-12,14-Feb-12,ARV,Adult,SCMS from RDC,"Nevirapine 200mg, tablets, 60 Tabs",Nevirapine,Generic,200mg,Tablet,60,22,56.76,2.58,0.04,"Strides, Bangalore, India.",FALSE,See DN-2498 (ID#:83002),null,0.08
"83,911",104-CI-T30,FPQ-15259,SO-50100,DN-4255,Côte d'Ivoire,PMO - US,From RDC,N/A - From RDC,Truck,10/24/2014,N/A - From RDC,19-Jun-15,08-Jun-15,19-Jun-15,ARV,Adult,SCMS from RDC,"Efavirenz 600mg, tablets, 30 Tabs",Efavirenz,Generic,600mg,Tablet,30,"14,996",46787.52,3.12,0.1,"Cipla, Goa, India",TRUE,33428,"$49,314.37 ",55.07
"84,699",101-CD-T30,FPQ-8840,SO-41136,DN-2498,"Congo, DRC",PMO - US,From RDC,N/A - From RDC,Air,11/21/2011,N/A - From RDC,16-Mar-12,14-Feb-12,14-Feb-12,ARV,Adult,SCMS from RDC,"Lamivudine/Zidovudine 150/300mg, tablets, 60 Tabs",Lamivudine/Zidovudine,Generic,150/300mg,Tablet - FDC,60,45,371.70,8.26,0.14,"Aurobindo Unit III, India",FALSE,See DN-2498 (ID#:83002),null,0.52
"84,700",101-CD-T30,FPQ-8840,SO-41136,DN-2498,"Congo, DRC",PMO - US,From RDC,N/A - From RDC,Air,11/21/2011,N/A - From RDC,16-Mar-12,14-Feb-12,14-Feb-12,ARV,Adult,SCMS from RDC,"Lopinavir/Ritonavir 200/50mg, tablets, 120 Tabs",Lopinavir/Ritonavir,Generic,200/50mg,Tablet,120,9,303.66,33.74,0.28,"Aurobindo Unit III, India",FALSE,See DN-2498 (ID#:83002),null,0.43
"84,136",101-CD-T30,FPQ-8840,SO-41137,DN-2499,"Congo, DRC",PMO - US,From RDC,N/A - From RDC,Air,11/21/2011,N/A - From RDC,16-Mar-12,14-Feb-12,14-Feb-12,ARV,Adult,SCMS from RDC,"Lamivudine/Zidovudine 150/300mg, tablets, 60 Tabs",Lamivudine/Zidovudine,Generic,150/300mg,Tablet - FDC,60,450,3717.00,8.26,0.14,"Aurobindo Unit III, India",FALSE,See DN-2499 (ID#:83004),null,5.21
"83,915",A01-SN-T50,FPQ-15899,SO-51380,DN-4293,Senegal,PMO - US,From RDC,N/A - From RDC,Air,2/19/2015,N/A - From RDC,22-Jun-15,25-Jun-15,25-Jun-15,ARV,Adult,SCMS from RDC,"Lopinavir/Ritonavir 200/50mg [Aluvia], tablets, 120 Tabs",Lopinavir/Ritonavir,Aluvia,200/50mg,Tablet,120,100,1864.00,18.64,0.16,ABBVIE Ludwigshafen Germany,TRUE,21,$632.63 ,2.19
"83,916",102-BI-T30,FPQ-15406,SO-50291,DN-4306,Burundi,PMO - US,From RDC,N/A - From RDC,Air,11/19/2014,N/A - From RDC,31-Jul-15,10-Jul-15,13-Jul-15,ARV,Adult,SCMS from RDC,"Lopinavir/Ritonavir 200/50mg, tablets, 120 Tabs",Lopinavir/Ritonavir,Generic,200/50mg,Tablet,120,240,4646.40,19.36,0.16,"Aurobindo Unit III, India",TRUE,58,"$1,289.48 ",5.47
"83,917",107-RW-T30,FPQ-14811,SO-49942,DN-4297,Rwanda,PMO - US,From RDC,N/A - From RDC,Truck,10/15/2014,N/A - From RDC,30-Jun-15,29-Jun-15,30-Jun-15,ARV,Pediatric,SCMS from RDC,"Abacavir/Lamivudine 60/30mg, dispersible tablets, 60 Tabs",Abacavir/Lamivudine,Generic,60/30mg,Chewable/dispersible tablet - FDC,60,"11,584",58962.56,5.09,0.08,"Cipla, Patalganga, India",TRUE,1043,"$8,819.61 ",60.61
"83,919",151-NG-T30,FPQ-16313,SO-51440,DN-4282,Nigeria,PMO - US,From RDC,N/A - From RDC,Air,05-04-15,N/A - From RDC,30-Jun-15,22-Jun-15,29-Jun-15,ARV,Adult,SCMS from RDC,"Lamivudine/Tenofovir Disoproxil Fumarate 300/300mg, tablets, 30 Tabs",Lamivudine/Tenofovir Disoproxil Fumarate,Generic,300/300mg,Tablet - FDC,30,"55,851",256356.09,4.59,0.15,Hetero Unit III Hyderabad IN,TRUE,6183,"$47,281.56 ",301.73
"83,920",103-ZW-T30,FPQ-15197,SO-50020,DN-4307,Zimbabwe,PMO - US,From RDC,N/A - From RDC,Truck,10/16/2014,N/A - From RDC,31-Jul-15,15-Jul-15,20-Jul-15,ARV,Pediatric,SCMS from RDC,"Lamivudine/Zidovudine 30/60mg, dispersible tablets, 60 Tabs",Lamivudine/Zidovudine,Generic,30/60mg,Chewable/dispersible tablet - FDC,60,"21,000",41790.00,1.99,0.03,"Mylan,  H-12 & H-13, India",TRUE,25880,"$46,111.55 ",49.19
"83,921",104-CI-T30,FPQ-15259,SO-50102,DN-4313,Côte d'Ivoire,PMO - US,From RDC,N/A - From RDC,Truck,10/24/2014,N/A - From RDC,31-Jul-15,06-Aug-15,07-Aug-15,ARV,Adult,SCMS from RDC,"Lamivudine/Tenofovir Disoproxil Fumarate 300/300mg, tablets, 30 Tabs",Lamivudine/Tenofovir Disoproxil Fumarate,Generic,300/300mg,Tablet - FDC,30,"6,750",31185.00,4.62,0.15,"Hetero, Jadcherla, unit 5, IN",TRUE,4426,"$14,734.92 ",36.7
"83,922",103-CM-T30,FPQ-16539,SO-51670,DN-4320,Cameroon,PMO - US,From RDC,N/A - From RDC,Air,6/29/2015,N/A - From RDC,10-Aug-15,19-Aug-15,31-Aug-15,ARV,Adult,SCMS from RDC,"Lopinavir/Ritonavir 200/50mg, tablets, 120 Tabs",Lopinavir/Ritonavir,Generic,200/50mg,Tablet,120,"12,000",232320.00,19.36,0.16,"Aurobindo Unit III, India",TRUE,2912,"$32,165.56 ",273.44
"84,137",101-CD-T30,FPQ-8840,SO-41137,DN-2499,"Congo, DRC",PMO - US,From RDC,N/A - From RDC,Air,11/21/2011,N/A - From RDC,16-Mar-12,14-Feb-12,14-Feb-12,ARV,Adult,SCMS from RDC,"Lopinavir/Ritonavir 200/50mg, tablets, 120 Tabs",Lopinavir/Ritonavir,Generic,200/50mg,Tablet,120,50,1687.00,33.74,0.28,"Aurobindo Unit III, India",FALSE,See DN-2499 (ID#:83004),null,2.37
"84,701",101-CD-T30,FPQ-8840,SO-41137,DN-2499,"Congo, DRC",PMO - US,From RDC,N/A - From RDC,Air,11/21/2011,N/A - From RDC,16-Mar-12,14-Feb-12,14-Feb-12,ARV,Adult,SCMS from RDC,"Lamivudine/Nevirapine/Zidovudine 150/200/300mg, tablets, 60 Tabs",Lamivudine/Nevirapine/Zidovudine,Generic,150/300/200mg,Tablet - FDC,60,680,7480.00,11,0.18,Mylan (formerly Matrix) Nashik,FALSE,See DN-2499 (ID#:83004),null,10.49
"85,224",101-CD-T30,FPQ-8840,SO-41137,DN-2499,"Congo, DRC",PMO - US,From RDC,N/A - From RDC,Air,11/21/2011,N/A - From RDC,16-Mar-12,14-Feb-12,14-Feb-12,ARV,Adult,SCMS from RDC,"Nevirapine 200mg, tablets, 60 Tabs",Nevirapine,Generic,200mg,Tablet,60,400,1032.00,2.58,0.04,"Strides, Bangalore, India.",FALSE,See DN-2499 (ID#:83004),null,1.45
"86,442",101-CD-T30,FPQ-8840,SO-41137,DN-2499,"Congo, DRC",PMO - US,From RDC,N/A - From RDC,Air,11/21/2011,N/A - From RDC,16-Mar-12,14-Feb-12,14-Feb-12,ARV,Adult,SCMS from RDC,"Efavirenz 600mg, tablets, 30 Tabs",Efavirenz,Generic,600mg,Tablet,30,560,2307.20,4.12,0.14,"Strides, Bangalore, India.",FALSE,See DN-2499 (ID#:83004),null,3.23
"82,437",101-CD-T30,FPQ-8840,SO-41138,DN-2500,"Congo, DRC",PMO - US,From RDC,N/A - From RDC,Air,11/21/2011,N/A - From RDC,10-Feb-12,14-Feb-12,14-Feb-12,ARV,Adult,SCMS from RDC,"Lopinavir/Ritonavir 200/50mg, tablets, 120 Tabs",Lopinavir/Ritonavir,Generic,200/50mg,Tablet,120,147,4959.78,33.74,0.28,"Aurobindo Unit III, India",FALSE,See DN-2500 (ID#:82436),null,6.95
"82,438",101-CD-T30,FPQ-8840,SO-41138,DN-2500,"Congo, DRC",PMO - US,From RDC,N/A - From RDC,Air,11/21/2011,N/A - From RDC,10-Feb-12,14-Feb-12,14-Feb-12,ARV,Adult,SCMS from RDC,"Nevirapine 200mg, tablets, 60 Tabs",Nevirapine,Generic,200mg,Tablet,60,341,879.78,2.58,0.04,"Strides, Bangalore, India.",FALSE,See DN-2500 (ID#:82436),null,1.23
"83,005",101-CD-T30,FPQ-8840,SO-41138,DN-2500,"Congo, DRC",PMO - US,From RDC,N/A - From RDC,Air,11/21/2011,N/A - From RDC,10-Feb-12,14-Feb-12,14-Feb-12,ARV,Adult,SCMS from RDC,"Efavirenz 600mg, tablets, 30 Tabs",Efavirenz,Generic,600mg,Tablet,30,59,243.08,4.12,0.14,"Strides, Bangalore, India.",FALSE,See DN-2500 (ID#:82436),null,0.34
"84,138",101-CD-T30,FPQ-8840,SO-41138,DN-2500,"Congo, DRC",PMO - US,From RDC,N/A - From RDC,Air,11/21/2011,N/A - From RDC,10-Feb-12,14-Feb-12,14-Feb-12,ARV,Adult,SCMS from RDC,"Lamivudine/Zidovudine 150/300mg, tablets, 60 Tabs",Lamivudine/Zidovudine,Generic,150/300mg,Tablet - FDC,60,274,2263.24,8.26,0.14,"Aurobindo Unit III, India",FALSE,See DN-2500 (ID#:82436),null,3.17
"86,443",101-CD-T30,FPQ-8840,SO-41138,DN-2500,"Congo, DRC",PMO - US,From RDC,N/A - From RDC,Air,11/21/2011,N/A - From RDC,10-Feb-12,14-Feb-12,14-Feb-12,ARV,Adult,SCMS from RDC,"Abacavir 300mg, tablets, 60 Tabs",Abacavir,Generic,300mg,Tablet,60,147,2150.61,14.63,0.24,Mylan (formerly Matrix) Nashik,FALSE,See DN-2500 (ID#:82436),null,3.02
"83,557",105-GY-T30,FPQ-8620,SO-41000,DN-2503,Guyana,PMO - US,From RDC,N/A - From RDC,Air,10/27/2011,N/A - From RDC,30-Mar-12,04-Feb-12,04-Feb-12,ARV,Pediatric,SCMS from RDC,"Efavirenz 200mg, capsule, 90 Caps",Efavirenz,Generic,200mg,Capsule,90,153,1357.11,8.87,0.1,"Aurobindo Unit III, India",FALSE,See DN-2503 (ID#:83007),null,1.9
"83,558",105-GY-T30,FPQ-8620,SO-41000,DN-2503,Guyana,PMO - US,From RDC,N/A - From RDC,Air,10/27/2011,N/A - From RDC,30-Mar-12,04-Feb-12,04-Feb-12,ARV,Pediatric,SCMS from RDC,"Abacavir 20mg/ml, oral solution w/syringe, Bottle, 240 ml",Abacavir,Generic,20mg/ml,Oral solution,240,55,687.50,12.5,0.05,"Aurobindo Unit III, India",FALSE,See DN-2503 (ID#:83007),null,0.96
"83,955",111-MZ-T30,FPQ-4479,SO-30441,DN-1495,Mozambique,PMO - US,From RDC,N/A - From RDC,Truck,2/26/2009,N/A - From RDC,01-Dec-09,18-Nov-09,18-Nov-09,ARV,Adult,SCMS from RDC,"Zidovudine 300mg, tablets, 60 Tabs",Zidovudine,Generic,300mg,Tablet,60,"16,566",127723.86,7.71,0.13,Hetero Unit III Hyderabad IN,TRUE,921,"$4,468.51 ",250.34
"85,819",105-GY-T30,FPQ-8620,SO-41000,DN-2503,Guyana,PMO - US,From RDC,N/A - From RDC,Air,10/27/2011,N/A - From RDC,30-Mar-12,04-Feb-12,04-Feb-12,ARV,Pediatric,SCMS from RDC,"Lamivudine 10mg/ml, oral solution w/syringe, Bottle, 240 ml",Lamivudine,Generic,10mg/ml,Oral solution,240,140,259.00,1.85,0.01,"Aurobindo Unit III, India",FALSE,See DN-2503 (ID#:83007),null,0.36
"86,444",105-GY-T30,FPQ-8620,SO-41000,DN-2503,Guyana,PMO - US,From RDC,N/A - From RDC,Air,10/27/2011,N/A - From RDC,30-Mar-12,04-Feb-12,04-Feb-12,ARV,Adult,SCMS from RDC,"Stavudine 15mg, capsules, 60 Caps",Stavudine,Generic,15mg,Capsule,60,12,15.84,1.32,0.02,"Aurobindo Unit III, India",FALSE,See DN-2503 (ID#:83007),null,0.02
"83,958",106-HT-T30,FPQ-4469,SO-34220,DN-1503,Haiti,PMO - US,From RDC,N/A - From RDC,Air,9/23/2009,N/A - From RDC,18-Nov-09,05-Nov-09,05-Nov-09,ARV,Adult,SCMS from RDC,"Lamivudine 150mg, tablets, 60 Tabs",Lamivudine,Generic,150mg,Tablet,60,"10,167",24807.48,2.44,0.04,"Aurobindo Unit III, India",TRUE,487,"$6,113.34 ",53.48
"83,959",110-ZM-T30,FPQ-4035,SO-34330,DN-1504,Zambia,PMO - US,From RDC,N/A - From RDC,Truck,08-05-09,N/A - From RDC,15-Nov-09,13-Nov-09,13-Nov-09,ARV,Adult,SCMS from RDC,"Efavirenz 600mg, tablets, 30 Tabs",Efavirenz,Generic,600mg,Tablet,30,"61,059",352921.02,5.78,0.19,"Emcure Plot No.P-2, I.T-B.T. Park, Phase II, MIDC, Hinjwadi, Pune, India",TRUE,4305,"$9,935.88 ",691.73
"83,960",114-UG-T30,FPQ-4453,SO-34150,DN-1507,Uganda,PMO - US,From RDC,N/A - From RDC,Air,09-02-09,N/A - From RDC,21-Nov-09,12-Nov-09,12-Nov-09,ARV,Adult,SCMS from RDC,"Efavirenz 600mg, tablets, 30 Tabs",Efavirenz,Generic,600mg,Tablet,30,200,1156.00,5.78,0.19,"Aurobindo Unit III, India",TRUE,22,$709.02 ,2.27
"83,961",104-CI-T30,FPQ-3964,SO-34500,DN-1523,Côte d'Ivoire,PMO - US,From RDC,N/A - From RDC,Air,7/24/2009,N/A - From RDC,01-Dec-09,02-Dec-09,02-Dec-09,ARV,Pediatric,SCMS from RDC,"Zidovudine 100mg, capsules, 100 Caps",Zidovudine,Generic,100mg,Capsule,100,"2,352",11760.00,5,0.05,"Aurobindo Unit III, India",TRUE,3189,"$1,211.48 ",23.05
"83,962",104-CI-T30,FPQ-3964,SO-33170,DN-1524,Côte d'Ivoire,PMO - US,From RDC,N/A - From RDC,Air,7/24/2009,N/A - From RDC,01-Dec-09,02-Dec-09,02-Dec-09,ARV,Pediatric,SCMS from RDC,"Didanosine 200mg, chewable/dispersible tablets, 60 Tabs",Didanosine,Generic,200mg,Chewable/dispersible tablet,60,"1,833",28411.50,15.5,0.26,"Aurobindo Unit III, India",TRUE,378,"$1,211.48 ",55.69
"83,963",104-CI-T30,FPQ-4378,SO-34460,DN-1527,Côte d'Ivoire,PMO - US,From RDC,N/A - From RDC,Air,10/15/2009,N/A - From RDC,30-Nov-09,02-Dec-09,02-Dec-09,ARV,Adult,SCMS from RDC,"Abacavir 300mg, tablets, 60 Tabs",Abacavir,Generic,300mg,Tablet,60,"2,590",55477.80,21.42,0.36,Mylan (formerly Matrix) Nashik,TRUE,257,"$1,211.48 ",108.74
"83,964",106-HT-T30,FPQ-4469,SO-34240,DN-1530,Haiti,PMO - US,From RDC,N/A - From RDC,Air,9/23/2009,N/A - From RDC,30-Nov-09,30-Nov-09,30-Nov-09,ARV,Adult,SCMS from RDC,"Stavudine 20mg, capsules, 60 Caps",Stavudine,Generic,20mg,Capsule,60,108,180.36,1.67,0.03,"Aurobindo Unit III, India",TRUE,1857,"$11,091.78 ",0.39
"83,965",106-HT-T30,FPQ-4469,SO-34190,DN-1531,Haiti,PMO - US,From RDC,N/A - From RDC,Air,9/23/2009,N/A - From RDC,02-Dec-09,30-Nov-09,30-Nov-09,ARV,Adult,SCMS from RDC,"Zidovudine 300mg, tablets, 60 Tabs",Zidovudine,Generic,300mg,Tablet,60,990,7454.70,7.53,0.13,"Aurobindo Unit III, India",TRUE,109,"$10,331.78 ",16.07
"83,966",110-ZM-T30,FPQ-4029,SO-33190,DN-1521,Zambia,PMO - US,From RDC,N/A - From RDC,Air,08-05-09,N/A - From RDC,30-Nov-09,11-Nov-09,11-Nov-09,ARV,Adult,SCMS from RDC,"Lamivudine 150mg, tablets, 60 Tabs",Lamivudine,Generic,150mg,Tablet,60,"16,539",40355.16,2.44,0.04,"Aurobindo Unit III, India",TRUE,796,"$4,234.42 ",79.1
"83,560",101-CD-T30,FPQ-8840,SO-41140,DN-2504,"Congo, DRC",PMO - US,From RDC,N/A - From RDC,Air,11/21/2011,N/A - From RDC,16-Mar-12,03-Apr-12,03-Apr-12,ARV,Adult,SCMS from RDC,"Lamivudine/Tenofovir Disoproxil Fumarate 300/300mg, tablets, 30 Tabs",Lamivudine/Tenofovir Disoproxil Fumarate,Generic,300/300mg,Tablet - FDC,30,8,48.64,6.08,0.2,Mylan (formerly Matrix) Nashik,FALSE,See DN-2504 (ID#:83559),null,0.07
"83,968",151-NG-T30,FPQ-4105,SO-33140,DN-1562,Nigeria,PMO - US,From RDC,N/A - From RDC,Air Charter,8/13/2009,N/A - From RDC,18-Dec-09,18-Dec-09,18-Dec-09,ARV,Adult,SCMS from RDC,"Lamivudine/Nevirapine/Zidovudine 150/200/300mg, tablets, 60 Tabs",Lamivudine/Nevirapine/Zidovudine,Generic,150/300/200mg,Tablet - FDC,60,"28,000",317800.00,11.35,0.19,"Aurobindo Unit III, India",TRUE,3239,"$11,637.64 ",622.89
"83,969",110-ZM-T30,FPQ-4035,SO-34760,DN-1573,Zambia,PMO - US,From RDC,N/A - From RDC,Truck,08-05-09,N/A - From RDC,15-Jan-10,03-Dec-09,03-Dec-09,ARV,Adult,SCMS from RDC,"Nevirapine 200mg, tablets, 60 Tabs",Nevirapine,Generic,200mg,Tablet,60,"29,683",86080.70,2.9,0.05,"Cipla, Goa, India",TRUE,3254,"$8,104.79 ",168.72
"83,970",114-UG-T30,FPQ-4497,SO-34810,DN-1595,Uganda,PMO - US,From RDC,N/A - From RDC,Air,10/28/2009,N/A - From RDC,03-Feb-10,23-Dec-09,23-Dec-09,ARV,Adult,SCMS from RDC,"Stavudine 30mg, capsules, 60 Caps",Stavudine,Generic,30mg,Capsule,60,100,146.00,1.46,0.02,"Aurobindo Unit III, India",TRUE,7,$523.64 ,0.31
"83,971",108-VN-T30,FPQ-4689,SO-35250,DN-1602,Vietnam,PMO - US,From RDC,N/A - From RDC,Air,12-03-09,N/A - From RDC,11-Feb-10,18-Dec-09,18-Dec-09,ARV,Adult,SCMS from RDC,"Lamivudine/Zidovudine 150/300mg, tablets, 60 Tabs",Lamivudine/Zidovudine,Generic,150/300mg,Tablet - FDC,60,"6,384",55923.84,8.76,0.15,"Aurobindo Unit III, India",TRUE,579,"$3,119.75 ",120.57
"86,445",101-CD-T30,FPQ-8840,SO-41140,DN-2504,"Congo, DRC",PMO - US,From RDC,N/A - From RDC,Air,11/21/2011,N/A - From RDC,16-Mar-12,03-Apr-12,03-Apr-12,ARV,Adult,SCMS from RDC,"Zidovudine 300mg, tablets, 60 Tabs",Zidovudine,Generic,300mg,Tablet,60,166,1165.32,7.02,0.12,Hetero Unit III Hyderabad IN,FALSE,See DN-2504 (ID#:83559),null,1.63
"83,973",117-ET-T30,FPQ-4828,SO-35470,DN-1616,Ethiopia,PMO - US,From RDC,N/A - From RDC,Air,12/28/2009,N/A - From RDC,28-Feb-10,15-Jan-10,15-Jan-10,ARV,Adult,SCMS from RDC,"Lamivudine/Zidovudine 150/300mg, tablets, 60 Tabs",Lamivudine/Zidovudine,Generic,150/300mg,Tablet - FDC,60,"16,019",140326.44,8.76,0.15,"Aurobindo Unit III, India",TRUE,1454,"$5,187.50 ",302.54
"83,974",104-CI-T30,FPQ-3964,SO-34521,DN-1620,Côte d'Ivoire,PMO - US,From RDC,N/A - From RDC,Air,7/24/2009,N/A - From RDC,08-Feb-10,23-Jan-10,23-Jan-10,ARV,Adult,SCMS from RDC,"Efavirenz 600mg, tablets, 30 Tabs",Efavirenz,Generic,600mg,Tablet,30,"8,676",50147.28,5.78,0.19,"Aurobindo Unit III, India",TRUE,4845,"$5,254.10 ",98.29
"83,975",114-UG-T30,FPQ-4497,SO-34850,DN-1636,Uganda,PMO - US,From RDC,N/A - From RDC,Truck,10/28/2009,N/A - From RDC,11-Feb-10,29-Jan-10,29-Jan-10,ARV,Adult,SCMS from RDC,"Lamivudine/Zidovudine 150/300mg, tablets, 60 Tabs",Lamivudine/Zidovudine,Generic,150/300mg,Tablet - FDC,60,380,3328.80,8.76,0.15,Mylan (formerly Matrix) Nashik,TRUE,67,"$1,549.83 ",7.18
"83,976",104-CI-T30,FPQ-4378,SO-35800,DN-1642,Côte d'Ivoire,PMO - US,From RDC,N/A - From RDC,Air,10/15/2009,N/A - From RDC,06-Apr-10,15-Feb-10,15-Feb-10,ARV,Adult,SCMS from RDC,"Nevirapine 200mg, tablets, 60 Tabs",Nevirapine,Generic,200mg,Tablet,60,"4,319",11790.87,2.73,0.05,"Aurobindo Unit III, India",TRUE,409,"$1,083.30 ",23.11
"85,226",101-CD-T30,FPQ-8840,SO-41141,DN-2505,"Congo, DRC",PMO - US,From RDC,N/A - From RDC,Air,11/21/2011,N/A - From RDC,16-Mar-12,14-Mar-12,14-Mar-12,ARV,Pediatric,SCMS from RDC,"Nevirapine 10mg/ml, oral suspension w/syringe, Bottle, 240 ml",Nevirapine,Generic,10mg/ml,Oral suspension,240,463,902.85,1.95,0.01,"Aurobindo Unit III, India",FALSE,See DN-2505 (ID#:83561),null,1.27
"86,446",101-CD-T30,FPQ-8840,SO-41141,DN-2505,"Congo, DRC",PMO - US,From RDC,N/A - From RDC,Air,11/21/2011,N/A - From RDC,16-Mar-12,14-Mar-12,14-Mar-12,ARV,Adult,SCMS from RDC,"Zidovudine 300mg, tablets, 60 Tabs",Zidovudine,Generic,300mg,Tablet,60,720,5054.40,7.02,0.12,Hetero Unit III Hyderabad IN,FALSE,See DN-2505 (ID#:83561),null,7.09
"83,008",101-CD-T30,FPQ-8840,SO-41142,DN-2506,"Congo, DRC",PMO - US,From RDC,N/A - From RDC,Air,11/21/2011,N/A - From RDC,16-Mar-12,14-Mar-12,14-Mar-12,ARV,Adult,SCMS from RDC,"Lamivudine/Tenofovir Disoproxil Fumarate 300/300mg, tablets, 30 Tabs",Lamivudine/Tenofovir Disoproxil Fumarate,Generic,300/300mg,Tablet - FDC,30,14,85.12,6.08,0.2,Mylan (formerly Matrix) Nashik,FALSE,See DN-2506 (ID#:82439),null,0.12
"83,980",113-ZW-T30,FPQ-4472,SO-27210,DN-1657,Zimbabwe,PMO - US,From RDC,N/A - From RDC,Truck,3/17/2009,N/A - From RDC,31-Mar-10,12-Mar-10,12-Mar-10,ARV,Adult,SCMS from RDC,"Lamivudine/Stavudine 150/30mg, tablets, 60 Tabs",Lamivudine/Stavudine,Generic,150/30mg,Tablet - FDC,60,"4,000",13600.00,3.4,0.06,"Cipla, Goa, India",TRUE,632,"$3,302.14 ",26.66
"83,981",104-CI-T30,FPQ-4378,SO-34410,DN-1662,Côte d'Ivoire,PMO - US,From RDC,N/A - From RDC,Air,10/15/2009,N/A - From RDC,09-Mar-10,01-Mar-10,01-Mar-10,ARV,Pediatric,SCMS from RDC,"Efavirenz 200mg, capsule, 90 Caps",Efavirenz,Generic,200mg,Capsule,90,"2,066",20804.62,10.07,0.11,"Aurobindo Unit III, India",TRUE,1560,"$3,688.33 ",40.78
"85,227",101-CD-T30,FPQ-8840,SO-41142,DN-2506,"Congo, DRC",PMO - US,From RDC,N/A - From RDC,Air,11/21/2011,N/A - From RDC,16-Mar-12,14-Mar-12,14-Mar-12,ARV,Pediatric,SCMS from RDC,"Nevirapine 10mg/ml, oral suspension w/syringe, Bottle, 240 ml",Nevirapine,Generic,10mg/ml,Oral suspension,240,620,1209.00,1.95,0.01,"Aurobindo Unit III, India",FALSE,See DN-2506 (ID#:82439),null,1.7
"83,983",106-HT-T30,FPQ-4384,SO-34690,DN-1673,Haiti,PMO - US,From RDC,N/A - From RDC,Air,10/23/2009,N/A - From RDC,15-Mar-10,15-Mar-10,15-Mar-10,ARV,Adult,SCMS from RDC,"Nevirapine 200mg, tablets, 60 Tabs",Nevirapine,Generic,200mg,Tablet,60,"11,500",31395.00,2.73,0.05,Hetero Unit III Hyderabad IN,TRUE,1870,"$13,122.39 ",67.69
"83,562",101-CD-T30,FPQ-8840,SO-41143,DN-2507,"Congo, DRC",PMO - US,From RDC,N/A - From RDC,Air,11/21/2011,N/A - From RDC,16-Mar-12,11-Apr-12,11-Apr-12,ARV,Pediatric,SCMS from RDC,"Nevirapine 10mg/ml, oral suspension w/syringe, Bottle, 240 ml",Nevirapine,Generic,10mg/ml,Oral suspension,240,699,1363.05,1.95,0.01,"Aurobindo Unit III, India",FALSE,See DN-2507 (ID#:82440),null,1.91
"83,985",114-UG-T30,FPQ-4496,SO-35630,DN-1675,Uganda,PMO - US,From RDC,N/A - From RDC,Air,10/28/2009,N/A - From RDC,22-Mar-10,17-Mar-10,17-Mar-10,ARV,Adult,SCMS from RDC,"Efavirenz 600mg, tablets, 30 Tabs",Efavirenz,Generic,600mg,Tablet,30,"5,000",25650.00,5.13,0.17,"Aurobindo Unit III, India",TRUE,456,"$5,186.68 ",55.3
"83,986",104-CI-T30,FPQ-4378,SO-34414,DN-1676,Côte d'Ivoire,PMO - US,From RDC,N/A - From RDC,Air,10/15/2009,N/A - From RDC,09-Mar-10,10-Mar-10,10-Mar-10,ARV,Pediatric,SCMS from RDC,"Efavirenz 200mg, capsule, 90 Caps",Efavirenz,Generic,200mg,Capsule,90,769,7743.83,10.07,0.11,"Aurobindo Unit III, India",TRUE,93,"$4,519.96 ",15.18
"85,820",101-CD-T30,FPQ-8840,SO-41143,DN-2507,"Congo, DRC",PMO - US,From RDC,N/A - From RDC,Air,11/21/2011,N/A - From RDC,16-Mar-12,11-Apr-12,11-Apr-12,ARV,Adult,SCMS from RDC,"Lamivudine/Tenofovir Disoproxil Fumarate 300/300mg, tablets, 30 Tabs",Lamivudine/Tenofovir Disoproxil Fumarate,Generic,300/300mg,Tablet - FDC,30,15,91.20,6.08,0.2,Mylan (formerly Matrix) Nashik,FALSE,See DN-2507 (ID#:82440),null,0.13
"86,447",101-CD-T30,FPQ-8840,SO-41144,DN-2508,"Congo, DRC",PMO - US,From RDC,N/A - From RDC,Air,11/21/2011,N/A - From RDC,16-Mar-12,14-Mar-12,14-Mar-12,ARV,Pediatric,SCMS from RDC,"Nevirapine 10mg/ml, oral suspension w/syringe, Bottle, 240 ml",Nevirapine,Generic,10mg/ml,Oral suspension,240,291,567.45,1.95,0.01,"Aurobindo Unit III, India",FALSE,See DN-2508 (ID#:85821),null,0.8
"86,448",101-CD-T30,FPQ-8840,SO-41144,DN-2508,"Congo, DRC",PMO - US,From RDC,N/A - From RDC,Air,11/21/2011,N/A - From RDC,16-Mar-12,14-Mar-12,14-Mar-12,ARV,Adult,SCMS from RDC,"Lamivudine/Tenofovir Disoproxil Fumarate 300/300mg, tablets, 30 Tabs",Lamivudine/Tenofovir Disoproxil Fumarate,Generic,300/300mg,Tablet - FDC,30,36,218.88,6.08,0.2,Mylan (formerly Matrix) Nashik,FALSE,See DN-2508 (ID#:85821),null,0.31
"83,990",151-NG-T30,FPQ-4537,SO-35080,DN-1728,Nigeria,PMO - US,From RDC,N/A - From RDC,Air Charter,11-06-09,N/A - From RDC,19-Apr-10,18-May-10,18-May-10,ARV,Adult,SCMS from RDC,"Lamivudine/Tenofovir Disoproxil Fumarate 300/300mg, tablets, 30 Tabs",Lamivudine/Tenofovir Disoproxil Fumarate,Generic,300/300mg,Tablet - FDC,30,"40,148",401480.00,10,0.33,Mylan (formerly Matrix) Nashik,TRUE,3312,"$9,736.10 ",865.59
"85,228",101-CD-T30,FPQ-8840,SO-41145,DN-2509,"Congo, DRC",PMO - US,From RDC,N/A - From RDC,Air,11/21/2011,N/A - From RDC,16-Mar-12,13-Apr-12,13-Apr-12,ARV,Pediatric,SCMS from RDC,"Nevirapine 10mg/ml, oral suspension w/syringe, Bottle, 240 ml",Nevirapine,Generic,10mg/ml,Oral suspension,240,151,294.45,1.95,0.01,"Aurobindo Unit III, India",FALSE,See DN-2509 (ID#:82441),null,0.41
"83,992",114-UG-T30,FPQ-4496,SO-35000,DN-1751,Uganda,PMO - US,From RDC,N/A - From RDC,Truck,10/28/2009,N/A - From RDC,12-Apr-10,25-Mar-10,25-Mar-10,ARV,Adult,SCMS from RDC,"Lamivudine/Zidovudine 150/300mg, tablets, 60 Tabs",Lamivudine/Zidovudine,Generic,150/300mg,Tablet - FDC,60,"4,200",36792.00,8.76,0.15,Hetero Unit III Hyderabad IN,TRUE,275,"$11,991.12 ",79.32
"83,993",114-UG-T30,FPQ-5275,SO-36250,DN-1769,Uganda,PMO - US,From RDC,N/A - From RDC,Air,03-04-10,N/A - From RDC,04-Jun-10,12-Apr-10,12-Apr-10,ARV,Adult,SCMS from RDC,"Zidovudine 300mg, tablets, 60 Tabs",Zidovudine,Generic,300mg,Tablet,60,90,675.00,7.5,0.12,"Aurobindo Unit III, India",TRUE,4,$521.52 ,1.46
"83,995",107-RW-T30,FPQ-5393,SO-36390,DN-1773,Rwanda,PMO - US,From RDC,N/A - From RDC,Air,3/23/2010,N/A - From RDC,15-Jun-10,19-Apr-10,19-Apr-10,ARV,Adult,SCMS from RDC,"Lamivudine/Nevirapine/Zidovudine 150/200/300mg, tablets, 60 Tabs",Lamivudine/Nevirapine/Zidovudine,Generic,150/300/200mg,Tablet - FDC,60,"25,000",280500.00,11.22,0.19,"Aurobindo Unit III, India",TRUE,2930,"$42,573.95 ",604.76
"83,996",151-NG-T30,FPQ-4537,SO-34918,DN-1783,Nigeria,PMO - US,From RDC,N/A - From RDC,Air Charter,11-06-09,N/A - From RDC,31-May-10,18-May-10,18-May-10,ARV,Adult,SCMS from RDC,"Efavirenz 600mg, tablets, 30 Tabs",Efavirenz,Generic,600mg,Tablet,30,210,997.50,4.75,0.16,"Aurobindo Unit III, India",TRUE,19,"$9,736.10 ",2.15
"83,997",151-NG-T30,FPQ-4537,SO-35090,DN-1784,Nigeria,PMO - US,From RDC,N/A - From RDC,Air Charter,11-06-09,N/A - From RDC,31-May-10,18-May-10,18-May-10,ARV,Adult,SCMS from RDC,"Zidovudine 300mg, tablets, 60 Tabs",Zidovudine,Generic,300mg,Tablet,60,"9,924",74430.00,7.5,0.12,"Aurobindo Unit III, India",TRUE,544,"$9,736.10 ",160.47
"85,229",101-CD-T30,FPQ-8840,SO-41145,DN-2509,"Congo, DRC",PMO - US,From RDC,N/A - From RDC,Air,11/21/2011,N/A - From RDC,16-Mar-12,13-Apr-12,13-Apr-12,ARV,Adult,SCMS from RDC,"Lamivudine/Tenofovir Disoproxil Fumarate 300/300mg, tablets, 30 Tabs",Lamivudine/Tenofovir Disoproxil Fumarate,Generic,300/300mg,Tablet - FDC,30,19,115.52,6.08,0.2,Mylan (formerly Matrix) Nashik,FALSE,See DN-2509 (ID#:82441),null,0.16
"83,999",151-NG-T30,FPQ-4537,SO-35024,DN-1807,Nigeria,PMO - US,From RDC,N/A - From RDC,Air Charter,11-06-09,N/A - From RDC,31-May-10,18-May-10,18-May-10,ARV,Adult,SCMS from RDC,"Efavirenz/Emtricitabine/Tenofovir Disoproxil Fumarate 600/200/300mg, tablets, 30 Tabs",Efavirenz/Emtricitabine/Tenofovir Disoproxil Fumarate,Generic,600/200/300mg,Tablet - FDC,30,"1,590",31672.80,19.92,0.66,Mylan (formerly Matrix) Nashik,TRUE,174,"$9,736.10 ",68.29
"84,000",151-NG-T30,FPQ-4537,SO-36002,DN-1814,Nigeria,PMO - US,From RDC,N/A - From RDC,Air Charter,11-06-09,N/A - From RDC,31-May-10,18-May-10,18-May-10,ARV,Adult,SCMS from RDC,"Nevirapine 200mg, tablets, 60 Tabs",Nevirapine,Generic,200mg,Tablet,60,"46,001",122362.66,2.66,0.04,"Strides, Bangalore, India.",TRUE,2526,"$9,736.10 ",263.81
"84,001",110-ZM-T30,FPQ-4273,SO-33700,DN-1828,Zambia,PMO - US,From RDC,N/A - From RDC,Truck,9/17/2009,N/A - From RDC,17-May-10,11-May-10,11-May-10,ARV,Adult,SCMS from RDC,"Lamivudine/Zidovudine 150/300mg, tablets, 60 Tabs",Lamivudine/Zidovudine,Generic,150/300mg,Tablet - FDC,60,"27,440",240374.40,8.76,0.15,"Aurobindo Unit III, India",TRUE,2475,"$4,964.27 ",471.13
"84,002",113-ZW-T30,FPQ-4688,SO-35900,DN-1830,Zimbabwe,PMO - US,From RDC,N/A - From RDC,Air,12-08-09,N/A - From RDC,28-May-10,31-May-10,31-May-10,ARV,Adult,SCMS from RDC,"Lamivudine/Nevirapine/Stavudine 150/200/30mg, tablets, 60 Tabs",Lamivudine/Nevirapine/Stavudine,Generic,150/200/30mg,Tablet - FDC,60,298,1743.30,5.85,0.1,"Cipla, Goa, India",TRUE,31,"$3,833.17 ",3.76
"84,039",104-CI-T30,FPQ-4659,SO-35562,DN-2004,Côte d'Ivoire,PMO - US,From RDC,N/A - From RDC,Air,12-08-09,N/A - From RDC,30-Sep-10,06-Sep-10,06-Sep-10,ARV,Pediatric,SCMS from RDC,"Didanosine 200mg, chewable/dispersible tablets, 60 Tabs",Didanosine,Generic,200mg,Chewable/dispersible tablet,60,632,9796.00,15.5,0.26,"Aurobindo Unit III, India",TRUE,134,"$8,815.65 ",21.12
"84,139",101-CD-T30,FPQ-8840,SO-41146,DN-2510,"Congo, DRC",PMO - US,From RDC,N/A - From RDC,Air,11/21/2011,N/A - From RDC,16-Mar-12,23-Mar-12,23-Mar-12,ARV,Pediatric,SCMS from RDC,"Nevirapine 10mg/ml, oral suspension w/syringe, Bottle, 240 ml",Nevirapine,Generic,10mg/ml,Oral suspension,240,163,317.85,1.95,0.01,"Aurobindo Unit III, India",FALSE,See DN-2510 (ID#:82442),null,0.45
"84,004",114-UG-T30,FPQ-5275,SO-36270,DN-1834,Uganda,PMO - US,From RDC,N/A - From RDC,Air,03-04-10,N/A - From RDC,31-May-10,19-May-10,19-May-10,ARV,Adult,SCMS from RDC,"Lamivudine/Nevirapine/Stavudine 150/200/30mg, tablets, 60 Tabs",Lamivudine/Nevirapine/Stavudine,Generic,150/200/30mg,Tablet - FDC,60,"7,800",47658.00,6.11,0.1,"Strides, Bangalore, India.",TRUE,580,"$6,637.05 ",102.75
"84,005",113-ZW-T30,FPQ-4694,SO-35350,DN-1839,Zimbabwe,PMO - US,From RDC,N/A - From RDC,Truck,12-08-09,N/A - From RDC,30-Jul-10,31-May-10,31-May-10,ARV,Adult,SCMS from RDC,"Efavirenz 600mg, tablets, 30 Tabs",Efavirenz,Generic,600mg,Tablet,30,"5,900",28025.00,4.75,0.16,"Aurobindo Unit III, India",TRUE,509,"$3,833.17 ",60.42
"84,006",114-UG-T30,FPQ-5239,SO-36151,DN-1841,Uganda,PMO - US,From RDC,N/A - From RDC,Air,03-02-10,N/A - From RDC,09-Jun-10,25-May-10,25-May-10,ARV,Adult,SCMS from RDC,"Lamivudine/Nevirapine/Zidovudine 150/200/300mg, tablets, 60 Tabs",Lamivudine/Nevirapine/Zidovudine,Generic,150/300/200mg,Tablet - FDC,60,"4,782",53654.04,11.22,0.19,Mylan (formerly Matrix) Nashik,TRUE,617,"$8,676.90 ",115.68
"84,007",106-HT-T30,FPQ-4384,SO-34640,DN-1842,Haiti,PMO - US,From RDC,N/A - From RDC,Air,10/23/2009,N/A - From RDC,02-Jun-10,09-Jun-10,09-Jun-10,ARV,Pediatric,SCMS from RDC,"Lamivudine 10mg/ml, oral solution, Bottle, 240 ml",Lamivudine,Generic,10mg/ml,Oral solution,240,"3,168",6336.00,2,0.01,"Cipla, Goa, India",TRUE,1765,"$18,473.10 ",13.66
"84,008",114-UG-T30,FPQ-5239,SO-36140,DN-1853,Uganda,PMO - US,From RDC,N/A - From RDC,Air,03-02-10,N/A - From RDC,09-Jun-10,15-Jun-10,15-Jun-10,ARV,Adult,SCMS from RDC,"Emtricitabine/Tenofovir Disoproxil Fumarate 200/300mg, tablets, 30 Tabs",Emtricitabine/Tenofovir Disoproxil Fumarate,Generic,200/300mg,Tablet - FDC,30,"2,797",32864.75,11.75,0.39,Mylan (formerly Matrix) Nashik,TRUE,210,"$5,841.92 ",70.86
"84,009",117-ET-T30,FPQ-5668,SO-36811,DN-1869,Ethiopia,PMO - US,From RDC,N/A - From RDC,Air,05-07-10,N/A - From RDC,30-Jun-10,18-Jun-10,18-Jun-10,ARV,Adult,SCMS from RDC,"Lamivudine 150mg, tablets, 60 Tabs",Lamivudine,Generic,150mg,Tablet,60,"20,000",46600.00,2.33,0.04,"Aurobindo Unit III, India",TRUE,955,"$6,154.80 ",100.47
"84,010",107-RW-T30,FPQ-5394,SO-36580,DN-1870,Rwanda,PMO - US,From RDC,N/A - From RDC,Air,3/25/2010,N/A - From RDC,15-Jul-10,07-Jul-10,07-Jul-10,ARV,Adult,SCMS from RDC,"Lamivudine/Nevirapine/Zidovudine 150/200/300mg, tablets, 60 Tabs",Lamivudine/Nevirapine/Zidovudine,Generic,150/300/200mg,Tablet - FDC,60,"5,869",65850.18,11.22,0.19,Mylan (formerly Matrix) Nashik,TRUE,758,"$8,929.51 ",141.97
"85,230",101-CD-T30,FPQ-8840,SO-41146,DN-2510,"Congo, DRC",PMO - US,From RDC,N/A - From RDC,Air,11/21/2011,N/A - From RDC,16-Mar-12,23-Mar-12,23-Mar-12,ARV,Adult,SCMS from RDC,"Zidovudine 300mg, tablets, 60 Tabs",Zidovudine,Generic,300mg,Tablet,60,105,737.10,7.02,0.12,Hetero Unit III Hyderabad IN,FALSE,See DN-2510 (ID#:82442),null,1.03
"84,013",111-MZ-T30,FPQ-4473,SO-37050,DN-1891,Mozambique,PMO - US,From RDC,N/A - From RDC,Air,2/26/2009,N/A - From RDC,31-Aug-10,20-Jul-10,20-Jul-10,ARV,Adult,SCMS from RDC,"Nevirapine 200mg, tablets, 60 Tabs",Nevirapine,Generic,200mg,Tablet,60,"3,000",7980.00,2.66,0.04,"Strides, Bangalore, India.",TRUE,210,"$1,894.20 ",15.64
"83,564",101-CD-T30,FPQ-8840,SO-41147,DN-2511,"Congo, DRC",PMO - US,From RDC,N/A - From RDC,Air,11/21/2011,N/A - From RDC,16-Mar-12,14-Mar-12,14-Mar-12,ARV,Adult,SCMS from RDC,"Zidovudine 300mg, tablets, 60 Tabs",Zidovudine,Generic,300mg,Tablet,60,"1,700",11934.00,7.02,0.12,Hetero Unit III Hyderabad IN,FALSE,See DN-2511 (ID#:83563),null,16.73
"84,702",101-CD-T30,FPQ-8840,SO-41147,DN-2511,"Congo, DRC",PMO - US,From RDC,N/A - From RDC,Air,11/21/2011,N/A - From RDC,16-Mar-12,14-Mar-12,14-Mar-12,ARV,Adult,SCMS from RDC,"Lamivudine/Tenofovir Disoproxil Fumarate 300/300mg, tablets, 30 Tabs",Lamivudine/Tenofovir Disoproxil Fumarate,Generic,300/300mg,Tablet - FDC,30,45,273.60,6.08,0.2,Mylan (formerly Matrix) Nashik,FALSE,See DN-2511 (ID#:83563),null,0.38
"83,565",101-CD-T30,FPQ-8840,SO-41148,DN-2512,"Congo, DRC",PMO - US,From RDC,N/A - From RDC,Air,11/21/2011,N/A - From RDC,16-Mar-12,14-Mar-12,14-Mar-12,ARV,Pediatric,SCMS from RDC,"Nevirapine 10mg/ml, oral suspension w/syringe, Bottle, 240 ml",Nevirapine,Generic,10mg/ml,Oral suspension,240,"2,463",4802.85,1.95,0.01,"Aurobindo Unit III, India",FALSE,See DN-2512 (ID#:82443),null,6.73
"85,822",101-CD-T30,FPQ-8840,SO-41148,DN-2512,"Congo, DRC",PMO - US,From RDC,N/A - From RDC,Air,11/21/2011,N/A - From RDC,16-Mar-12,14-Mar-12,14-Mar-12,ARV,Adult,SCMS from RDC,"Zidovudine 300mg, tablets, 60 Tabs",Zidovudine,Generic,300mg,Tablet,60,"2,197",15422.94,7.02,0.12,Hetero Unit III Hyderabad IN,FALSE,See DN-2512 (ID#:82443),null,21.62
"86,449",110-ZM-T30,FPQ-7767,SO-40270,DN-2513,Zambia,PMO - US,From RDC,N/A - From RDC,Truck,7/26/2011,N/A - From RDC,28-Feb-12,17-Feb-12,17-Feb-12,ARV,Adult,SCMS from RDC,"Zidovudine 300mg, tablets, 60 Tabs",Zidovudine,Generic,300mg,Tablet,60,"20,513",144001.26,7.02,0.12,Hetero Unit III Hyderabad IN,FALSE,See DN-2513 (ID#:82444),null,237.6
"84,019",109-TZ-T30,FPQ-5173,SO-36030,DN-1927,Tanzania,PMO - US,From RDC,N/A - From RDC,Air,2/23/2010,N/A - From RDC,19-Jul-10,04-Aug-10,04-Aug-10,ARV,Adult,SCMS from RDC,"Abacavir 300mg, tablets, 60 Tabs",Abacavir,Generic,300mg,Tablet,60,"23,358",400356.12,17.14,0.29,Mylan (formerly Matrix) Nashik,TRUE,2344,"$9,309.52 ",863.17
"83,010",111-MZ-T30,FPQ-8157,SO-40360,DN-2518,Mozambique,PMO - US,From RDC,N/A - From RDC,Truck,08-04-11,N/A - From RDC,30-Mar-12,08-Mar-12,08-Mar-12,ARV,Adult,SCMS from RDC,"Lamivudine/Nevirapine/Zidovudine 150/200/300mg, tablets, 60 Tabs",Lamivudine/Nevirapine/Zidovudine,Generic,150/300/200mg,Tablet - FDC,60,"100,000",1122000.00,11.22,0.19,"Cipla, Goa, India",FALSE,See DN-2518 (ID#:83009),null,"1,851.30"
"84,140",111-MZ-T30,FPQ-8157,SO-40360,DN-2518,Mozambique,PMO - US,From RDC,N/A - From RDC,Truck,08-04-11,N/A - From RDC,30-Mar-12,08-Mar-12,08-Mar-12,ARV,Adult,SCMS from RDC,"Lamivudine/Nevirapine/Zidovudine 150/200/300mg, tablets, 60 Tabs",Lamivudine/Nevirapine/Zidovudine,Generic,150/300/200mg,Tablet - FDC,60,"100,000",1122000.00,11.22,0.19,"Aurobindo Unit VII, IN",FALSE,See DN-2518 (ID#:83009),null,"1,851.30"
"84,022",109-TZ-T30,FPQ-5237,SO-36043,DN-1947,Tanzania,PMO - US,From RDC,N/A - From RDC,Air,03-01-10,N/A - From RDC,21-Jul-10,21-Jul-10,21-Jul-10,ARV,Adult,SCMS from RDC,"Nevirapine 200mg, tablets, 60 Tabs",Nevirapine,Generic,200mg,Tablet,60,"38,500",105105.00,2.73,0.05,"Strides, Bangalore, India.",TRUE,2695,"$13,457.25 ",226.61
"85,233",113-ZW-T30,FPQ-7052,SO-38520,DN-2519,Zimbabwe,PMO - US,From RDC,N/A - From RDC,Truck,1/19/2011,N/A - From RDC,29-Feb-12,16-Feb-12,16-Feb-12,ARV,Adult,SCMS from RDC,"Lamivudine/Nevirapine/Stavudine 150/200/30mg, tablets, 60 Tabs",Lamivudine/Nevirapine/Stavudine,Generic,150/200/30mg,Tablet - FDC,60,"13,212",71080.56,5.38,0.09,"Strides, Bangalore, India.",FALSE,See DN-2519 (ID#:84141),null,117.28
"85,823",113-ZW-T30,FPQ-7052,SO-38520,DN-2519,Zimbabwe,PMO - US,From RDC,N/A - From RDC,Truck,1/19/2011,N/A - From RDC,29-Feb-12,16-Feb-12,16-Feb-12,ARV,Adult,SCMS from RDC,"Lamivudine/Tenofovir Disoproxil Fumarate 300/300mg, tablets, 30 Tabs",Lamivudine/Tenofovir Disoproxil Fumarate,Generic,300/300mg,Tablet - FDC,30,"10,114",61493.12,6.08,0.2,Mylan (formerly Matrix) Nashik,FALSE,See DN-2519 (ID#:84141),null,101.46
"86,451",106-HT-T30,FPQ-9056,SO-41320,DN-2521,Haiti,PMO - US,From RDC,N/A - From RDC,Air,12/20/2011,N/A - From RDC,30-Mar-12,13-Feb-12,13-Feb-12,ARV,Adult,SCMS from RDC,"Lamivudine/Stavudine 150/30mg, tablets, 60 Tabs",Lamivudine/Stavudine,Generic,150/30mg,Tablet - FDC,60,432,1274.40,2.95,0.05,"Strides, Bangalore, India.",FALSE,See DN-2521 (ID#:84704),null,1.79
"84,026",117-ET-T30,FPQ-5967,SO-37100,DN-1951,Ethiopia,PMO - US,From RDC,N/A - From RDC,Air,6/28/2010,N/A - From RDC,21-Sep-10,19-Jul-10,19-Jul-10,ARV,Adult,SCMS from RDC,"Lamivudine/Nevirapine/Stavudine 150/200/30mg, tablets, 60 Tabs",Lamivudine/Nevirapine/Stavudine,Generic,150/200/30mg,Tablet - FDC,60,"29,315",167974.95,5.73,0.1,"Cipla, Goa, India",TRUE,3931,"$13,215.67 ",362.15
"84,027",151-NG-T30,FPQ-5023,SO-36436,DN-1955,Nigeria,PMO - US,From RDC,N/A - From RDC,Air Charter,02-10-10,N/A - From RDC,16-Aug-10,17-Aug-10,17-Aug-10,ARV,Adult,SCMS from RDC,"Lamivudine/Nevirapine/Zidovudine 150/200/300mg, tablets, 60 Tabs",Lamivudine/Nevirapine/Zidovudine,Generic,150/300/200mg,Tablet - FDC,60,"28,868",323898.96,11.22,0.19,"Aurobindo Unit III, India",TRUE,3570,"$6,147.18 ",698.33
"84,028",106-HT-T30,FPQ-5523,SO-36770,DN-1965,Haiti,PMO - US,From RDC,N/A - From RDC,Air,4/19/2010,N/A - From RDC,24-Aug-10,23-Aug-10,23-Aug-10,ARV,Adult,SCMS from RDC,"Zidovudine 300mg, tablets, 60 Tabs",Zidovudine,Generic,300mg,Tablet,60,"2,280",16438.80,7.21,0.12,"Aurobindo Unit III, India",TRUE,123,"$2,136.10 ",35.44
"84,029",151-NG-T30,FPQ-5688,SO-36911,DN-1968,Nigeria,PMO - US,From RDC,N/A - From RDC,Air Charter,5/27/2010,N/A - From RDC,31-Aug-10,17-Aug-10,17-Aug-10,ARV,Adult,SCMS from RDC,"Emtricitabine/Tenofovir Disoproxil Fumarate 200/300mg, tablets, 30 Tabs",Emtricitabine/Tenofovir Disoproxil Fumarate,Generic,200/300mg,Tablet - FDC,30,"30,000",352500.00,11.75,0.39,Mylan (formerly Matrix) Nashik,TRUE,2700,"$6,147.18 ",759.99
"84,030",151-NG-T30,FPQ-5688,SO-36931,DN-1975,Nigeria,PMO - US,From RDC,N/A - From RDC,Air Charter,5/27/2010,N/A - From RDC,31-Aug-10,17-Aug-10,17-Aug-10,ARV,Adult,SCMS from RDC,"Lamivudine/Nevirapine/Zidovudine 150/200/300mg, tablets, 60 Tabs",Lamivudine/Nevirapine/Zidovudine,Generic,150/300/200mg,Tablet - FDC,60,"54,125",607282.50,11.22,0.19,"Aurobindo Unit III, India",TRUE,7050,"$6,147.18 ","1,309.30"
"84,031",117-ET-T30,FPQ-6142,SO-37190,DN-1981,Ethiopia,PMO - US,From RDC,N/A - From RDC,Air,7/26/2010,N/A - From RDC,17-Aug-10,09-Aug-10,09-Aug-10,ARV,Adult,SCMS from RDC,"Zidovudine 300mg, tablets, 60 Tabs",Zidovudine,Generic,300mg,Tablet,60,"5,000",36050.00,7.21,0.12,"Aurobindo Unit III, India",TRUE,196,"$1,229.52 ",77.72
"84,143",110-ZM-T30,FPQ-8759,SO-41121,DN-2532,Zambia,PMO - US,From RDC,N/A - From RDC,Truck,11-06-11,N/A - From RDC,27-Apr-12,17-Feb-12,17-Feb-12,ARV,Adult,SCMS from RDC,"Efavirenz 600mg, tablets, 30 Tabs",Efavirenz,Generic,600mg,Tablet,30,"56,386",232310.32,4.12,0.14,"Strides, Bangalore, India.",FALSE,See DN-2532 (ID#:82448),null,325.7
"85,826",110-ZM-T30,FPQ-8759,SO-41121,DN-2532,Zambia,PMO - US,From RDC,N/A - From RDC,Truck,11-06-11,N/A - From RDC,27-Apr-12,17-Feb-12,17-Feb-12,ARV,Adult,SCMS from RDC,"Efavirenz 600mg, tablets, 30 Tabs",Efavirenz,Generic,600mg,Tablet,30,"113,614",468089.68,4.12,0.14,Mylan (formerly Matrix) Nashik,FALSE,See DN-2532 (ID#:82448),null,656.26
"84,034",151-NG-T30,FPQ-5023,SO-37080,DN-1990,Nigeria,PMO - US,From RDC,N/A - From RDC,Air Charter,02-10-10,N/A - From RDC,12-Aug-10,17-Aug-10,17-Aug-10,ARV,Adult,SCMS from RDC,"Nevirapine 200mg, tablets, 60 Tabs",Nevirapine,Generic,200mg,Tablet,60,"13,104",35773.92,2.73,0.05,"Aurobindo Unit III, India",TRUE,1448,"$6,147.18 ",77.13
"84,035",151-NG-T30,FPQ-5023,SO-36467,DN-1992,Nigeria,PMO - US,From RDC,N/A - From RDC,Air Charter,02-10-10,N/A - From RDC,12-Aug-10,17-Aug-10,17-Aug-10,ARV,Adult,SCMS from RDC,"Nevirapine 200mg, tablets, 60 Tabs",Nevirapine,Generic,200mg,Tablet,60,"34,801",95006.73,2.73,0.05,"Aurobindo Unit III, India",TRUE,3951,"$6,147.18 ",204.83
"84,038",109-TZ-T30,FPQ-6226,SO-37300,DN-2008,Tanzania,PMO - US,From RDC,N/A - From RDC,Air,8/16/2010,N/A - From RDC,30-Sep-10,10-Sep-10,10-Sep-10,ARV,Adult,SCMS from RDC,"Efavirenz 600mg, tablets, 30 Tabs",Efavirenz,Generic,600mg,Tablet,30,"15,331",68222.95,4.45,0.15,"Strides, Bangalore, India.",TRUE,4729,"$18,390.42 ",147.09
"84,040",104-CI-T30,FPQ-5623,SO-36881,DN-2012,Côte d'Ivoire,PMO - US,From RDC,N/A - From RDC,Truck,05-07-10,N/A - From RDC,19-Oct-10,25-Sep-10,25-Sep-10,ARV,Adult,SCMS from RDC,"Nevirapine 200mg, tablets, 60 Tabs",Nevirapine,Generic,200mg,Tablet,60,"7,925",21080.50,2.66,0.04,"Aurobindo Unit III, India",TRUE,18041,"$8,953.20 ",45.45
"84,144",106-HT-T30,FPQ-9056,SO-41300,DN-2535,Haiti,PMO - US,From RDC,N/A - From RDC,Air,12/20/2011,N/A - From RDC,02-Mar-12,12-Mar-12,12-Mar-12,ARV,Pediatric,SCMS from RDC,"Lamivudine 10mg/ml, oral solution w/syringe, Bottle, 240 ml",Lamivudine,Generic,10mg/ml,Oral solution,240,"2,808",5194.80,1.85,0.01,"Aurobindo Unit III, India",FALSE,See DN-2535 (ID#:83011),null,7.28
"84,708",106-HT-T30,FPQ-9056,SO-41300,DN-2535,Haiti,PMO - US,From RDC,N/A - From RDC,Air,12/20/2011,N/A - From RDC,02-Mar-12,12-Mar-12,12-Mar-12,ARV,Adult,SCMS from RDC,"Lamivudine/Nevirapine/Zidovudine 150/200/300mg, tablets, 60 Tabs",Lamivudine/Nevirapine/Zidovudine,Generic,150/300/200mg,Tablet - FDC,60,"66,672",733392.00,11,0.18,"Aurobindo Unit III, India",FALSE,See DN-2535 (ID#:83011),null,"1,028.22"
"85,235",106-HT-T30,FPQ-9056,SO-41300,DN-2535,Haiti,PMO - US,From RDC,N/A - From RDC,Air,12/20/2011,N/A - From RDC,02-Mar-12,12-Mar-12,12-Mar-12,ARV,Adult,SCMS from RDC,"Abacavir 300mg, tablets, 60 Tabs",Abacavir,Generic,300mg,Tablet,60,"2,250",32917.50,14.63,0.24,Mylan (formerly Matrix) Nashik,FALSE,See DN-2535 (ID#:83011),null,46.15
"85,827",106-HT-T30,FPQ-9056,SO-41300,DN-2535,Haiti,PMO - US,From RDC,N/A - From RDC,Air,12/20/2011,N/A - From RDC,02-Mar-12,12-Mar-12,12-Mar-12,ARV,Pediatric,SCMS from RDC,"Efavirenz 50mg, capsule, 30 Caps",Efavirenz,Generic,50mg,Capsule,30,"1,680",3763.20,2.24,0.07,"Aurobindo Unit III, India",FALSE,See DN-2535 (ID#:83011),null,5.28
"84,146",109-TZ-T30,FPQ-8297,SO-40630,DN-2544,Tanzania,PMO - US,From RDC,N/A - From RDC,Truck,8/22/2011,N/A - From RDC,30-Mar-12,12-Mar-12,12-Mar-12,ARV,Adult,SCMS from RDC,"Abacavir 300mg, tablets, 60 Tabs",Abacavir,Generic,300mg,Tablet,60,"15,003",219493.89,14.63,0.24,Mylan (formerly Matrix) Nashik,FALSE,See DN-2544 (ID#:84145),null,362.16
"84,046",105-GY-T30,FPQ-6439,SO-37490,DN-2022,Guyana,PMO - US,From RDC,N/A - From RDC,Air,9/22/2010,N/A - From RDC,20-Oct-10,28-Sep-10,28-Sep-10,ARV,Adult,SCMS from RDC,"Lopinavir/Ritonavir 200/50mg, tablets, 120 Tabs",Lopinavir/Ritonavir,Generic,200/50mg,Tablet,120,140,5425.00,38.75,0.32,"Aurobindo Unit III, India",TRUE,34,"$2,027.42 ",11.7
"84,047",102-UG-T30,FPQ-6403,SO-37460,DN-2026,Uganda,PMO - US,From RDC,N/A - From RDC,Air,9/16/2010,N/A - From RDC,20-Oct-10,25-Oct-10,25-Oct-10,ARV,Adult,SCMS from RDC,"Efavirenz 600mg, tablets, 30 Tabs",Efavirenz,Generic,600mg,Tablet,30,"27,304",118499.36,4.34,0.14,Mylan (formerly Matrix) Nashik,TRUE,13087,"$56,372.66 ",255.48
"84,710",104-CI-T30,FPQ-8363,SO-40820,DN-2551,Côte d'Ivoire,PMO - US,From RDC,N/A - From RDC,Truck,8/29/2011,N/A - From RDC,02-Mar-12,24-Feb-12,24-Feb-12,ARV,Adult,SCMS from RDC,"Emtricitabine/Tenofovir Disoproxil Fumarate 200/300mg, tablets, 30 Tabs",Emtricitabine/Tenofovir Disoproxil Fumarate,Generic,200/300mg,Tablet - FDC,30,"10,760",94150.00,8.75,0.29,"Aurobindo Unit III, India",FALSE,See DN-2551 (ID#:82452),null,155.35
"85,829",104-CI-T30,FPQ-8787,SO-41160,DN-2552,Côte d'Ivoire,PMO - US,From RDC,N/A - From RDC,Air,11-11-11,N/A - From RDC,19-Mar-12,24-Feb-12,24-Feb-12,ARV,Adult,SCMS from RDC,"Efavirenz 600mg, tablets, 30 Tabs",Efavirenz,Generic,600mg,Tablet,30,"12,446",51277.52,4.12,0.14,"Strides, Bangalore, India.",FALSE,See DN-2552 (ID#:85237),null,71.89
"85,238",109-TZ-T30,FPQ-8297,SO-40613,DN-2558,Tanzania,PMO - US,From RDC,N/A - From RDC,Truck,8/22/2011,N/A - From RDC,06-Apr-12,14-Feb-12,14-Feb-12,ARV,Adult,SCMS from RDC,"Zidovudine 300mg, tablets, 60 Tabs",Zidovudine,Generic,300mg,Tablet,60,"39,402",276602.04,7.02,0.12,Hetero Unit III Hyderabad IN,FALSE,See DN-2558 (ID#:82453),null,456.39
"84,051",117-ET-T30,FPQ-6428,SO-37940,DN-2049,Ethiopia,PMO - US,From RDC,N/A - From RDC,Air,9/24/2010,N/A - From RDC,19-Nov-10,17-Nov-10,17-Nov-10,ARV,Adult,SCMS from RDC,"Zidovudine 300mg, tablets, 60 Tabs",Zidovudine,Generic,300mg,Tablet,60,"1,660",11968.60,7.21,0.12,"Aurobindo Unit III, India",TRUE,90,$866.71 ,25.8
"83,573",151-NG-T30,FPQ-8952,SO-41263,DN-2564,Nigeria,PMO - US,From RDC,N/A - From RDC,Air Charter,12-08-11,N/A - From RDC,20-Jun-12,16-Feb-12,16-Feb-12,ARV,Adult,SCMS from RDC,"Lamivudine/Zidovudine 150/300mg, tablets, 60 Tabs",Lamivudine/Zidovudine,Generic,150/300mg,Tablet - FDC,60,"15,653",129293.78,8.26,0.14,"Cipla, Goa, India",FALSE,See DN-2564 (ID#:83572),null,181.27
"84,053",106-HT-T30,FPQ-5523,SO-36730,DN-2059,Haiti,PMO - US,From RDC,N/A - From RDC,Air,4/19/2010,N/A - From RDC,26-Nov-10,15-Dec-10,15-Dec-10,ARV,Adult,SCMS from RDC,"Lamivudine/Zidovudine 150/300mg, tablets, 60 Tabs",Lamivudine/Zidovudine,Generic,150/300mg,Tablet - FDC,60,"36,139",308988.45,8.55,0.14,"Aurobindo Unit III, India",TRUE,7100,"$68,243 ",666.18
"85,834",151-NG-T30,FPQ-8952,SO-41265,DN-2567,Nigeria,PMO - US,From RDC,N/A - From RDC,Air Charter,12-08-11,N/A - From RDC,20-Jun-12,16-Feb-12,16-Feb-12,ARV,Adult,SCMS from RDC,"Lamivudine 150mg, tablets, 60 Tabs",Lamivudine,Generic,150mg,Tablet,60,"7,736",18024.88,2.33,0.04,"Aurobindo Unit III, India",FALSE,See DN-2567 (ID#:85241),null,25.27
"84,055",151-NG-T30,FPQ-6243,SO-37430,DN-2080,Nigeria,PMO - US,From RDC,N/A - From RDC,Air Charter,8/25/2010,N/A - From RDC,30-Mar-11,09-Jan-11,09-Jan-11,ARV,Adult,SCMS from RDC,"Lamivudine/Tenofovir Disoproxil Fumarate 300/300mg, tablets, 30 Tabs",Lamivudine/Tenofovir Disoproxil Fumarate,Generic,300/300mg,Tablet - FDC,30,"50,000",441000.00,8.82,0.29,Mylan (formerly Matrix) Nashik,TRUE,4502,"$27,457 ",950.8
"84,178",114-UG-T30,FPQ-9355,SO-41592,DN-2722,Uganda,PMO - US,From RDC,N/A - From RDC,Truck,2/20/2012,N/A - From RDC,05-Sep-12,29-Jun-12,29-Jun-12,ARV,Adult,SCMS from RDC,"Nevirapine 200mg, tablets, 60 Tabs",Nevirapine,Generic,200mg,Tablet,60,"3,262",8187.62,2.51,0.04,"Strides, Bangalore, India.",TRUE,190,"$1,095.22 ",11.48
"84,056",114-UG-T30,FPQ-6427,SO-38180,DN-2084,Uganda,PMO - US,From RDC,N/A - From RDC,Truck,9/29/2010,N/A - From RDC,07-Feb-11,14-Jan-11,14-Jan-11,ARV,Adult,SCMS from RDC,"Lamivudine/Nevirapine/Zidovudine 150/200/300mg, tablets, 60 Tabs",Lamivudine/Nevirapine/Zidovudine,Generic,150/300/200mg,Tablet - FDC,60,"69,202",776446.44,11.22,0.19,"Aurobindo Unit III, India",TRUE,9299,"$54,009.25 ","1,674.02"
"84,057",111-MZ-T30,FPQ-6426,SO-37600,DN-2086,Mozambique,PMO - US,From RDC,N/A - From RDC,Truck,9/23/2010,N/A - From RDC,10-Mar-11,02-Mar-11,02-Mar-11,ARV,Adult,SCMS from RDC,"Lamivudine/Stavudine 150/30mg, tablets, 60 Tabs",Lamivudine/Stavudine,Generic,150/30mg,Tablet - FDC,60,"23,448",76909.44,3.28,0.05,"Cipla, Goa, India",TRUE,1804,"$4,815.80 ",165.82
"84,058",151-NG-T30,FPQ-6243,SO-38330,DN-2092,Nigeria,PMO - US,From RDC,N/A - From RDC,Air Charter,8/25/2010,N/A - From RDC,21-Feb-11,16-Feb-11,16-Feb-11,ARV,Adult,SCMS from RDC,"Lamivudine 150mg, tablets, 60 Tabs",Lamivudine,Generic,150mg,Tablet,60,"6,700",15611.00,2.33,0.04,"Aurobindo Unit III, India",TRUE,426,"$43,548 ",33.66
"86,456",151-NG-T30,FPQ-8952,SO-41266,DN-2568,Nigeria,PMO - US,From RDC,N/A - From RDC,Air Charter,12-08-11,N/A - From RDC,20-Jun-12,16-Feb-12,16-Feb-12,ARV,Adult,SCMS from RDC,"Nevirapine 200mg, tablets, 60 Tabs",Nevirapine,Generic,200mg,Tablet,60,"98,645",254504.10,2.58,0.04,"Aurobindo Unit III, India",FALSE,See DN-2568 (ID#:82455),null,356.81
"84,060",117-ET-T30,FPQ-7001,SO-38460,DN-2111,Ethiopia,PMO - US,From RDC,N/A - From RDC,Air,01-06-11,N/A - From RDC,09-Feb-11,07-Feb-11,07-Feb-11,ARV,Adult,SCMS from RDC,"Tenofovir Disoproxil Fumarate 300mg, tablets, 30 Tabs",Tenofovir Disoproxil Fumarate,Generic,300mg,Tablet,30,"6,020",39551.40,6.57,0.22,"Aurobindo Unit III, India",TRUE,542,"$3,935.92 ",65.26
"84,061",110-ZM-T30,FPQ-6222,SO-37350,DN-2117,Zambia,PMO - US,From RDC,N/A - From RDC,Truck,8/20/2010,N/A - From RDC,31-Mar-11,07-Mar-11,07-Mar-11,ARV,Adult,SCMS from RDC,"Emtricitabine/Tenofovir Disoproxil Fumarate 200/300mg, tablets, 30 Tabs",Emtricitabine/Tenofovir Disoproxil Fumarate,Generic,200/300mg,Tablet - FDC,30,"200,000",2184000.00,10.92,0.36,Mylan (formerly Matrix) Nashik,TRUE,43128,"$34,543.36 ","4,708.70"
"84,062",110-ZM-T30,FPQ-6221,SO-38110,DN-2118,Zambia,PMO - US,From RDC,N/A - From RDC,Truck,8/20/2010,N/A - From RDC,10-Mar-11,25-Feb-11,25-Feb-11,ARV,Adult,SCMS from RDC,"Emtricitabine/Tenofovir Disoproxil Fumarate 200/300mg, tablets, 30 Tabs",Emtricitabine/Tenofovir Disoproxil Fumarate,Generic,200/300mg,Tablet - FDC,30,"129,998",1419578.16,10.92,0.36,Mylan (formerly Matrix) Nashik,TRUE,11115,"$16,482.05 ","3,060.61"
"84,063",104-CI-T30,FPQ-6144,SO-38400,DN-2123,Côte d'Ivoire,PMO - US,From RDC,N/A - From RDC,Air,08-03-10,N/A - From RDC,31-Mar-11,15-Mar-11,15-Mar-11,ARV,Adult,SCMS from RDC,"Efavirenz 600mg, tablets, 30 Tabs",Efavirenz,Generic,600mg,Tablet,30,"57,456",255679.20,4.45,0.15,Mylan (formerly Matrix) Nashik,TRUE,4720,"$18,611.92 ",551.24
"11,751",111-MZ-T01,Pre-PQ Process,SO-499,DN-258,Mozambique,PMO - US,From RDC,N/A - From RDC,Air,Pre-PQ Process,N/A - From RDC,15-Aug-07,15-Aug-07,15-Aug-07,ARV,Pediatric,SCMS from RDC,"Abacavir 20mg/ml, oral solution, Bottle, 240 ml",Abacavir,Generic,20mg/ml,Oral solution,240,"1,306",28079.00,21.5,0.09,"Aurobindo Unit III, India",FALSE,See DN-258 (ID#:11425),null,44.93
"82,458",900-SS-T30,FPQ-8624,SO-41080,DN-2581,South Sudan,PMO - US,From RDC,N/A - From RDC,Air,11-04-11,N/A - From RDC,21-Mar-12,08-Mar-12,08-Mar-12,ARV,Adult,SCMS from RDC,"Lamivudine/Zidovudine 150/300mg, tablets, 60 Tabs",Lamivudine/Zidovudine,Generic,150/300mg,Tablet - FDC,60,250,2065.00,8.26,0.14,"Aurobindo Unit III, India",FALSE,See DN-2581 (ID#:82457),null,2.9
"84,151",900-SS-T30,FPQ-8624,SO-41080,DN-2581,South Sudan,PMO - US,From RDC,N/A - From RDC,Air,11-04-11,N/A - From RDC,21-Mar-12,08-Mar-12,08-Mar-12,ARV,Adult,SCMS from RDC,"Nevirapine 200mg, tablets, 60 Tabs",Nevirapine,Generic,200mg,Tablet,60,200,516.00,2.58,0.04,"Strides, Bangalore, India.",FALSE,See DN-2581 (ID#:82457),null,0.72
"84,067",104-CI-T30,FPQ-5925,SO-38300,DN-2139,Côte d'Ivoire,PMO - US,From RDC,N/A - From RDC,Air,6/23/2010,N/A - From RDC,15-Mar-11,29-Mar-11,29-Mar-11,ARV,Pediatric,SCMS from RDC,"Didanosine 200mg, chewable/dispersible tablets, 60 Tabs",Didanosine,Generic,200mg,Chewable/dispersible tablet,60,648,10044.00,15.5,0.26,"Aurobindo Unit III, India",TRUE,138,"$17,941.47 ",21.65
"84,068",109-TZ-T30,FPQ-7347,SO-39010,DN-2151,Tanzania,PMO - US,From RDC,N/A - From RDC,Air,03-07-11,N/A - From RDC,07-Apr-11,31-Mar-11,31-Mar-11,ARV,Adult,SCMS from RDC,"Efavirenz 600mg, tablets, 30 Tabs",Efavirenz,Generic,600mg,Tablet,30,"3,493",14740.46,4.22,0.14,"Emcure Plot No.P-2, I.T-B.T. Park, Phase II, MIDC, Hinjwadi, Pune, India",TRUE,2996,"$9,639.10 ",24.32
"84,152",900-SS-T30,FPQ-8624,SO-41080,DN-2581,South Sudan,PMO - US,From RDC,N/A - From RDC,Air,11-04-11,N/A - From RDC,21-Mar-12,08-Mar-12,08-Mar-12,ARV,Adult,SCMS from RDC,"Lamivudine 150mg, tablets, 60 Tabs",Lamivudine,Generic,150mg,Tablet,60,200,466.00,2.33,0.04,Macleods Daman Plant INDIA,FALSE,See DN-2581 (ID#:82457),null,0.65
"84,092",107-RW-T30,FPQ-7692,SO-39560,DN-2227,Rwanda,PMO - US,From RDC,N/A - From RDC,Air Charter,05-04-11,N/A - From RDC,14-Aug-11,25-May-11,25-May-11,ARV,Pediatric,SCMS from RDC,"Lamivudine 10mg/ml, oral solution w/syringe, Bottle, 240 ml",Lamivudine,Generic,10mg/ml,Oral solution,240,"1,800",3330.00,1.85,0.01,"Aurobindo Unit III, India",TRUE,718,"$4,370.80 ",5.49
"85,838",900-SS-T30,FPQ-8624,SO-41080,DN-2581,South Sudan,PMO - US,From RDC,N/A - From RDC,Air,11-04-11,N/A - From RDC,21-Mar-12,08-Mar-12,08-Mar-12,ARV,Pediatric,SCMS from RDC,"Nevirapine 10mg/ml, oral suspension w/syringe, Bottle, 240 ml",Nevirapine,Generic,10mg/ml,Oral suspension,240,"6,000",11700.00,1.95,0.01,"Aurobindo Unit III, India",FALSE,See DN-2581 (ID#:82457),null,16.4
"84,074",111-MZ-T30,FPQ-7053,SO-38670,DN-2160,Mozambique,PMO - US,From RDC,N/A - From RDC,Truck,1/24/2011,N/A - From RDC,31-May-11,06-Apr-11,06-Apr-11,ARV,Adult,SCMS from RDC,"Lamivudine 150mg, tablets, 60 Tabs",Lamivudine,Generic,150mg,Tablet,60,"4,050",9436.50,2.33,0.04,"Aurobindo Unit III, India",TRUE,195,"$3,495.81 ",15.57
"84,075",104-CI-T30,FPQ-6499,SO-37730,DN-2158,Côte d'Ivoire,PMO - US,From RDC,N/A - From RDC,Air,10-04-10,N/A - From RDC,24-Mar-11,07-Jun-11,07-Jun-11,ARV,Adult,SCMS from RDC,"Efavirenz/Emtricitabine/Tenofovir Disoproxil Fumarate 600/200/300mg, tablets, 30 Tabs",Efavirenz/Emtricitabine/Tenofovir Disoproxil Fumarate,Generic,600/200/300mg,Tablet - FDC,30,"11,280",224697.60,19.92,0.66,Mylan (formerly Matrix) Nashik,TRUE,1264,"$3,380.35 ",370.75
"84,076",151-NG-T30,FPQ-7217,SO-39160,DN-2165,Nigeria,PMO - US,From RDC,N/A - From RDC,Air Charter,2/21/2011,N/A - From RDC,15-Jun-11,11-May-11,11-May-11,ARV,Adult,SCMS from RDC,"Lamivudine/Nevirapine/Stavudine 150/200/30mg, tablets, 60 Tabs",Lamivudine/Nevirapine/Stavudine,Generic,150/200/30mg,Tablet - FDC,60,"2,000",11120.00,5.56,0.09,"Cipla, Goa, India",TRUE,209,"$12,601.07 ",18.35
"84,077",151-NG-T30,FPQ-6800,SO-38610,DN-2166,Nigeria,PMO - US,From RDC,N/A - From RDC,Air Charter,12-07-10,N/A - From RDC,31-Mar-11,11-May-11,11-May-11,ARV,Adult,SCMS from RDC,"Emtricitabine/Tenofovir Disoproxil Fumarate 200/300mg, tablets, 30 Tabs",Emtricitabine/Tenofovir Disoproxil Fumarate,Generic,200/300mg,Tablet - FDC,30,"60,756",640368.24,10.54,0.35,Mylan (formerly Matrix) Nashik,TRUE,5481,"$12,601.07 ","1,056.61"
"84,078",151-NG-T30,FPQ-6800,SO-39170,DN-2167,Nigeria,PMO - US,From RDC,N/A - From RDC,Air Charter,12-07-10,N/A - From RDC,21-Jun-11,11-May-11,11-May-11,ARV,Adult,SCMS from RDC,"Efavirenz 600mg, tablets, 30 Tabs",Efavirenz,Generic,600mg,Tablet,30,"87,744",370279.68,4.22,0.14,Mylan (formerly Matrix) Nashik,TRUE,7194,"$12,601.07 ",610.96
"84,079",106-HT-T30,FPQ-6484,SO-38080,DN-2176,Haiti,PMO - US,From RDC,N/A - From RDC,Air,10/13/2010,N/A - From RDC,24-Mar-11,28-Apr-11,28-Apr-11,ARV,Adult,SCMS from RDC,"Lamivudine 150mg, tablets, 60 Tabs",Lamivudine,Generic,150mg,Tablet,60,"2,111",4918.63,2.33,0.04,"Aurobindo Unit III, India",TRUE,101,"$1,697.33 ",10.6
"84,080",200-ZW-T30,FPQ-6483,SO-39270,DN-2178,Zimbabwe,PMO - US,From RDC,N/A - From RDC,Truck,10/13/2010,N/A - From RDC,04-Apr-11,20-May-11,20-May-11,ARV,Pediatric,SCMS from RDC,"Didanosine 125mg, delayed-release capsules, 30 Caps",Didanosine,Generic,125mg,Delayed-release capsules,30,105,892.50,8.5,0.28,"Aurobindo Unit III, India",TRUE,10,"$3,403.99 ",1.92
"82,460",151-NG-T30,FPQ-8952,SO-41268,DN-2582,Nigeria,PMO - US,From RDC,N/A - From RDC,Air Charter,12-08-11,N/A - From RDC,20-Jun-12,16-Feb-12,16-Feb-12,ARV,Adult,SCMS from RDC,"Emtricitabine/Tenofovir Disoproxil Fumarate 200/300mg, tablets, 30 Tabs",Emtricitabine/Tenofovir Disoproxil Fumarate,Generic,200/300mg,Tablet - FDC,30,"50,000",448500.00,8.97,0.3,Mylan (formerly Matrix) Nashik,FALSE,See DN-2582 (ID#:82459),null,628.8
"84,082",110-ZM-T30,FPQ-6665,SO-38070,DN-2182,Zambia,PMO - US,From RDC,N/A - From RDC,Truck,11-08-10,N/A - From RDC,14-Apr-11,20-May-11,20-May-11,ARV,Adult,SCMS from RDC,"Lamivudine 150mg, tablets, 60 Tabs",Lamivudine,Generic,150mg,Tablet,60,"54,869",127844.77,2.33,0.04,"Aurobindo Unit III, India",TRUE,2630,"$3,402.23 ",210.94
"84,083",110-ZM-T30,FPQ-6482,SO-38960,DN-2183,Zambia,PMO - US,From RDC,N/A - From RDC,Truck,10/15/2010,N/A - From RDC,30-Apr-11,20-May-11,20-May-11,ARV,Adult,SCMS from RDC,"Lamivudine/Zidovudine 150/300mg, tablets, 60 Tabs",Lamivudine/Zidovudine,Generic,150/300mg,Tablet - FDC,60,"120,000",1026000.00,8.55,0.14,"Aurobindo Unit III, India",TRUE,11057,"$12,049.40 ","2,212.06"
"84,084",110-ZM-T30,FPQ-6482,SO-38970,DN-2154,Zambia,PMO - US,From RDC,N/A - From RDC,Truck,10/15/2010,N/A - From RDC,11-Apr-11,20-May-11,20-May-11,ARV,Adult,SCMS from RDC,"Nevirapine 200mg, tablets, 60 Tabs",Nevirapine,Generic,200mg,Tablet,60,"7,946",19944.46,2.51,0.04,Hetero Unit III Hyderabad IN,TRUE,1168,"$3,402.23 ",43
"84,085",111-MZ-T30,FPQ-7053,SO-39340,DN-2193,Mozambique,PMO - US,From RDC,N/A - From RDC,Truck,1/24/2011,N/A - From RDC,31-May-11,23-Jun-11,23-Jun-11,ARV,Adult,SCMS from RDC,"Stavudine 30mg, capsules, 60 Caps",Stavudine,Generic,30mg,Capsule,60,630,882.00,1.4,0.02,"Aurobindo Unit III, India",TRUE,485,$947.52 ,1.46
"84,086",110-ZM-T30,FPQ-6222,SO-38600,DN-2196,Zambia,PMO - US,From RDC,N/A - From RDC,Truck,8/20/2010,N/A - From RDC,14-Apr-11,10-Jun-11,10-Jun-11,ARV,Adult,SCMS from RDC,"Zidovudine 300mg, tablets, 60 Tabs",Zidovudine,Generic,300mg,Tablet,60,"10,394",72965.88,7.02,0.12,Hetero Unit III Hyderabad IN,TRUE,14935,"$15,919.88 ",157.31
"84,087",117-ET-T30,FPQ-7001,SO-38420,DN-2199,Ethiopia,PMO - US,From RDC,N/A - From RDC,Air,01-06-11,N/A - From RDC,31-May-11,30-May-11,30-May-11,ARV,Adult,SCMS from RDC,"Tenofovir Disoproxil Fumarate 300mg, tablets, 30 Tabs",Tenofovir Disoproxil Fumarate,Generic,300mg,Tablet,30,"10,000",65700.00,6.57,0.22,Mylan (formerly Matrix) Nashik,TRUE,716,"$2,976.29 ",108.4
"83,576",111-MZ-T30,FPQ-8157,SO-40381,DN-2590,Mozambique,PMO - US,From RDC,N/A - From RDC,Truck,08-04-11,N/A - From RDC,07-May-12,24-May-12,24-May-12,ARV,Adult,SCMS from RDC,"Lamivudine/Nevirapine/Zidovudine 150/200/300mg, tablets, 60 Tabs",Lamivudine/Nevirapine/Zidovudine,Generic,150/300/200mg,Tablet - FDC,60,"20,000",224400.00,11.22,0.19,Mylan (formerly Matrix) Nashik,FALSE,See DN-2590 (ID#:83019),null,370.26
"84,089",151-NG-T30,FPQ-6800,SO-39080,DN-2208,Nigeria,PMO - US,From RDC,N/A - From RDC,Air Charter,12-07-10,N/A - From RDC,21-Jun-11,06-Jul-11,06-Jul-11,ARV,Adult,SCMS from RDC,"Nevirapine 200mg, tablets, 60 Tabs",Nevirapine,Generic,200mg,Tablet,60,"42,371",109317.18,2.58,0.04,"Aurobindo Unit III, India",TRUE,5262,"$13,398 ",180.37
"84,090",151-NG-T30,FPQ-7217,SO-39590,DN-2214,Nigeria,PMO - US,From RDC,N/A - From RDC,Air Charter,2/21/2011,N/A - From RDC,15-Jun-11,06-Jul-11,06-Jul-11,ARV,Adult,SCMS from RDC,"Lamivudine 150mg, tablets, 60 Tabs",Lamivudine,Generic,150mg,Tablet,60,"3,173",7393.09,2.33,0.04,"Aurobindo Unit III, India",TRUE,170,"$13,398.06 ",12.2
"84,091",151-NG-T30,FPQ-7217,SO-39620,DN-2218,Nigeria,PMO - US,From RDC,N/A - From RDC,Air Charter,2/21/2011,N/A - From RDC,15-Jun-11,05-Jul-11,05-Jul-11,ARV,Adult,SCMS from RDC,"Nevirapine 200mg, tablets, 60 Tabs",Nevirapine,Generic,200mg,Tablet,60,"15,508",38925.08,2.51,0.04,"Strides, Bangalore, India.",TRUE,1107,"$13,398.06 ",64.23
"84,093",105-GY-T30,FPQ-7621,SO-39710,DN-2235,Guyana,PMO - US,From RDC,N/A - From RDC,Air,05-04-11,N/A - From RDC,13-Oct-11,24-Jun-11,24-Jun-11,ARV,Adult,SCMS from RDC,"Lamivudine 150mg, tablets, 60 Tabs",Lamivudine,Generic,150mg,Tablet,60,514,1197.62,2.33,0.04,"Aurobindo Unit III, India",TRUE,25,"$1,052.04 ",1.98
"84,094",110-ZM-T30,FPQ-6482,SO-39410,DN-2239,Zambia,PMO - US,From RDC,N/A - From RDC,Truck,10/15/2010,N/A - From RDC,30-Apr-11,20-Jun-11,20-Jun-11,ARV,Adult,SCMS from RDC,"Nevirapine 200mg, tablets, 60 Tabs",Nevirapine,Generic,200mg,Tablet,60,"112,000",281120.00,2.51,0.04,Hetero Unit III Hyderabad IN,TRUE,6449,"$7,962.26 ",606.09
"84,095",100-BJ-T30,FPQ-7658,SO-39800,DN-2252,Benin,PMO - US,From RDC,N/A - From RDC,Air,5/15/2011,N/A - From RDC,13-Jun-11,05-Jul-11,05-Jul-11,ARV,Adult,SCMS from RDC,"Lamivudine/Nevirapine/Stavudine 150/200/30mg, tablets, 60 Tabs",Lamivudine/Nevirapine/Stavudine,Generic,150/200/30mg,Tablet - FDC,60,"14,770",79462.60,5.38,0.09,"Cipla, Goa, India",TRUE,2192,"$10,829.60 ",131.11
"84,153",111-MZ-T30,FPQ-8157,SO-40381,DN-2590,Mozambique,PMO - US,From RDC,N/A - From RDC,Truck,08-04-11,N/A - From RDC,07-May-12,24-May-12,24-May-12,ARV,Adult,SCMS from RDC,"Lamivudine/Nevirapine/Zidovudine 150/200/300mg, tablets, 60 Tabs",Lamivudine/Nevirapine/Zidovudine,Generic,150/300/200mg,Tablet - FDC,60,"14,125",158482.50,11.22,0.19,Mylan (formerly Matrix) Nashik,FALSE,See DN-2590 (ID#:83019),null,261.5
"84,097",100-GH-T30,FPQ-7799,SO-39960,DN-2258,Ghana,PMO - US,From RDC,N/A - From RDC,Air,06-06-11,N/A - From RDC,04-Jul-11,20-Jul-11,20-Jul-11,ARV,Adult,SCMS from RDC,"Nevirapine 200mg, tablets, 60 Tabs",Nevirapine,Generic,200mg,Tablet,60,"38,040",95480.40,2.51,0.04,"Strides, Bangalore, India.",TRUE,2269,$226.25 ,157.54
"86,458",111-MZ-T30,FPQ-8157,SO-40381,DN-2590,Mozambique,PMO - US,From RDC,N/A - From RDC,Truck,08-04-11,N/A - From RDC,07-May-12,24-May-12,24-May-12,ARV,Adult,SCMS from RDC,"Lamivudine/Nevirapine/Stavudine 150/200/30mg, tablets, 60 Tabs",Lamivudine/Nevirapine/Stavudine,Generic,150/200/30mg,Tablet - FDC,60,"25,394",136619.72,5.38,0.09,"Strides, Bangalore, India.",FALSE,See DN-2590 (ID#:83019),null,225.42
"84,154",102-BI-T30,FPQ-9229,SO-41530,DN-2594,Burundi,PMO - US,From RDC,N/A - From RDC,Air,1/25/2012,N/A - From RDC,26-Apr-12,04-May-12,04-May-12,ARV,Adult,SCMS from RDC,"Nevirapine 200mg, tablets, 60 Tabs",Nevirapine,Generic,200mg,Tablet,60,"1,800",4518.00,2.51,0.04,"Strides, Bangalore, India.",FALSE,See DN-2594 (ID#:83021),null,6.33
"84,712",102-BI-T30,FPQ-9229,SO-41530,DN-2594,Burundi,PMO - US,From RDC,N/A - From RDC,Air,1/25/2012,N/A - From RDC,26-Apr-12,04-May-12,04-May-12,ARV,Adult,SCMS from RDC,"Efavirenz 600mg, tablets, 30 Tabs",Efavirenz,Generic,600mg,Tablet,30,"27,000",111240.00,4.12,0.14,"Strides, Bangalore, India.",FALSE,See DN-2594 (ID#:83021),null,155.96
"84,102",106-HT-T30,FPQ-6801,SO-38211,DN-2283,Haiti,PMO - US,From RDC,N/A - From RDC,Air,12/14/2010,N/A - From RDC,19-Jul-11,21-Jul-11,21-Jul-11,ARV,Pediatric,SCMS from RDC,"Didanosine 200mg, chewable/dispersible tablets, 60 Tabs",Didanosine,Generic,200mg,Chewable/dispersible tablet,60,180,2700.00,15,0.25,"Aurobindo Unit III, India",TRUE,38,"$1,128.54 ",4.46
"84,103",104-CI-T30,FPQ-6891,SO-38571,DN-2296,Côte d'Ivoire,PMO - US,From RDC,N/A - From RDC,Air,12/21/2010,N/A - From RDC,22-Jul-11,22-Jul-11,22-Jul-11,ARV,Adult,SCMS from RDC,"Abacavir/Lamivudine 600/300mg, scored tablets, 30 Tabs",Abacavir/Lamivudine,Generic,600/300mg,Tablet - FDC,30,"1,571",35347.50,22.5,0.75,Mylan (formerly Matrix) Nashik,TRUE,151,"$3,545.10 ",58.32
"85,244",102-BI-T30,FPQ-9229,SO-41530,DN-2594,Burundi,PMO - US,From RDC,N/A - From RDC,Air,1/25/2012,N/A - From RDC,26-Apr-12,04-May-12,04-May-12,ARV,Adult,SCMS from RDC,"Lopinavir/Ritonavir 200/50mg [Aluvia], tablets, 120 Tabs",Lopinavir/Ritonavir,Aluvia,200/50mg,Tablet,120,240,8097.60,33.74,0.28,ABBVIE Ludwigshafen Germany,FALSE,See DN-2594 (ID#:83021),null,11.35
"85,844",102-BI-T30,FPQ-9229,SO-41530,DN-2594,Burundi,PMO - US,From RDC,N/A - From RDC,Air,1/25/2012,N/A - From RDC,26-Apr-12,04-May-12,04-May-12,ARV,Pediatric,SCMS from RDC,"Nevirapine 10mg/ml, oral suspension w/syringe, Bottle, 240 ml",Nevirapine,Generic,10mg/ml,Oral suspension,240,170,331.50,1.95,0.01,"Aurobindo Unit III, India",FALSE,See DN-2594 (ID#:83021),null,0.46
"85,845",102-BI-T30,FPQ-9229,SO-41530,DN-2594,Burundi,PMO - US,From RDC,N/A - From RDC,Air,1/25/2012,N/A - From RDC,26-Apr-12,04-May-12,04-May-12,ARV,Adult,SCMS from RDC,"Lamivudine/Nevirapine/Zidovudine 150/200/300mg, tablets, 60 Tabs",Lamivudine/Nevirapine/Zidovudine,Generic,150/300/200mg,Tablet - FDC,60,"10,000",110000.00,11,0.18,Mylan (formerly Matrix) Nashik,FALSE,See DN-2594 (ID#:83021),null,154.22
"84,107",106-HT-T30,FPQ-6801,SO-38214,DN-2331,Haiti,PMO - US,From RDC,N/A - From RDC,Air,12/14/2010,N/A - From RDC,31-Aug-11,24-Aug-11,24-Aug-11,ARV,Adult,SCMS from RDC,"Efavirenz 600mg, tablets, 30 Tabs",Efavirenz,Generic,600mg,Tablet,30,"27,975",126447.00,4.52,0.15,"Strides, Bangalore, India.",TRUE,1704,"$16,881.16 ",208.64
"84,108",111-MZ-T30,FPQ-7053,SO-38636,DN-2340,Mozambique,PMO - US,From RDC,N/A - From RDC,Truck,1/24/2011,N/A - From RDC,30-Nov-11,30-Nov-11,30-Nov-11,ARV,Pediatric,SCMS from RDC,"Zidovudine 10mg/ml, oral solution w/syringe, Bottle, 240 ml",Zidovudine,Generic,10mg/ml,Oral solution,240,"9,400",18988.00,2.02,0.01,"Aurobindo Unit III, India",TRUE,3642,"$5,678.14 ",31.33
"86,459",102-BI-T30,FPQ-9229,SO-41530,DN-2594,Burundi,PMO - US,From RDC,N/A - From RDC,Air,1/25/2012,N/A - From RDC,26-Apr-12,04-May-12,04-May-12,ARV,Adult,SCMS from RDC,"Lamivudine/Zidovudine 150/300mg, tablets, 60 Tabs",Lamivudine/Zidovudine,Generic,150/300mg,Tablet - FDC,60,"25,240",201920.00,8,0.13,Hetero Unit III Hyderabad IN,FALSE,See DN-2594 (ID#:83021),null,283.09
"84,110",110-ZM-T30,FPQ-6319,SO-38950,DN-2349,Zambia,PMO - US,From RDC,N/A - From RDC,Truck,09-01-10,N/A - From RDC,14-Apr-11,05-Aug-11,05-Aug-11,ARV,Adult,SCMS from RDC,"Efavirenz/Emtricitabine/Tenofovir Disoproxil Fumarate 600/200/300mg, tablets, 30 Tabs",Efavirenz/Emtricitabine/Tenofovir Disoproxil Fumarate,Generic,600/200/300mg,Tablet - FDC,30,"13,154",262027.68,19.92,0.66,Mylan (formerly Matrix) Nashik,TRUE,1456,"$3,949.18 ",564.93
"84,111",151-NG-T30,FPQ-7812,SO-39991,DN-2350,Nigeria,PMO - US,From RDC,N/A - From RDC,Air Charter,06-06-11,N/A - From RDC,03-Nov-11,28-Sep-11,28-Sep-11,ARV,Adult,SCMS from RDC,"Lamivudine/Nevirapine/Zidovudine 150/200/300mg, tablets, 60 Tabs",Lamivudine/Nevirapine/Zidovudine,Generic,150/300/200mg,Tablet - FDC,60,"267,671",3003268.62,11.22,0.19,"Aurobindo Unit III, India",TRUE,37993,"$18,495.90 ","4,955.39"
"84,112",110-ZM-T30,FPQ-7085,SO-38733,DN-2357,Zambia,PMO - US,From RDC,N/A - From RDC,Truck,02-03-11,N/A - From RDC,31-Oct-11,26-Sep-11,26-Sep-11,ARV,Adult,SCMS from RDC,"Efavirenz 600mg, tablets, 30 Tabs",Efavirenz,Generic,600mg,Tablet,30,"135,158",583882.56,4.32,0.14,"Aurobindo Unit III, India",TRUE,17285,"$21,454.88 ",963.41
"84,113",901-SZ-T30,FPQ-8360,SO-40580,DN-2359,Swaziland,PMO - US,From RDC,N/A - From RDC,Air,09-02-11,N/A - From RDC,30-Sep-11,06-Oct-11,06-Oct-11,ARV,Adult,SCMS from RDC,"Lamivudine/Nevirapine/Zidovudine 150/200/300mg, tablets, 60 Tabs",Lamivudine/Nevirapine/Zidovudine,Generic,150/300/200mg,Tablet - FDC,60,"23,861",267720.42,11.22,0.19,Mylan (formerly Matrix) Nashik,TRUE,4502,"$12,314.40 ",441.74
"84,115",106-HT-T30,FPQ-7653,SO-39741,DN-2387,Haiti,PMO - US,From RDC,N/A - From RDC,Air,05-11-11,N/A - From RDC,31-Oct-11,24-Oct-11,24-Oct-11,ARV,Adult,SCMS from RDC,"Stavudine 30mg, capsules, 60 Caps",Stavudine,Generic,30mg,Capsule,60,"3,850",5390.00,1.4,0.02,"Aurobindo Unit III, India",TRUE,230,"$2,936.80 ",8.89
"84,116",900-SZ-T30,FPQ-8417,SO-40701,DN-2391,Swaziland,PMO - US,From RDC,N/A - From RDC,Air,9/14/2011,N/A - From RDC,17-Nov-11,18-Oct-11,18-Oct-11,ARV,Adult,SCMS from RDC,"Lamivudine/Nevirapine/Zidovudine 150/200/300mg, tablets, 60 Tabs",Lamivudine/Nevirapine/Zidovudine,Generic,150/300/200mg,Tablet - FDC,60,"45,000",504900.00,11.22,0.19,"Aurobindo Unit III, India",TRUE,5961,"$20,144.99 ",833.08
"84,117",110-ZM-T30,FPQ-7085,SO-38743,DN-2396,Zambia,PMO - US,From RDC,N/A - From RDC,Truck,02-03-11,N/A - From RDC,10-Dec-11,09-Dec-11,09-Dec-11,ARV,Adult,SCMS from RDC,"Nevirapine 200mg, tablets, 60 Tabs",Nevirapine,Generic,200mg,Tablet,60,"19,200",48192.00,2.51,0.04,Mylan (formerly Matrix) Nashik,TRUE,1936,"$9,421.76 ",79.52
"84,118",104-CI-T30,FPQ-8295,SO-40770,DN-2405,Côte d'Ivoire,PMO - US,From RDC,N/A - From RDC,Truck,8/25/2011,N/A - From RDC,11-Nov-11,31-Oct-11,31-Oct-11,ARV,Adult,SCMS from RDC,"Stavudine 15mg, capsules, 60 Caps",Stavudine,Generic,15mg,Capsule,60,"1,512",1995.84,1.32,0.02,"Aurobindo Unit III, India",TRUE,360,"$3,274.41 ",3.29
"86,460",102-BI-T30,FPQ-9229,SO-41530,DN-2594,Burundi,PMO - US,From RDC,N/A - From RDC,Air,1/25/2012,N/A - From RDC,26-Apr-12,04-May-12,04-May-12,ARV,Adult,SCMS from RDC,"Abacavir 300mg, tablets, 60 Tabs",Abacavir,Generic,300mg,Tablet,60,350,5120.50,14.63,0.24,Mylan (formerly Matrix) Nashik,FALSE,See DN-2594 (ID#:83021),null,7.18
"84,120",104-CI-T30,FPQ-8295,SO-40800,DN-2422,Côte d'Ivoire,PMO - US,From RDC,N/A - From RDC,Truck,8/25/2011,N/A - From RDC,23-Dec-11,19-Nov-11,19-Nov-11,ARV,Adult,SCMS from RDC,"Tenofovir Disoproxil Fumarate 300mg, tablets, 30 Tabs",Tenofovir Disoproxil Fumarate,Generic,300mg,Tablet,30,"3,520",22598.40,6.42,0.21,Mylan (formerly Matrix) Nashik,TRUE,197,"$3,296.34 ",37.29
"84,121",114-UG-T30,FPQ-8520,SO-40911,DN-2435,Uganda,PMO - US,From RDC,N/A - From RDC,Truck,10-05-11,N/A - From RDC,09-Jan-12,01-Dec-11,01-Dec-11,ARV,Adult,SCMS from RDC,"Efavirenz 600mg, tablets, 30 Tabs",Efavirenz,Generic,600mg,Tablet,30,"10,000",41200.00,4.12,0.14,"Strides, Bangalore, India.",TRUE,1051,"$39,130.38 ",67.98
"84,155",102-BI-T30,FPQ-9229,SO-41540,DN-2595,Burundi,PMO - US,From RDC,N/A - From RDC,Air,1/25/2012,N/A - From RDC,26-Apr-12,09-Apr-12,09-Apr-12,ARV,Adult,SCMS from RDC,"Emtricitabine/Tenofovir Disoproxil Fumarate 200/300mg, tablets, 30 Tabs",Emtricitabine/Tenofovir Disoproxil Fumarate,Generic,200/300mg,Tablet - FDC,30,"5,150",45062.50,8.75,0.29,Mylan (formerly Matrix) Nashik,FALSE,See DN-2595 (ID#:83577),null,63.18
"84,123",109-TZ-T30,FPQ-8297,SO-40611,DN-2444,Tanzania,PMO - US,From RDC,N/A - From RDC,Truck,8/22/2011,N/A - From RDC,07-Feb-12,19-Dec-11,19-Dec-11,ARV,Adult,SCMS from RDC,"Zidovudine 300mg, tablets, 60 Tabs",Zidovudine,Generic,300mg,Tablet,60,"6,400",44928.00,7.02,0.12,Mylan (formerly Matrix) Nashik,TRUE,355,"$2,682.20 ",74.13
"84,713",102-BI-T30,FPQ-9229,SO-41540,DN-2595,Burundi,PMO - US,From RDC,N/A - From RDC,Air,1/25/2012,N/A - From RDC,26-Apr-12,09-Apr-12,09-Apr-12,ARV,Pediatric,SCMS from RDC,"Lamivudine 10mg/ml, oral solution w/syringe, Bottle, 240 ml",Lamivudine,Generic,10mg/ml,Oral solution,240,240,444.00,1.85,0.01,"Aurobindo Unit III, India",FALSE,See DN-2595 (ID#:83577),null,0.62
"82,463",114-UG-T30,FPQ-9321,SO-41520,DN-2597,Uganda,PMO - US,From RDC,N/A - From RDC,Truck,02-10-12,N/A - From RDC,24-Apr-12,27-Feb-12,27-Feb-12,ARV,Adult,SCMS from RDC,"Lamivudine/Tenofovir Disoproxil Fumarate 300/300mg, tablets, 30 Tabs",Lamivudine/Tenofovir Disoproxil Fumarate,Generic,300/300mg,Tablet - FDC,30,"3,900",23712.00,6.08,0.2,Mylan (formerly Matrix) Nashik,FALSE,See DN-2597 (ID#:82462),null,33.24
"84,126",900-SZ-T30,FPQ-8417,SO-40690,DN-2456,Swaziland,PMO - US,From RDC,N/A - From RDC,Air,9/14/2011,N/A - From RDC,12-Dec-11,12-Dec-11,12-Dec-11,ARV,Adult,SCMS from RDC,"Nevirapine 200mg, tablets, 60 Tabs",Nevirapine,Generic,200mg,Tablet,60,"13,023",33599.34,2.58,0.04,"Strides, Bangalore, India.",TRUE,750,"$3,787.65 ",55.44
"84,127",111-MZ-T30,FPQ-7053,SO-38638,DN-2458,Mozambique,PMO - US,From RDC,N/A - From RDC,Truck,1/24/2011,N/A - From RDC,31-Jan-12,25-Jan-12,25-Jan-12,ARV,Pediatric,SCMS from RDC,"Nevirapine 10mg/ml, oral suspension w/syringe, Bottle, 240 ml",Nevirapine,Generic,10mg/ml,Oral suspension,240,"8,000",15600.00,1.95,0.01,"Aurobindo Unit III, India",TRUE,2987,"$2,779.53 ",25.74
"84,128",151-NG-T30,FPQ-8364,SO-40662,DN-2464,Nigeria,PMO - US,From RDC,N/A - From RDC,Air Charter,8/29/2011,N/A - From RDC,16-Mar-12,18-Dec-11,18-Dec-11,ARV,Adult,SCMS from RDC,"Lamivudine/Tenofovir Disoproxil Fumarate 300/300mg, tablets, 30 Tabs",Lamivudine/Tenofovir Disoproxil Fumarate,Generic,300/300mg,Tablet - FDC,30,"53,279",438486.17,8.23,0.27,Mylan (formerly Matrix) Nashik,TRUE,5494,"$15,322.73 ",723.5
"84,129",110-ZM-T30,FPQ-7767,SO-40260,DN-2486,Zambia,PMO - US,From RDC,N/A - From RDC,Truck,7/26/2011,N/A - From RDC,29-Feb-12,20-Jan-12,20-Jan-12,ARV,Adult,SCMS from RDC,"Nevirapine 200mg, tablets, 60 Tabs",Nevirapine,Generic,200mg,Tablet,60,"200,000",502000.00,2.51,0.04,"Aurobindo Unit VII, IN",TRUE,19257,"$6,476.69 ",828.3
"82,464",114-UG-T30,FPQ-9321,SO-41520,DN-2597,Uganda,PMO - US,From RDC,N/A - From RDC,Truck,02-10-12,N/A - From RDC,24-Apr-12,27-Feb-12,27-Feb-12,ARV,Adult,SCMS from RDC,"Nevirapine 200mg, tablets, 60 Tabs",Nevirapine,Generic,200mg,Tablet,60,"1,700",4267.00,2.51,0.04,"Strides, Bangalore, India.",FALSE,See DN-2597 (ID#:82462),null,5.98
"85,245",114-UG-T30,FPQ-9321,SO-41520,DN-2597,Uganda,PMO - US,From RDC,N/A - From RDC,Truck,02-10-12,N/A - From RDC,24-Apr-12,27-Feb-12,27-Feb-12,ARV,Adult,SCMS from RDC,"Lamivudine/Zidovudine 150/300mg, tablets, 60 Tabs",Lamivudine/Zidovudine,Generic,150/300mg,Tablet - FDC,60,"2,900",23200.00,8,0.13,"Aurobindo Unit III, India",FALSE,See DN-2597 (ID#:82462),null,32.53
"84,714",109-TZ-T30,FPQ-8297,SO-40610,DN-2598,Tanzania,PMO - US,From RDC,N/A - From RDC,Truck,8/22/2011,N/A - From RDC,04-May-12,11-Apr-12,11-Apr-12,ARV,Adult,SCMS from RDC,"Lamivudine/Zidovudine 150/300mg, tablets, 60 Tabs",Lamivudine/Zidovudine,Generic,150/300mg,Tablet - FDC,60,"150,446",1242683.96,8.26,0.14,Hetero Unit III Hyderabad IN,FALSE,See DN-2598 (ID#:82465),null,"2,050.43"
"85,846",109-TZ-T30,FPQ-8297,SO-40610,DN-2598,Tanzania,PMO - US,From RDC,N/A - From RDC,Truck,8/22/2011,N/A - From RDC,04-May-12,11-Apr-12,11-Apr-12,ARV,Adult,SCMS from RDC,"Zidovudine 300mg, tablets, 60 Tabs",Zidovudine,Generic,300mg,Tablet,60,"137,759",967068.18,7.02,0.12,Hetero Unit III Hyderabad IN,FALSE,See DN-2598 (ID#:82465),null,"1,595.66"
"12,388",104-CI-T01,Pre-PQ Process,SO-523,DN-260,Côte d'Ivoire,PMO - US,From RDC,N/A - From RDC,,Pre-PQ Process,N/A - From RDC,03-Aug-07,03-Aug-07,03-Aug-07,ARV,Adult,SCMS from RDC,"Lamivudine/Nevirapine/Stavudine 150/200/30mg, tablets, 60 Tabs",Lamivudine/Nevirapine/Stavudine,Generic,150/200/30mg,Tablet - FDC,60,"23,472",176040.00,7.5,0.12,"Cipla, Goa, India",FALSE,See DN-260 (ID#:11426),null,281.66
"85,246",104-CI-T30,FPQ-8363,SO-40822,DN-2601,Côte d'Ivoire,PMO - US,From RDC,N/A - From RDC,Truck,8/29/2011,N/A - From RDC,19-Apr-12,19-Apr-12,19-Apr-12,ARV,Adult,SCMS from RDC,"Abacavir 300mg, tablets, 60 Tabs",Abacavir,Generic,300mg,Tablet,60,"10,440",152737.20,14.63,0.24,Mylan (formerly Matrix) Nashik,FALSE,See DN-2601 (ID#:84156),null,252.02
"85,847",114-UG-T30,FPQ-9354,SO-41630,DN-2603,Uganda,PMO - US,From RDC,N/A - From RDC,Air,2/20/2012,N/A - From RDC,03-May-12,27-Mar-12,27-Mar-12,ARV,Adult,SCMS from RDC,"Lamivudine/Tenofovir Disoproxil Fumarate 300/300mg, tablets, 30 Tabs",Lamivudine/Tenofovir Disoproxil Fumarate,Generic,300/300mg,Tablet - FDC,30,"12,959",78790.72,6.08,0.2,Mylan (formerly Matrix) Nashik,FALSE,See DN-2603 (ID#:83023),null,110.46
"86,463",114-UG-T30,FPQ-9354,SO-41630,DN-2603,Uganda,PMO - US,From RDC,N/A - From RDC,Air,2/20/2012,N/A - From RDC,03-May-12,27-Mar-12,27-Mar-12,ARV,Adult,SCMS from RDC,"Lamivudine 150mg, tablets, 60 Tabs",Lamivudine,Generic,150mg,Tablet,60,"1,614",3760.62,2.33,0.04,Macleods Daman Plant INDIA,FALSE,See DN-2603 (ID#:83023),null,5.27
"85,247",113-ZW-T30,FPQ-8464,SO-40850,DN-2605,Zimbabwe,PMO - US,From RDC,N/A - From RDC,Truck,10-04-11,N/A - From RDC,13-Apr-12,10-Apr-12,10-Apr-12,ARV,Adult,SCMS from RDC,"Lamivudine/Tenofovir Disoproxil Fumarate 300/300mg, tablets, 30 Tabs",Lamivudine/Tenofovir Disoproxil Fumarate,Generic,300/300mg,Tablet - FDC,30,"78,082",474738.56,6.08,0.2,Mylan (formerly Matrix) Nashik,FALSE,See DN-2605 (ID#:82467),null,783.32
"85,248",113-ZW-T30,FPQ-8464,SO-40850,DN-2605,Zimbabwe,PMO - US,From RDC,N/A - From RDC,Truck,10-04-11,N/A - From RDC,13-Apr-12,10-Apr-12,10-Apr-12,ARV,Adult,SCMS from RDC,"Lamivudine/Stavudine 150/30mg, tablets, 60 Tabs",Lamivudine/Stavudine,Generic,150/30mg,Tablet - FDC,60,"7,150",21092.50,2.95,0.05,"Strides, Bangalore, India.",FALSE,See DN-2605 (ID#:82467),null,34.8
"85,848",113-ZW-T30,FPQ-8464,SO-40850,DN-2605,Zimbabwe,PMO - US,From RDC,N/A - From RDC,Truck,10-04-11,N/A - From RDC,13-Apr-12,10-Apr-12,10-Apr-12,ARV,Adult,SCMS from RDC,"Nevirapine 200mg, tablets, 60 Tabs",Nevirapine,Generic,200mg,Tablet,60,"69,037",173282.87,2.51,0.04,"Aurobindo Unit VII, IN",FALSE,See DN-2605 (ID#:82467),null,285.92
"84,141",113-ZW-T30,FPQ-7052,SO-38520,DN-2519,Zimbabwe,PMO - US,From RDC,N/A - From RDC,Truck,1/19/2011,N/A - From RDC,29-Feb-12,16-Feb-12,16-Feb-12,ARV,Adult,SCMS from RDC,"Nevirapine 200mg, tablets, 60 Tabs",Nevirapine,Generic,200mg,Tablet,60,"9,073",22773.23,2.51,0.04,"Aurobindo Unit VII, IN",TRUE,2721,"$4,777.08 ",37.58
"84,142",101-CD-T30,FPQ-8840,SO-41383,DN-2524,"Congo, DRC",PMO - US,From RDC,N/A - From RDC,Air,11/21/2011,N/A - From RDC,22-Mar-12,22-Mar-12,22-Mar-12,ARV,Adult,SCMS from RDC,"Lamivudine 150mg, tablets, 60 Tabs",Lamivudine,Generic,150mg,Tablet,60,23,53.59,2.33,0.04,Hetero Unit III Hyderabad IN,TRUE,1,$522.42 ,0.08
"86,464",113-ZW-T30,FPQ-8464,SO-40850,DN-2605,Zimbabwe,PMO - US,From RDC,N/A - From RDC,Truck,10-04-11,N/A - From RDC,13-Apr-12,10-Apr-12,10-Apr-12,ARV,Adult,SCMS from RDC,"Efavirenz 600mg, tablets, 30 Tabs",Efavirenz,Generic,600mg,Tablet,30,"17,422",71778.64,4.12,0.14,"Strides, Bangalore, India.",FALSE,See DN-2605 (ID#:82467),null,118.43
"86,465",113-ZW-T30,FPQ-8464,SO-40850,DN-2605,Zimbabwe,PMO - US,From RDC,N/A - From RDC,Truck,10-04-11,N/A - From RDC,13-Apr-12,10-Apr-12,10-Apr-12,ARV,Adult,SCMS from RDC,"Lamivudine/Nevirapine/Zidovudine 150/200/300mg, tablets, 60 Tabs",Lamivudine/Nevirapine/Zidovudine,Generic,150/300/200mg,Tablet - FDC,60,"11,574",127314.00,11,0.18,"Aurobindo Unit III, India",FALSE,See DN-2605 (ID#:82467),null,210.07
"84,145",109-TZ-T30,FPQ-8297,SO-40630,DN-2544,Tanzania,PMO - US,From RDC,N/A - From RDC,Truck,8/22/2011,N/A - From RDC,30-Mar-12,12-Mar-12,12-Mar-12,ARV,Adult,SCMS from RDC,"Tenofovir Disoproxil Fumarate 300mg, tablets, 30 Tabs",Tenofovir Disoproxil Fumarate,Generic,300mg,Tablet,30,"17,440",95920.00,5.5,0.18,Mylan (formerly Matrix) Nashik,TRUE,2612,"$1,698.83 ",158.27
"86,466",113-ZW-T30,FPQ-8464,SO-40850,DN-2605,Zimbabwe,PMO - US,From RDC,N/A - From RDC,Truck,10-04-11,N/A - From RDC,13-Apr-12,10-Apr-12,10-Apr-12,ARV,Adult,SCMS from RDC,"Lamivudine/Nevirapine/Stavudine 150/200/30mg, tablets, 60 Tabs",Lamivudine/Nevirapine/Stavudine,Generic,150/200/30mg,Tablet - FDC,60,"71,030",382141.40,5.38,0.09,"Strides, Bangalore, India.",FALSE,See DN-2605 (ID#:82467),null,630.53
"84,147",114-UG-T30,FPQ-8520,SO-40910,DN-2546,Uganda,PMO - US,From RDC,N/A - From RDC,Truck,10-05-11,N/A - From RDC,09-Mar-12,15-Feb-12,15-Feb-12,ARV,Adult,SCMS from RDC,"Nevirapine 200mg, tablets, 60 Tabs",Nevirapine,Generic,200mg,Tablet,60,534,1377.72,2.58,0.04,"Strides, Bangalore, India.",TRUE,30,"$2,030 ",2.27
"84,148",151-NG-T30,FPQ-8364,SO-40665,DN-2561,Nigeria,PMO - US,From RDC,N/A - From RDC,Air Charter,8/29/2011,N/A - From RDC,16-Mar-12,16-Feb-12,16-Feb-12,ARV,Adult,SCMS from RDC,"Lamivudine/Tenofovir Disoproxil Fumarate 300/300mg, tablets, 30 Tabs",Lamivudine/Tenofovir Disoproxil Fumarate,Generic,300/300mg,Tablet - FDC,30,"22,426",136350.08,6.08,0.2,Mylan (formerly Matrix) Nashik,TRUE,1942,"$25,231.96 ",224.98
"84,149",109-TZ-T30,FPQ-8303,SO-40531,DN-2572,Tanzania,PMO - US,From RDC,N/A - From RDC,Truck,8/22/2011,N/A - From RDC,11-Apr-12,11-Apr-12,11-Apr-12,ARV,Pediatric,SCMS from RDC,"Nevirapine 10mg/ml, oral suspension w/syringe, Bottle, 240 ml",Nevirapine,Generic,10mg/ml,Oral suspension,240,"19,026",37100.70,1.95,0.01,"Aurobindo Unit III, India",TRUE,7096,"$3,279.29 ",61.22
"84,150",109-TZ-T30,FPQ-8303,SO-40691,DN-2573,Tanzania,PMO - US,From RDC,N/A - From RDC,Truck,8/22/2011,N/A - From RDC,30-Mar-12,12-Mar-12,12-Mar-12,ARV,Pediatric,SCMS from RDC,"Lamivudine/Nevirapine/Zidovudine 30/50/60mg, dispersible tablets, 60 Tabs",Lamivudine/Nevirapine/Zidovudine,Generic,30/50/60mg,Chewable/dispersible tablet - FDC,60,"163,735",695873.75,4.25,0.07,Mylan (formerly Matrix) Nashik,TRUE,9208,"$3,825.80 ","1,148.19"
"85,249",114-UG-T30,FPQ-8522,SO-40931,DN-2607,Uganda,PMO - US,From RDC,N/A - From RDC,Truck,10-05-11,N/A - From RDC,16-May-12,27-Mar-12,27-Mar-12,ARV,Adult,SCMS from RDC,"Lamivudine/Nevirapine/Zidovudine 150/200/300mg, tablets, 60 Tabs",Lamivudine/Nevirapine/Zidovudine,Generic,150/300/200mg,Tablet - FDC,60,"12,762",140382.00,11,0.18,Mylan (formerly Matrix) Nashik,FALSE,See DN-2607 (ID#:83580),null,231.63
"85,849",114-UG-T30,FPQ-8522,SO-40931,DN-2607,Uganda,PMO - US,From RDC,N/A - From RDC,Truck,10-05-11,N/A - From RDC,16-May-12,27-Mar-12,27-Mar-12,ARV,Adult,SCMS from RDC,"Lamivudine/Tenofovir Disoproxil Fumarate 300/300mg, tablets, 30 Tabs",Lamivudine/Tenofovir Disoproxil Fumarate,Generic,300/300mg,Tablet - FDC,30,"22,872",139061.76,6.08,0.2,Mylan (formerly Matrix) Nashik,FALSE,See DN-2607 (ID#:83580),null,229.45
"86,467",110-ZM-T30,FPQ-8476,SO-40953,DN-2608,Zambia,PMO - US,From RDC,N/A - From RDC,Truck,9/27/2011,N/A - From RDC,15-May-12,16-Apr-12,16-Apr-12,ARV,Adult,SCMS from RDC,"Emtricitabine/Tenofovir Disoproxil Fumarate 200/300mg, tablets, 30 Tabs",Emtricitabine/Tenofovir Disoproxil Fumarate,Generic,200/300mg,Tablet - FDC,30,"79,075",709302.75,8.97,0.3,Mylan (formerly Matrix) Nashik,FALSE,See DN-2608 (ID#:83579),null,"1,170.35"
"85,852",104-CI-T30,FPQ-8363,SO-40830,DN-2612,Côte d'Ivoire,PMO - US,From RDC,N/A - From RDC,Truck,8/29/2011,N/A - From RDC,27-Apr-12,19-Apr-12,19-Apr-12,ARV,Adult,SCMS from RDC,"Lamivudine/Zidovudine 150/300mg, tablets, 60 Tabs",Lamivudine/Zidovudine,Generic,150/300mg,Tablet - FDC,60,5,41.30,8.26,0.14,Mylan (formerly Matrix) Nashik,FALSE,See DN-2612 (ID#:84157),null,0.07
"83,581",111-MZ-T30,FPQ-8157,SO-40390,DN-2616,Mozambique,PMO - US,From RDC,N/A - From RDC,Truck,08-04-11,N/A - From RDC,07-May-12,10-May-12,10-May-12,ARV,Adult,SCMS from RDC,"Lamivudine/Nevirapine/Zidovudine 150/200/300mg, tablets, 60 Tabs",Lamivudine/Nevirapine/Zidovudine,Generic,150/300/200mg,Tablet - FDC,60,"100,000",1122000.00,11.22,0.19,"Cipla, Goa, India",FALSE,See DN-2616 (ID#:83024),null,"1,851.30"
"84,156",104-CI-T30,FPQ-8363,SO-40822,DN-2601,Côte d'Ivoire,PMO - US,From RDC,N/A - From RDC,Truck,8/29/2011,N/A - From RDC,19-Apr-12,19-Apr-12,19-Apr-12,ARV,Adult,SCMS from RDC,"Lamivudine/Nevirapine/Zidovudine 150/200/300mg, tablets, 60 Tabs",Lamivudine/Nevirapine/Zidovudine,Generic,150/300/200mg,Tablet - FDC,60,"75,000",841500.00,11.22,0.19,Mylan (formerly Matrix) Nashik,TRUE,10746,"$22,878.26 ","1,388.48"
"84,157",104-CI-T30,FPQ-8363,SO-40830,DN-2612,Côte d'Ivoire,PMO - US,From RDC,N/A - From RDC,Truck,8/29/2011,N/A - From RDC,27-Apr-12,19-Apr-12,19-Apr-12,ARV,Adult,SCMS from RDC,"Lamivudine/Zidovudine 150/300mg, tablets, 60 Tabs",Lamivudine/Zidovudine,Generic,150/300mg,Tablet - FDC,60,"7,273",60074.98,8.26,0.14,"Cipla, Goa, India",TRUE,650,"$4,029.71 ",99.12
"86,468",111-MZ-T30,FPQ-8157,SO-40390,DN-2616,Mozambique,PMO - US,From RDC,N/A - From RDC,Truck,08-04-11,N/A - From RDC,07-May-12,10-May-12,10-May-12,ARV,Adult,SCMS from RDC,"Lamivudine/Nevirapine/Zidovudine 150/200/300mg, tablets, 60 Tabs",Lamivudine/Nevirapine/Zidovudine,Generic,150/300/200mg,Tablet - FDC,60,"2,551",28622.22,11.22,0.19,"Aurobindo Unit III, India",FALSE,See DN-2616 (ID#:83024),null,47.23
"84,159",107-RW-T30,FPQ-9442,SO-41740,DN-2619,Rwanda,PMO - US,From RDC,N/A - From RDC,Air,03-01-12,N/A - From RDC,09-Apr-12,29-Mar-12,29-Mar-12,ARV,Pediatric,SCMS from RDC,"Abacavir 20mg/ml, oral solution w/syringe, Bottle, 240 ml",Abacavir,Generic,20mg/ml,Oral solution,240,"1,489",18612.50,12.5,0.05,"Aurobindo Unit III, India",TRUE,557,"$5,044.26 ",26.09
"84,158",113-ZW-T30,FPQ-8464,SO-40860,DN-2621,Zimbabwe,PMO - US,From RDC,N/A - From RDC,Truck,10-04-11,N/A - From RDC,17-Apr-12,07-May-12,07-May-12,ARV,Adult,SCMS from RDC,"Lamivudine/Stavudine 150/30mg, tablets, 60 Tabs",Lamivudine/Stavudine,Generic,150/30mg,Tablet - FDC,60,"7,150",21092.50,2.95,0.05,"Strides, Bangalore, India.",FALSE,See DN-2621 (ID#:83583),null,34.8
"84,161",107-RW-T30,FPQ-9190,SO-41431,DN-2626,Rwanda,PMO - US,From RDC,N/A - From RDC,Air,1/27/2012,N/A - From RDC,29-Jun-12,26-Apr-12,26-Apr-12,ARV,Pediatric,SCMS from RDC,"Efavirenz 200mg, capsule, 90 Caps",Efavirenz,Generic,200mg,Capsule,90,993,8579.52,8.64,0.1,"Aurobindo Unit III, India",TRUE,126,"$1,675 ",12.03
"84,162",109-TZ-T30,FPQ-8303,SO-40490,DN-2633,Tanzania,PMO - US,From RDC,N/A - From RDC,Truck,8/22/2011,N/A - From RDC,01-Jun-12,01-Jun-12,01-Jun-12,ARV,Pediatric,SCMS from RDC,"Lamivudine/Nevirapine/Stavudine 60/100/12mg, dispersible tablets, 60 Tabs",Lamivudine/Nevirapine/Stavudine,Generic,60/100/12mg,Chewable/dispersible tablet - FDC,60,"26,300",119402.00,4.54,0.08,"Cipla, Goa, India",TRUE,2278,"$7,865.40 ",197.01
"84,160",113-ZW-T30,FPQ-8464,SO-40860,DN-2621,Zimbabwe,PMO - US,From RDC,N/A - From RDC,Truck,10-04-11,N/A - From RDC,17-Apr-12,07-May-12,07-May-12,ARV,Adult,SCMS from RDC,"Lamivudine/Nevirapine/Zidovudine 150/200/300mg, tablets, 60 Tabs",Lamivudine/Nevirapine/Zidovudine,Generic,150/300/200mg,Tablet - FDC,60,"11,574",127314.00,11,0.18,Mylan (formerly Matrix) Nashik,FALSE,See DN-2621 (ID#:83583),null,210.07
"84,164",111-MZ-T30,FPQ-8157,SO-40380,DN-2635,Mozambique,PMO - US,From RDC,N/A - From RDC,Truck,08-04-11,N/A - From RDC,28-Jun-12,28-Jun-12,28-Jun-12,ARV,Pediatric,SCMS from RDC,"Nevirapine 10mg/ml, oral suspension w/syringe, Bottle, 240 ml",Nevirapine,Generic,10mg/ml,Oral suspension,240,"26,807",52273.65,1.95,0.01,"Aurobindo Unit III, India",TRUE,9937,"$14,700 ",86.25
"84,717",113-ZW-T30,FPQ-8464,SO-40860,DN-2621,Zimbabwe,PMO - US,From RDC,N/A - From RDC,Truck,10-04-11,N/A - From RDC,17-Apr-12,07-May-12,07-May-12,ARV,Adult,SCMS from RDC,"Lamivudine/Zidovudine 150/300mg, tablets, 60 Tabs",Lamivudine/Zidovudine,Generic,150/300mg,Tablet - FDC,60,"3,345",27629.70,8.26,0.14,"Cipla, Goa, India",FALSE,See DN-2621 (ID#:83583),null,45.59
"85,252",113-ZW-T30,FPQ-8464,SO-40860,DN-2621,Zimbabwe,PMO - US,From RDC,N/A - From RDC,Truck,10-04-11,N/A - From RDC,17-Apr-12,07-May-12,07-May-12,ARV,Adult,SCMS from RDC,"Lamivudine/Nevirapine/Stavudine 150/200/30mg, tablets, 60 Tabs",Lamivudine/Nevirapine/Stavudine,Generic,150/200/30mg,Tablet - FDC,60,"71,030",382141.40,5.38,0.09,"Strides, Bangalore, India.",FALSE,See DN-2621 (ID#:83583),null,630.53
"84,718",104-CI-T30,FPQ-8787,SO-41150,DN-2623,Côte d'Ivoire,PMO - US,From RDC,N/A - From RDC,Air,11-11-11,N/A - From RDC,16-Apr-12,11-Apr-12,11-Apr-12,ARV,Pediatric,SCMS from RDC,"Didanosine 200mg, delayed-release capsules, 30 Caps",Didanosine,Generic,200mg,Delayed-release capsules,30,"3,765",41415.00,11,0.37,"Aurobindo Unit III, India",FALSE,See DN-2623 (ID#:83027),null,58.06
"84,168",151-NG-T30,FPQ-8952,SO-41254,DN-2650,Nigeria,PMO - US,From RDC,N/A - From RDC,Air Charter,12-08-11,N/A - From RDC,04-Jul-12,30-Apr-12,30-Apr-12,ARV,Adult,SCMS from RDC,"Nevirapine 200mg, tablets, 60 Tabs",Nevirapine,Generic,200mg,Tablet,60,"48,874",119252.56,2.44,0.04,"Aurobindo Unit III, India",TRUE,4754,"$27,441.21 ",167.19
"85,253",110-ZM-T30,FPQ-8476,SO-40955,DN-2624,Zambia,PMO - US,From RDC,N/A - From RDC,Truck,9/27/2011,N/A - From RDC,15-May-12,30-Apr-12,30-Apr-12,ARV,Adult,SCMS from RDC,"Lamivudine/Zidovudine 150/300mg, tablets, 60 Tabs",Lamivudine/Zidovudine,Generic,150/300mg,Tablet - FDC,60,"96,655",773240.00,8,0.13,"Cipla, Goa, India",FALSE,See DN-2624 (ID#:83584),null,"1,275.85"
"84,170",110-ZM-T30,FPQ-9081,SO-41280,DN-2659,Zambia,PMO - US,From RDC,N/A - From RDC,Truck,12/22/2011,N/A - From RDC,01-Jun-12,28-May-12,28-May-12,ARV,Adult,SCMS from RDC,"Nevirapine 200mg, tablets, 60 Tabs",Nevirapine,Generic,200mg,Tablet,60,"13,127",32948.77,2.51,0.04,"Aurobindo Unit III, India",TRUE,1252,"$6,079.27 ",46.19
"85,254",110-ZM-T30,FPQ-8476,SO-40955,DN-2624,Zambia,PMO - US,From RDC,N/A - From RDC,Truck,9/27/2011,N/A - From RDC,15-May-12,30-Apr-12,30-Apr-12,ARV,Adult,SCMS from RDC,"Zidovudine 300mg, tablets, 60 Tabs",Zidovudine,Generic,300mg,Tablet,60,"136,109",955485.18,7.02,0.12,Hetero Unit III Hyderabad IN,FALSE,See DN-2624 (ID#:83584),null,"1,576.55"
"85,853",110-ZM-T30,FPQ-8476,SO-40955,DN-2624,Zambia,PMO - US,From RDC,N/A - From RDC,Truck,9/27/2011,N/A - From RDC,15-May-12,30-Apr-12,30-Apr-12,ARV,Adult,SCMS from RDC,"Lamivudine/Zidovudine 150/300mg, tablets, 60 Tabs",Lamivudine/Zidovudine,Generic,150/300mg,Tablet - FDC,60,887,7096.00,8,0.13,"Aurobindo Unit VII, IN",FALSE,See DN-2624 (ID#:83584),null,11.71
"84,175",113-ZW-T30,FPQ-8464,SO-40871,DN-2692,Zimbabwe,PMO - US,From RDC,N/A - From RDC,Truck,10-04-11,N/A - From RDC,17-Jun-12,17-Jun-12,17-Jun-12,ARV,Adult,SCMS from RDC,"Nevirapine 200mg, tablets, 60 Tabs",Nevirapine,Generic,200mg,Tablet,60,"69,037",168450.28,2.44,0.04,Hetero Unit III Hyderabad IN,TRUE,4353,"$5,530.11 ",277.94
"84,176",109-TZ-T30,FPQ-9271,SO-41581,DN-2718,Tanzania,PMO - US,From RDC,N/A - From RDC,Truck,1/31/2012,N/A - From RDC,01-Aug-12,25-Jul-12,25-Jul-12,ARV,Adult,SCMS from RDC,"Tenofovir Disoproxil Fumarate 300mg, tablets, 30 Tabs",Tenofovir Disoproxil Fumarate,Generic,300mg,Tablet,30,80,440.00,5.5,0.18,Mylan (formerly Matrix) Nashik,TRUE,841,"$3,549.90 ",0.62
"84,177",102-CD-T30,FPQ-10046,SO-42450,DN-2720,"Congo, DRC",PMO - US,From RDC,N/A - From RDC,Air,4/26/2012,N/A - From RDC,09-Sep-12,09-Sep-12,09-Sep-12,HRDT,HIV test,SCMS from RDC,"HIV 1/2, Determine Complete HIV Kit, 100 Tests","HIV 1/2, Determine Complete HIV Kit",Determine,,Test kit,100,"1,500",120000.00,80,0.8,"Alere Medical Co., Ltd.",TRUE,448,"$2,757.40 ",168.24
"85,854",102-DO-T30,FPQ-9676,SO-41880,DN-2638,Dominican Republic,PMO - US,From RDC,N/A - From RDC,Air,04-09-12,N/A - From RDC,21-May-12,04-May-12,04-May-12,ARV,Adult,SCMS from RDC,"Lamivudine/Tenofovir Disoproxil Fumarate 300/300mg, tablets, 30 Tabs",Lamivudine/Tenofovir Disoproxil Fumarate,Generic,300/300mg,Tablet - FDC,30,"6,263",34697.02,5.54,0.18,Mylan (formerly Matrix) Nashik,FALSE,See DN-2638 (ID#:85257),null,48.65
"84,180",113-ZW-T30,FPQ-8464,SO-40890,DN-2741,Zimbabwe,PMO - US,From RDC,N/A - From RDC,Truck,10-04-11,N/A - From RDC,16-Oct-12,23-Jul-12,23-Jul-12,ARV,Adult,SCMS from RDC,"Nevirapine 200mg, tablets, 60 Tabs",Nevirapine,Generic,200mg,Tablet,60,"69,037",167069.54,2.42,0.04,"Aurobindo Unit III, India",TRUE,14074,"$15,299.58 ",275.66
"84,181",113-ZW-T30,FPQ-8464,SO-40880,DN-2742,Zimbabwe,PMO - US,From RDC,N/A - From RDC,Truck,10-04-11,N/A - From RDC,14-Aug-12,23-Jul-12,23-Jul-12,ARV,Adult,SCMS from RDC,"Lamivudine/Tenofovir Disoproxil Fumarate 300/300mg, tablets, 30 Tabs",Lamivudine/Tenofovir Disoproxil Fumarate,Generic,300/300mg,Tablet - FDC,30,"78,082",418519.52,5.36,0.18,Mylan (formerly Matrix) Nashik,TRUE,7490,"$15,299.59 ",690.56
"84,182",110-ZM-T30,FPQ-9472,SO-41702,DN-2749,Zambia,PMO - US,From RDC,N/A - From RDC,Truck,03-08-12,N/A - From RDC,23-Aug-12,30-Jul-12,30-Jul-12,ARV,Adult,SCMS from RDC,"Efavirenz/Emtricitabine/Tenofovir Disoproxil Fumarate 600/200/300mg, tablets, 30 Tabs",Efavirenz/Emtricitabine/Tenofovir Disoproxil Fumarate,Generic,600/200/300mg,Tablet - FDC,30,"200,000",3008000.00,15.04,0.5,Mylan (formerly Matrix) Nashik,TRUE,33909,"$16,040.39 ","4,217.22"
"84,183",151-NG-T30,FPQ-9432,SO-42805,DN-2772,Nigeria,PMO - US,From RDC,N/A - From RDC,Air Charter,03-01-12,N/A - From RDC,02-Aug-12,24-Jul-12,24-Jul-12,ARV,Adult,SCMS from RDC,"Efavirenz/Emtricitabine/Tenofovir Disoproxil Fumarate 600/200/300mg, tablets, 30 Tabs",Efavirenz/Emtricitabine/Tenofovir Disoproxil Fumarate,Generic,600/200/300mg,Tablet - FDC,30,"17,124",257544.96,15.04,0.5,Mylan (formerly Matrix) Nashik,TRUE,2091,"$16,532.50 ",361.08
"84,184",113-ZW-T30,FPQ-8464,SO-40892,DN-2802,Zimbabwe,PMO - US,From RDC,N/A - From RDC,Truck,10-04-11,N/A - From RDC,16-Oct-12,04-Sep-12,04-Sep-12,ARV,Adult,SCMS from RDC,"Lamivudine/Stavudine 150/30mg, tablets, 60 Tabs",Lamivudine/Stavudine,Generic,150/30mg,Tablet - FDC,60,"4,451",13130.45,2.95,0.05,"Strides, Bangalore, India.",TRUE,228,"$7,423.38 ",21.67
"84,185",110-ZM-T30,FPQ-9472,SO-41711,DN-2805,Zambia,PMO - US,From RDC,N/A - From RDC,Truck,03-08-12,N/A - From RDC,31-Aug-12,07-Sep-12,07-Sep-12,ARV,Adult,SCMS from RDC,"Efavirenz 600mg, tablets, 30 Tabs",Efavirenz,Generic,600mg,Tablet,30,"155,202",591319.62,3.81,0.13,"Emcure Plot No.P-2, I.T-B.T. Park, Phase II, MIDC, Hinjwadi, Pune, India",TRUE,11334,"$7,317.48 ",829.03
"84,720",102-DO-T30,FPQ-9676,SO-41870,DN-2639,Dominican Republic,PMO - US,From RDC,N/A - From RDC,Air,04-09-12,N/A - From RDC,21-May-12,16-May-12,16-May-12,ARV,Pediatric,SCMS from RDC,"Zidovudine 10mg/ml, oral solution w/syringe, Bottle, 240 ml",Zidovudine,Generic,10mg/ml,Oral solution,240,"1,100",2310.00,2.1,0.01,"Aurobindo Unit III, India",FALSE,See DN-2639 (ID#:83588),null,3.24
"84,187",110-ZM-T30,FPQ-9552,SO-41831,DN-2836,Zambia,PMO - US,From RDC,N/A - From RDC,Truck,3/29/2012,N/A - From RDC,13-Sep-12,07-Sep-12,07-Sep-12,ARV,Adult,SCMS from RDC,"Lamivudine/Stavudine 150/30mg, tablets, 60 Tabs",Lamivudine/Stavudine,Generic,150/30mg,Tablet - FDC,60,"65,599",193517.05,2.95,0.05,"Strides, Bangalore, India.",TRUE,3354,"$7,317.47 ",271.31
"84,188",900-UG-T30,FPQ-10084,SO-42630,DN-2838,Uganda,PMO - US,From RDC,N/A - From RDC,Truck,06-07-12,N/A - From RDC,28-Sep-12,06-Oct-12,06-Oct-12,ARV,Adult,SCMS from RDC,"Nevirapine 200mg, tablets, 60 Tabs",Nevirapine,Generic,200mg,Tablet,60,"18,350",44774.00,2.44,0.04,Hetero Unit III Hyderabad IN,TRUE,1331,"$7,504 ",62.77
"85,258",102-DO-T30,FPQ-9676,SO-41870,DN-2639,Dominican Republic,PMO - US,From RDC,N/A - From RDC,Air,04-09-12,N/A - From RDC,21-May-12,16-May-12,16-May-12,ARV,Adult,SCMS from RDC,"Abacavir/Lamivudine 600/300mg, scored tablets, 30 Tabs",Abacavir/Lamivudine,Generic,600/300mg,Tablet - FDC,30,330,7425.00,22.5,0.75,Mylan (formerly Matrix) Nashik,FALSE,See DN-2639 (ID#:83588),null,10.41
"84,190",114-UG-T30,FPQ-9355,SO-41596,DN-2839,Uganda,PMO - US,From RDC,N/A - From RDC,Truck,2/20/2012,N/A - From RDC,05-Oct-12,24-Sep-12,24-Sep-12,ARV,Adult,SCMS from RDC,"Lamivudine/Tenofovir Disoproxil Fumarate 300/300mg, tablets, 30 Tabs",Lamivudine/Tenofovir Disoproxil Fumarate,Generic,300/300mg,Tablet - FDC,30,"5,619",30117.84,5.36,0.18,Hetero Unit III Hyderabad IN,TRUE,596,"$2,175.07 ",42.23
"84,721",102-LY-T30,FPQ-9665,SO-41890,DN-2640,Libya,PMO - US,From RDC,N/A - From RDC,Air,04-04-12,N/A - From RDC,06-Jun-12,08-May-12,08-May-12,ARV,Adult,SCMS from RDC,"Tenofovir Disoproxil Fumarate 300mg, tablets, 30 Tabs",Tenofovir Disoproxil Fumarate,Generic,300mg,Tablet,30,150,825.00,5.5,0.18,Mylan (formerly Matrix) Nashik,FALSE,See DN-2640 (ID#:83589),null,1.16
"84,165",102-LY-T30,FPQ-9665,SO-41900,DN-2641,Libya,PMO - US,From RDC,N/A - From RDC,Air,04-04-12,N/A - From RDC,23-May-12,23-May-12,23-May-12,ARV,Adult,SCMS from RDC,"Zidovudine 300mg, tablets, 60 Tabs",Zidovudine,Generic,300mg,Tablet,60,"4,166",29245.32,7.02,0.12,Hetero Unit III Hyderabad IN,FALSE,See DN-2641 (ID#:83029),null,41
"84,193",114-UG-T30,FPQ-9355,SO-41590,DN-2876,Uganda,PMO - US,From RDC,N/A - From RDC,Truck,2/20/2012,N/A - From RDC,08-Nov-12,08-Nov-12,08-Nov-12,ARV,Adult,SCMS from RDC,"Efavirenz 600mg, tablets, 30 Tabs",Efavirenz,Generic,600mg,Tablet,30,"8,132",29600.48,3.64,0.12,"Aurobindo Unit III, India",TRUE,690,"$3,990 ",41.5
"84,194",102-ZW-T30,FPQ-9927,SO-42280,DN-2878,Zimbabwe,PMO - US,From RDC,N/A - From RDC,Truck,5/15/2012,N/A - From RDC,31-Oct-12,18-Oct-12,18-Oct-12,ARV,Adult,SCMS from RDC,"Nevirapine 200mg, tablets, 60 Tabs",Nevirapine,Generic,200mg,Tablet,60,"74,469",180214.98,2.42,0.04,Hetero Unit III Hyderabad IN,TRUE,4282,"$8,443.89 ",252.66
"84,166",102-LY-T30,FPQ-9665,SO-41900,DN-2641,Libya,PMO - US,From RDC,N/A - From RDC,Air,04-04-12,N/A - From RDC,23-May-12,23-May-12,23-May-12,ARV,Adult,SCMS from RDC,"Lamivudine 150mg, tablets, 60 Tabs",Lamivudine,Generic,150mg,Tablet,60,"8,334",19418.22,2.33,0.04,Macleods Daman Plant INDIA,FALSE,See DN-2641 (ID#:83029),null,27.22
"84,196",110-ZM-T30,FPQ-9552,SO-41830,DN-2891,Zambia,PMO - US,From RDC,N/A - From RDC,Truck,3/29/2012,N/A - From RDC,09-Nov-12,05-Nov-12,05-Nov-12,ARV,Adult,SCMS from RDC,"Lamivudine/Stavudine 150/30mg, tablets, 60 Tabs",Lamivudine/Stavudine,Generic,150/30mg,Tablet - FDC,60,"10,500",30975.00,2.95,0.05,"Strides, Bangalore, India.",TRUE,537,"$6,800.60 ",43.43
"85,259",102-LY-T30,FPQ-9665,SO-41900,DN-2641,Libya,PMO - US,From RDC,N/A - From RDC,Air,04-04-12,N/A - From RDC,23-May-12,23-May-12,23-May-12,ARV,Adult,SCMS from RDC,"Tenofovir Disoproxil Fumarate 300mg, tablets, 30 Tabs",Tenofovir Disoproxil Fumarate,Generic,300mg,Tablet,30,368,2024.00,5.5,0.18,Mylan (formerly Matrix) Nashik,FALSE,See DN-2641 (ID#:83029),null,2.84
"84,198",114-UG-T30,FPQ-10556,SO-43170,DN-2897,Uganda,PMO - US,From RDC,N/A - From RDC,Air,8/30/2012,N/A - From RDC,06-Dec-12,29-Oct-12,29-Oct-12,ARV,Adult,SCMS from RDC,"Efavirenz 600mg, tablets, 30 Tabs",Efavirenz,Generic,600mg,Tablet,30,"2,445",9315.45,3.81,0.13,"Aurobindo Unit III, India",TRUE,244,"$2,159.10 ",13.06
"84,199",151-NG-T30,FPQ-9968,SO-42681,DN-2900,Nigeria,PMO - US,From RDC,N/A - From RDC,Air,5/23/2012,N/A - From RDC,06-Nov-12,06-Nov-12,06-Nov-12,ARV,Adult,SCMS from RDC,"Lamivudine/Zidovudine 150/300mg, tablets, 60 Tabs",Lamivudine/Zidovudine,Generic,150/300mg,Tablet - FDC,60,"88,403",682471.16,7.72,0.13,Hetero Unit III Hyderabad IN,TRUE,9421,"$15,459.10 ",956.82
"84,200",110-ZM-T30,FPQ-9552,SO-41832,DN-2918,Zambia,PMO - US,From RDC,N/A - From RDC,Truck,3/29/2012,N/A - From RDC,26-Nov-12,26-Nov-12,26-Nov-12,ARV,Adult,SCMS from RDC,"Lamivudine/Stavudine 150/30mg, tablets, 60 Tabs",Lamivudine/Stavudine,Generic,150/30mg,Tablet - FDC,60,"2,573",7590.35,2.95,0.05,Hetero Unit III Hyderabad IN,TRUE,207,"$1,900 ",10.64
"84,201",110-ZM-T30,FPQ-9773,SO-41990,DN-2919,Zambia,PMO - US,From RDC,N/A - From RDC,Truck,4/27/2012,N/A - From RDC,17-Dec-12,17-Dec-12,17-Dec-12,ARV,Adult,SCMS from RDC,"Nevirapine 200mg, tablets, 60 Tabs",Nevirapine,Generic,200mg,Tablet,60,"43,676",105695.92,2.42,0.04,"Aurobindo Unit III, India",TRUE,12561,"$25,636.20 ",148.19
"84,202",103-ZW-T30,FPQ-9907,SO-42190,DN-2920,Zimbabwe,PMO - US,From RDC,N/A - From RDC,Truck,5/15/2012,N/A - From RDC,14-Dec-12,13-Dec-12,13-Dec-12,ARV,Pediatric,SCMS from RDC,"Lamivudine/Stavudine 30/6mg, dispersible tablets, 60 Tabs",Lamivudine/Stavudine,Generic,30/6mg,Chewable/dispersible tablet - FDC,60,"19,425",36907.50,1.9,0.03,"Cipla, Goa, India",TRUE,1043,"$8,043.57 ",51.74
"82,472",114-UG-T30,FPQ-9321,SO-41510,DN-2643,Uganda,PMO - US,From RDC,N/A - From RDC,Truck,02-10-12,N/A - From RDC,03-Jul-12,18-May-12,18-May-12,ARV,Adult,SCMS from RDC,"Nevirapine 200mg, tablets, 60 Tabs",Nevirapine,Generic,200mg,Tablet,60,750,1830.00,2.44,0.04,"Strides, Bangalore, India.",FALSE,See DN-2643 (ID#:82471),null,2.57
"84,167",114-UG-T30,FPQ-9321,SO-41510,DN-2643,Uganda,PMO - US,From RDC,N/A - From RDC,Truck,02-10-12,N/A - From RDC,03-Jul-12,18-May-12,18-May-12,ARV,Adult,SCMS from RDC,"Lamivudine/Zidovudine 150/300mg, tablets, 60 Tabs",Lamivudine/Zidovudine,Generic,150/300mg,Tablet - FDC,60,"2,000",15560.00,7.78,0.13,Hetero Unit III Hyderabad IN,FALSE,See DN-2643 (ID#:82471),null,21.82
"84,205",111-MZ-T30,FPQ-10210,SO-43420,DN-2938,Mozambique,PMO - US,From RDC,N/A - From RDC,Truck,6/28/2012,N/A - From RDC,11-Jan-13,11-Jan-13,11-Jan-13,ARV,Adult,SCMS from RDC,"Lamivudine/Nevirapine/Zidovudine 150/200/300mg, tablets, 60 Tabs",Lamivudine/Nevirapine/Zidovudine,Generic,150/300/200mg,Tablet - FDC,60,"2,484",23896.08,9.62,0.16,Hetero Unit III Hyderabad IN,TRUE,249,"$4,754.19 ",33.5
"85,856",114-UG-T30,FPQ-9321,SO-41510,DN-2643,Uganda,PMO - US,From RDC,N/A - From RDC,Truck,02-10-12,N/A - From RDC,03-Jul-12,18-May-12,18-May-12,ARV,Adult,SCMS from RDC,"Lamivudine/Nevirapine/Zidovudine 150/200/300mg, tablets, 60 Tabs",Lamivudine/Nevirapine/Zidovudine,Generic,150/300/200mg,Tablet - FDC,60,"3,275",33699.75,10.29,0.17,"Strides, Bangalore, India.",FALSE,See DN-2643 (ID#:82471),null,47.25
"84,207",103-ZW-T30,FPQ-9907,SO-42180,DN-2941,Zimbabwe,PMO - US,From RDC,N/A - From RDC,Truck,5/15/2012,N/A - From RDC,20-Dec-12,11-Dec-12,11-Dec-12,ARV,Pediatric,SCMS from RDC,"Lamivudine/Nevirapine/Stavudine 30/50/6mg, dispersible tablets, 60 Tabs",Lamivudine/Nevirapine/Stavudine,Generic,30/50/6mg,Chewable/dispersible tablet - FDC,60,"33,978",78149.40,2.3,0.04,"Cipla, Goa, India",TRUE,2705,"$9,751.80 ",109.57
"12,080",104-CI-T01,Pre-PQ Process,SO-816,DN-265,Côte d'Ivoire,PMO - US,From RDC,N/A - From RDC,Air,Pre-PQ Process,N/A - From RDC,17-Aug-07,17-Aug-07,17-Aug-07,ARV,Pediatric,SCMS from RDC,"Lopinavir/Ritonavir 80/20mg/ml [Kaletra], oral solution, cool, Bottle 5 x 60 ml",Lopinavir/Ritonavir,Kaletra,80/20mg/ml,Oral solution,300,56,2301.60,41.1,0.14,ABBVIE (Abbott) Logis. UK,FALSE,See DN-265 (ID#:10580),null,3.68
"84,209",104-CI-T30,FPQ-10633,SO-43320,DN-2967,Côte d'Ivoire,PMO - US,From RDC,N/A - From RDC,Truck,09-11-12,N/A - From RDC,28-Feb-13,25-Jan-13,25-Jan-13,ARV,Adult,SCMS from RDC,"Lopinavir/Ritonavir 200/50mg [Aluvia], tablets, 120 Tabs",Lopinavir/Ritonavir,Aluvia,200/50mg,Tablet,120,"17,500",539350.00,30.82,0.26,ABBVIE Ludwigshafen Germany,TRUE,6649,"$27,350.20 ",756.17
"83,590",104-CI-T30,FPQ-8790,SO-41200,DN-2652,Côte d'Ivoire,PMO - US,From RDC,N/A - From RDC,Air,11-11-11,N/A - From RDC,30-May-12,30-May-12,30-May-12,ARV,Adult,SCMS from RDC,"Abacavir 300mg, tablets, 60 Tabs",Abacavir,Generic,300mg,Tablet,60,"9,995",131434.25,13.15,0.22,"Aurobindo Unit III, India",FALSE,See DN-2652 (ID#:82477),null,184.27
"85,262",104-CI-T30,FPQ-8790,SO-41200,DN-2652,Côte d'Ivoire,PMO - US,From RDC,N/A - From RDC,Air,11-11-11,N/A - From RDC,30-May-12,30-May-12,30-May-12,ARV,Adult,SCMS from RDC,"Abacavir/Lamivudine 600/300mg, scored tablets, 30 Tabs",Abacavir/Lamivudine,Generic,600/300mg,Tablet - FDC,30,"1,620",36450.00,22.5,0.75,Mylan (formerly Matrix) Nashik,FALSE,See DN-2652 (ID#:82477),null,51.1
"84,212",114-UG-T30,FPQ-10780,SO-43470,DN-2971,Uganda,PMO - US,From RDC,N/A - From RDC,Air,10-10-12,N/A - From RDC,31-Jan-13,01-Feb-13,01-Feb-13,ARV,Adult,SCMS from RDC,"Nevirapine 200mg, tablets, 60 Tabs",Nevirapine,Generic,200mg,Tablet,60,"4,535",10974.70,2.42,0.04,"Aurobindo Unit III, India",TRUE,491,"$4,002.01 ",15.39
"84,213",107-RW-T30,FPQ-9969,SO-42431,DN-2976,Rwanda,PMO - US,From RDC,N/A - From RDC,Air,5/25/2012,N/A - From RDC,07-Feb-13,07-Feb-13,07-Feb-13,ARV,Adult,SCMS from RDC,"Efavirenz/Lamivudine/Tenofovir Disoproxil Fumarate 600/300/300mg, tablets, 30 Tabs",Efavirenz/Lamivudine/Tenofovir Disoproxil Fumarate,Generic,600/300/300mg,Tablet - FDC,30,"112,007",1356404.77,12.11,0.4,Mylan (formerly Matrix) Nashik,TRUE,12757,"$20,994.85 ","1,901.68"
"84,214",114-UG-T30,FPQ-10328,SO-42810,DN-2977,Uganda,PMO - US,From RDC,N/A - From RDC,Truck,07-11-12,N/A - From RDC,05-Feb-13,05-Feb-13,05-Feb-13,ARV,Adult,SCMS from RDC,"Efavirenz/Lamivudine/Tenofovir Disoproxil Fumarate 600/300/300mg, tablets, 30 Tabs",Efavirenz/Lamivudine/Tenofovir Disoproxil Fumarate,Generic,600/300/300mg,Tablet - FDC,30,"112,873",1366892.03,12.11,0.4,Mylan (formerly Matrix) Nashik,TRUE,12838,"$111,318.14 ","1,916.38"
"86,475",104-CI-T30,FPQ-8790,SO-41200,DN-2652,Côte d'Ivoire,PMO - US,From RDC,N/A - From RDC,Air,11-11-11,N/A - From RDC,30-May-12,30-May-12,30-May-12,ARV,Adult,SCMS from RDC,"Abacavir 300mg, tablets, 60 Tabs",Abacavir,Generic,300mg,Tablet,60,620,8153.00,13.15,0.22,Mylan (formerly Matrix) Nashik,FALSE,See DN-2652 (ID#:82477),null,11.43
"84,216",113-ZW-T30,FPQ-10632,SO-43220,DN-2989,Zimbabwe,PMO - US,From RDC,N/A - From RDC,Truck,09-11-12,N/A - From RDC,11-Feb-13,11-Feb-13,11-Feb-13,ARV,Adult,SCMS from RDC,"Lamivudine/Tenofovir Disoproxil Fumarate 300/300mg, tablets, 30 Tabs",Lamivudine/Tenofovir Disoproxil Fumarate,Generic,300/300mg,Tablet - FDC,30,"221,799",1066853.19,4.81,0.16,Hetero Unit III Hyderabad IN,TRUE,58270,"$47,389.63 ","1,495.73"
"85,857",114-UG-T30,FPQ-9356,SO-41610,DN-2654,Uganda,PMO - US,From RDC,N/A - From RDC,Truck,2/20/2012,N/A - From RDC,29-Jun-12,22-May-12,22-May-12,ARV,Adult,SCMS from RDC,"Lopinavir/Ritonavir 200/50mg [Aluvia], tablets, 120 Tabs",Lopinavir/Ritonavir,Aluvia,200/50mg,Tablet,120,917,28261.94,30.82,0.26,ABBVIE Ludwigshafen Germany,FALSE,See DN-2654 (ID#:82473),null,39.62
"84,218",110-ZM-T30,FPQ-10728,SO-43451,DN-3003,Zambia,PMO - US,From RDC,N/A - From RDC,Truck,10-05-12,N/A - From RDC,15-Mar-13,19-Feb-13,19-Feb-13,ARV,Adult,SCMS from RDC,"Efavirenz/Emtricitabine/Tenofovir Disoproxil Fumarate 600/200/300mg, tablets, 30 Tabs",Efavirenz/Emtricitabine/Tenofovir Disoproxil Fumarate,Generic,600/200/300mg,Tablet - FDC,30,"30,114",412260.66,13.69,0.46,Mylan (formerly Matrix) Nashik,TRUE,1230,"$6,923.53 ",577.99
"83,031",113-ZW-T30,FPQ-8464,SO-40861,DN-2655,Zimbabwe,PMO - US,From RDC,N/A - From RDC,Truck,10-04-11,N/A - From RDC,31-May-12,25-May-12,25-May-12,ARV,Adult,SCMS from RDC,"Lamivudine/Tenofovir Disoproxil Fumarate 300/300mg, tablets, 30 Tabs",Lamivudine/Tenofovir Disoproxil Fumarate,Generic,300/300mg,Tablet - FDC,30,"78,082",432574.28,5.54,0.18,Mylan (formerly Matrix) Nashik,FALSE,See DN-2655 (ID#:82474),null,713.75
"85,261",113-ZW-T30,FPQ-8464,SO-40861,DN-2655,Zimbabwe,PMO - US,From RDC,N/A - From RDC,Truck,10-04-11,N/A - From RDC,31-May-12,25-May-12,25-May-12,ARV,Adult,SCMS from RDC,"Efavirenz 600mg, tablets, 30 Tabs",Efavirenz,Generic,600mg,Tablet,30,"17,422",71778.64,4.12,0.14,"Strides, Bangalore, India.",FALSE,See DN-2655 (ID#:82474),null,118.43
"83,033",113-ZW-T30,FPQ-8464,SO-40870,DN-2656,Zimbabwe,PMO - US,From RDC,N/A - From RDC,Truck,10-04-11,N/A - From RDC,12-Jun-12,25-May-12,25-May-12,ARV,Adult,SCMS from RDC,"Efavirenz 600mg, tablets, 30 Tabs",Efavirenz,Generic,600mg,Tablet,30,"17,422",68120.02,3.91,0.13,"Strides, Bangalore, India.",FALSE,See DN-2656 (ID#:83032),null,112.4
"83,034",113-ZW-T30,FPQ-8464,SO-40870,DN-2656,Zimbabwe,PMO - US,From RDC,N/A - From RDC,Truck,10-04-11,N/A - From RDC,12-Jun-12,25-May-12,25-May-12,ARV,Adult,SCMS from RDC,"Lamivudine/Stavudine 150/30mg, tablets, 60 Tabs",Lamivudine/Stavudine,Generic,150/30mg,Tablet - FDC,60,"7,150",21092.50,2.95,0.05,"Strides, Bangalore, India.",FALSE,See DN-2656 (ID#:83032),null,34.8
"84,169",113-ZW-T30,FPQ-8464,SO-40870,DN-2656,Zimbabwe,PMO - US,From RDC,N/A - From RDC,Truck,10-04-11,N/A - From RDC,12-Jun-12,25-May-12,25-May-12,ARV,Adult,SCMS from RDC,"Lamivudine/Zidovudine 150/300mg, tablets, 60 Tabs",Lamivudine/Zidovudine,Generic,150/300mg,Tablet - FDC,60,"3,345",26024.10,7.78,0.13,Mylan (formerly Matrix) Nashik,FALSE,See DN-2656 (ID#:83032),null,42.94
"84,227",104-CI-T30,FPQ-10633,SO-43321,DN-3019,Côte d'Ivoire,PMO - US,From RDC,N/A - From RDC,Truck,09-11-12,N/A - From RDC,28-Feb-13,28-Feb-13,28-Feb-13,ARV,Adult,SCMS from RDC,"Lamivudine/Nevirapine/Zidovudine 150/200/300mg, tablets, 60 Tabs",Lamivudine/Nevirapine/Zidovudine,Generic,150/300/200mg,Tablet - FDC,60,"36,240",310939.20,8.58,0.14,"Aurobindo Unit III, India",TRUE,13509,"$36,857.21 ",435.94
"86,472",113-ZW-T30,FPQ-8464,SO-40870,DN-2656,Zimbabwe,PMO - US,From RDC,N/A - From RDC,Truck,10-04-11,N/A - From RDC,12-Jun-12,25-May-12,25-May-12,ARV,Adult,SCMS from RDC,"Lamivudine/Nevirapine/Stavudine 150/200/30mg, tablets, 60 Tabs",Lamivudine/Nevirapine/Stavudine,Generic,150/200/30mg,Tablet - FDC,60,"71,030",333841.00,4.7,0.08,"Strides, Bangalore, India.",FALSE,See DN-2656 (ID#:83032),null,550.84
"86,473",113-ZW-T30,FPQ-8464,SO-40870,DN-2656,Zimbabwe,PMO - US,From RDC,N/A - From RDC,Truck,10-04-11,N/A - From RDC,12-Jun-12,25-May-12,25-May-12,ARV,Adult,SCMS from RDC,"Lamivudine/Nevirapine/Zidovudine 150/200/300mg, tablets, 60 Tabs",Lamivudine/Nevirapine/Zidovudine,Generic,150/300/200mg,Tablet - FDC,60,"11,574",119096.46,10.29,0.17,Mylan (formerly Matrix) Nashik,FALSE,See DN-2656 (ID#:83032),null,196.51
"84,273",113-ZW-T30,FPQ-10895,SO-43570,DN-3212,Zimbabwe,PMO - US,From RDC,N/A - From RDC,Truck,10/25/2012,N/A - From RDC,31-Jul-13,06-Aug-13,06-Aug-13,ARV,Adult,SCMS from RDC,"Efavirenz 600mg, tablets, 30 Tabs",Efavirenz,Generic,600mg,Tablet,30,"4,800",15984.00,3.33,0.11,"Hetero, Jadcherla, unit 5, IN",TRUE,396,"$11,133.66 ",19.77
"86,474",110-ZM-T30,FPQ-9472,SO-41710,DN-2661,Zambia,PMO - US,From RDC,N/A - From RDC,Truck,03-08-12,N/A - From RDC,26-Jul-12,18-Jun-12,18-Jun-12,ARV,Adult,SCMS from RDC,"Efavirenz 600mg, tablets, 30 Tabs",Efavirenz,Generic,600mg,Tablet,30,"28,452",111247.32,3.91,0.13,"Strides, Bangalore, India.",FALSE,See DN-2661 (ID#:83037),null,155.97
"83,591",111-MZ-T30,FPQ-9506,SO-41760,DN-2663,Mozambique,PMO - US,From RDC,N/A - From RDC,Truck,3/16/2012,N/A - From RDC,03-Jul-12,28-Jun-12,28-Jun-12,ARV,Adult,SCMS from RDC,"Lamivudine/Nevirapine/Zidovudine 150/200/300mg, tablets, 60 Tabs",Lamivudine/Nevirapine/Zidovudine,Generic,150/300/200mg,Tablet - FDC,60,"200,000",2058000.00,10.29,0.17,Mylan (formerly Matrix) Nashik,FALSE,See DN-2663 (ID#:82478),null,"2,885.32"
"84,232",114-UG-T30,FPQ-11143,SO-43950,DN-3040,Uganda,PMO - US,From RDC,N/A - From RDC,Truck,12/13/2012,N/A - From RDC,08-Mar-13,07-Mar-13,07-Mar-13,ARV,Adult,SCMS from RDC,"Lamivudine/Nevirapine/Zidovudine 150/200/300mg, tablets, 60 Tabs",Lamivudine/Nevirapine/Zidovudine,Generic,150/300/200mg,Tablet - FDC,60,"42,717",366511.86,8.58,0.14,"Cipla, Goa, India",TRUE,5732,"$25,118.88 ",453.38
"85,859",111-MZ-T30,FPQ-9506,SO-41760,DN-2663,Mozambique,PMO - US,From RDC,N/A - From RDC,Truck,3/16/2012,N/A - From RDC,03-Jul-12,28-Jun-12,28-Jun-12,ARV,Adult,SCMS from RDC,"Lamivudine/Zidovudine 150/300mg, tablets, 60 Tabs",Lamivudine/Zidovudine,Generic,150/300mg,Tablet - FDC,60,"33,156",257953.68,7.78,0.13,Mylan (formerly Matrix) Nashik,FALSE,See DN-2663 (ID#:82478),null,361.65
"84,727",114-UG-T30,FPQ-9875,SO-42050,DN-2675,Uganda,PMO - US,From RDC,N/A - From RDC,Air,05-09-12,N/A - From RDC,04-Jul-12,12-Jun-12,12-Jun-12,ARV,Adult,SCMS from RDC,"Nevirapine 200mg, tablets, 60 Tabs",Nevirapine,Generic,200mg,Tablet,60,"12,974",31656.56,2.44,0.04,Mylan (formerly Matrix) Nashik,FALSE,See DN-2675 (ID#:83038),null,44.38
"84,235",113-ZW-T30,FPQ-10632,SO-43212,DN-3048,Zimbabwe,PMO - US,From RDC,N/A - From RDC,Truck,09-11-12,N/A - From RDC,15-Apr-13,23-Mar-13,23-Mar-13,ARV,Adult,SCMS from RDC,"Lamivudine/Tenofovir Disoproxil Fumarate 300/300mg, tablets, 30 Tabs",Lamivudine/Tenofovir Disoproxil Fumarate,Generic,300/300mg,Tablet - FDC,30,"49,467",232494.90,4.7,0.16,Hetero Unit III Hyderabad IN,TRUE,8615,"$49,580.17 ",325.96
"84,236",110-ZM-T30,FPQ-11553,SO-44472,DN-3052,Zambia,PMO - US,From RDC,N/A - From RDC,Truck,1/28/2013,N/A - From RDC,25-Jun-13,15-Mar-13,15-Mar-13,ARV,Adult,SCMS from RDC,"Nevirapine 200mg, tablets, 60 Tabs",Nevirapine,Generic,200mg,Tablet,60,"25,991",58739.66,2.26,0.04,"Aurobindo Unit III, India",TRUE,2504,"$12,315.50 ",72.66
"86,478",114-UG-T30,FPQ-9875,SO-42080,DN-2677,Uganda,PMO - US,From RDC,N/A - From RDC,Truck,05-09-12,N/A - From RDC,17-Aug-12,08-Jun-12,08-Jun-12,ARV,Adult,SCMS from RDC,"Lamivudine/Zidovudine 150/300mg, tablets, 60 Tabs",Lamivudine/Zidovudine,Generic,150/300mg,Tablet - FDC,60,"18,518",144070.04,7.78,0.13,Mylan (formerly Matrix) Nashik,FALSE,See DN-2677 (ID#:83039),null,201.99
"84,238",113-ZW-T30,FPQ-11714,SO-44600,DN-3064,Zimbabwe,PMO - US,From RDC,N/A - From RDC,Air,2/20/2013,N/A - From RDC,13-Apr-13,13-Apr-13,13-Apr-13,ARV,Adult,SCMS from RDC,"Lopinavir/Ritonavir 200/50mg [Aluvia], tablets, 120 Tabs",Lopinavir/Ritonavir,Aluvia,200/50mg,Tablet,120,"2,390",56762.50,23.75,0.2,ABBVIE Ludwigshafen Germany,TRUE,533,"$5,623.52 ",70.22
"85,861",102-CD-T30,FPQ-9640,SO-41860,DN-2678,"Congo, DRC",PMO - US,From RDC,N/A - From RDC,Air,04-02-12,N/A - From RDC,03-Sep-12,03-Sep-12,03-Sep-12,ARV,Adult,SCMS from RDC,"Efavirenz 600mg, tablets, 30 Tabs",Efavirenz,Generic,600mg,Tablet,30,200,824.00,4.12,0.14,"Strides, Bangalore, India.",FALSE,See DN-2678 (ID#:83040),null,1.16
"84,242",110-ZM-T30,FPQ-10728,SO-43450,DN-3095,Zambia,PMO - US,From RDC,N/A - From RDC,Truck,10-05-12,N/A - From RDC,30-Apr-13,15-Apr-13,15-Apr-13,ARV,Adult,SCMS from RDC,"Efavirenz/Emtricitabine/Tenofovir Disoproxil Fumarate 600/200/300mg, tablets, 30 Tabs",Efavirenz/Emtricitabine/Tenofovir Disoproxil Fumarate,Generic,600/200/300mg,Tablet - FDC,30,"225,035",3080729.15,13.69,0.46,Mylan (formerly Matrix) Nashik,TRUE,25504,"$33,770.41 ","4,319.18"
"12,373",104-CI-T01,Pre-PQ Process,SO-524,DN-268,Côte d'Ivoire,PMO - US,From RDC,N/A - From RDC,,Pre-PQ Process,N/A - From RDC,14-Aug-07,14-Aug-07,14-Aug-07,ARV,Adult,SCMS from RDC,"Efavirenz 600mg, tablets, 30 Tabs",Efavirenz,Generic,600mg,Tablet,30,"5,344",86893.44,16.26,0.54,"Aurobindo Unit III, India",FALSE,See DN-268 (ID#:12074),null,139.03
"12,667",104-CI-T01,Pre-PQ Process,SO-524,DN-268,Côte d'Ivoire,PMO - US,From RDC,N/A - From RDC,,Pre-PQ Process,N/A - From RDC,14-Aug-07,14-Aug-07,14-Aug-07,ARV,Pediatric,SCMS from RDC,"Zidovudine 10mg/ml, oral solution, Bottle, 240 ml",Zidovudine,Generic,10mg/ml,Oral solution,240,"5,076",20050.20,3.95,0.02,"Aurobindo Unit III, India",FALSE,See DN-268 (ID#:12074),null,32.08
"84,245",111-MZ-T30,FPQ-11882,SO-44820,DN-3109,Mozambique,PMO - US,From RDC,N/A - From RDC,Air,3/19/2013,N/A - From RDC,04-Jul-13,04-Jul-13,04-Jul-13,ARV,Adult,SCMS from RDC,"Tenofovir Disoproxil Fumarate 300mg, tablets, 30 Tabs",Tenofovir Disoproxil Fumarate,Generic,300mg,Tablet,30,"1,800",7272.00,4.04,0.13,Mylan (formerly Matrix) Nashik,TRUE,108,$832.50 ,9
"85,862",151-NG-T30,FPQ-8952,SO-41255,DN-2684,Nigeria,PMO - US,From RDC,N/A - From RDC,Air Charter,12-08-11,N/A - From RDC,04-Jul-12,03-Jun-12,03-Jun-12,ARV,Adult,SCMS from RDC,"Lamivudine/Nevirapine/Zidovudine 150/200/300mg, tablets, 60 Tabs",Lamivudine/Nevirapine/Zidovudine,Generic,150/300/200mg,Tablet - FDC,60,"3,479",35798.91,10.29,0.17,Mylan (formerly Matrix) Nashik,FALSE,See DN-2684 (ID#:82479),null,50.19
"84,248",110-ZM-T30,FPQ-11969,SO-44910,DN-3116,Zambia,PMO - US,From RDC,N/A - From RDC,Air,3/26/2013,N/A - From RDC,28-Jun-13,13-May-13,13-May-13,ARV,Adult,SCMS from RDC,"Emtricitabine/Tenofovir Disoproxil Fumarate 200/300mg, tablets, 30 Tabs",Emtricitabine/Tenofovir Disoproxil Fumarate,Generic,200/300mg,Tablet - FDC,30,"69,811",423752.77,6.07,0.2,Mylan (formerly Matrix) Nashik,TRUE,7632,"$50,626.60 ",524.18
"84,249",900-SS-T30,FPQ-11272,SO-44100,DN-3126,South Sudan,PMO - US,From RDC,N/A - From RDC,Air,12/17/2012,N/A - From RDC,30-Apr-13,17-Apr-13,17-Apr-13,ARV,Adult,SCMS from RDC,"Zidovudine 300mg, tablets, 60 Tabs",Zidovudine,Generic,300mg,Tablet,60,"1,466",9910.16,6.76,0.11,"Aurobindo Unit III, India",TRUE,83,"$2,089 ",12.26
"84,173",151-NG-T30,FPQ-9432,SO-42332,DN-2687,Nigeria,PMO - US,From RDC,N/A - From RDC,Air Charter,03-01-12,N/A - From RDC,02-Aug-12,03-Jun-12,03-Jun-12,ARV,Adult,SCMS from RDC,"Efavirenz 600mg, tablets, 30 Tabs",Efavirenz,Generic,600mg,Tablet,30,"32,562",127317.42,3.91,0.13,"Strides, Bangalore, India.",FALSE,See DN-2687 (ID#:82480),null,178.5
"11,739",100-ZW-T01,Pre-PQ Process,SO-720,DN-269,Zimbabwe,PMO - US,From RDC,N/A - From RDC,Truck,Pre-PQ Process,N/A - From RDC,17-Aug-07,17-Aug-07,17-Aug-07,ARV,Adult,SCMS from RDC,"Lamivudine/Stavudine 150/30mg, tablets, 30 Tabs",Lamivudine/Stavudine,Generic,150/30mg,Tablet - FDC,30,"1,600",3200.00,2,0.07,"Cipla, Goa, India",FALSE,See DN-269 (ID#:11738),null,5.12
"84,252",151-NG-T30,FPQ-11022,SO-43843,DN-3130,Nigeria,PMO - US,From RDC,N/A - From RDC,Air Charter,11/15/2012,N/A - From RDC,21-May-13,03-May-13,03-May-13,ARV,Adult,SCMS from RDC,"Lopinavir/Ritonavir 200/50mg, tablets, 120 Tabs",Lopinavir/Ritonavir,Generic,200/50mg,Tablet,120,"7,677",167205.06,21.78,0.18,Mylan (formerly Matrix) Nashik,TRUE,16376,"$14,547.55 ",206.83
"84,174",151-NG-T30,FPQ-8952,SO-41256,DN-2690,Nigeria,PMO - US,From RDC,N/A - From RDC,Air Charter,12-08-11,N/A - From RDC,04-Jul-12,03-Jun-12,03-Jun-12,ARV,Adult,SCMS from RDC,"Nevirapine 200mg, tablets, 60 Tabs",Nevirapine,Generic,200mg,Tablet,60,"100,000",244000.00,2.44,0.04,"Strides, Bangalore, India.",FALSE,See DN-2690 (ID#:83041),null,342.09
"84,254",111-MZ-T30,FPQ-11033,SO-43820,DN-3133,Mozambique,PMO - US,From RDC,N/A - From RDC,Truck,11-12-12,N/A - From RDC,21-Jul-13,26-Jul-13,26-Jul-13,ARV,Adult,SCMS from RDC,"Efavirenz 600mg, tablets, 30 Tabs",Efavirenz,Generic,600mg,Tablet,30,"34,200",113886.00,3.33,0.11,"Hetero, Jadcherla, unit 5, IN",TRUE,7908,"$5,496.08 ",140.88
"84,255",111-MZ-T30,FPQ-11884,SO-44862,DN-3136,Mozambique,PMO - US,From RDC,N/A - From RDC,Truck,3/19/2013,N/A - From RDC,30-Sep-13,29-Aug-13,29-Aug-13,ARV,Adult,SCMS from RDC,"Lamivudine 150mg, tablets, 60 Tabs",Lamivudine,Generic,150mg,Tablet,60,"2,600",5174.00,1.99,0.03,Hetero Unit III Hyderabad IN,TRUE,149,"$1,815.67 ",6.4
"85,265",113-ZW-T30,FPQ-8464,SO-40883,DN-2693,Zimbabwe,PMO - US,From RDC,N/A - From RDC,Truck,10-04-11,N/A - From RDC,14-Aug-12,27-Jun-12,27-Jun-12,ARV,Adult,SCMS from RDC,"Lamivudine/Stavudine 150/30mg, tablets, 60 Tabs",Lamivudine/Stavudine,Generic,150/30mg,Tablet - FDC,60,"7,150",21092.50,2.95,0.05,"Strides, Bangalore, India.",FALSE,See DN-2693 (ID#:82481),null,34.8
"85,266",113-ZW-T30,FPQ-8464,SO-40883,DN-2693,Zimbabwe,PMO - US,From RDC,N/A - From RDC,Truck,10-04-11,N/A - From RDC,14-Aug-12,27-Jun-12,27-Jun-12,ARV,Adult,SCMS from RDC,"Lamivudine/Nevirapine/Zidovudine 150/200/300mg, tablets, 60 Tabs",Lamivudine/Nevirapine/Zidovudine,Generic,150/300/200mg,Tablet - FDC,60,"11,574",119096.46,10.29,0.17,Mylan (formerly Matrix) Nashik,FALSE,See DN-2693 (ID#:82481),null,196.51
"84,258",113-ZW-T30,FPQ-11002,SO-43721,DN-3145,Zimbabwe,PMO - US,From RDC,N/A - From RDC,Truck,11/16/2012,N/A - From RDC,30-May-13,29-Apr-13,29-Apr-13,ARV,Adult,SCMS from RDC,"Lamivudine/Tenofovir Disoproxil Fumarate 300/300mg, tablets, 30 Tabs",Lamivudine/Tenofovir Disoproxil Fumarate,Generic,300/300mg,Tablet - FDC,30,"40,534",190509.80,4.7,0.16,"Aurobindo Unit VII, IN",TRUE,3749,"$9,708.48 ",235.66
"86,482",113-ZW-T30,FPQ-8464,SO-40883,DN-2693,Zimbabwe,PMO - US,From RDC,N/A - From RDC,Truck,10-04-11,N/A - From RDC,14-Aug-12,27-Jun-12,27-Jun-12,ARV,Adult,SCMS from RDC,"Nevirapine 200mg, tablets, 60 Tabs",Nevirapine,Generic,200mg,Tablet,60,"20,000",48800.00,2.44,0.04,"Aurobindo Unit III, India",FALSE,See DN-2693 (ID#:82481),null,80.52
"84,260",109-TZ-T30,FPQ-12015,SO-44981,DN-3155,Tanzania,PMO - US,From RDC,N/A - From RDC,Truck,04-02-13,N/A - From RDC,23-Aug-13,14-May-13,14-May-13,ARV,Pediatric,SCMS from RDC,"Lamivudine/Nevirapine/Stavudine 30/50/6mg, dispersible tablets, 60 Tabs",Lamivudine/Nevirapine/Stavudine,Generic,30/50/6mg,Chewable/dispersible tablet - FDC,60,"12,917",29709.10,2.3,0.04,"Cipla, Goa, India",TRUE,2461,"$3,592.80 ",36.75
"86,483",113-ZW-T30,FPQ-8464,SO-40883,DN-2693,Zimbabwe,PMO - US,From RDC,N/A - From RDC,Truck,10-04-11,N/A - From RDC,14-Aug-12,27-Jun-12,27-Jun-12,ARV,Adult,SCMS from RDC,"Nevirapine 200mg, tablets, 60 Tabs",Nevirapine,Generic,200mg,Tablet,60,"49,037",119650.28,2.44,0.04,Hetero Unit III Hyderabad IN,FALSE,See DN-2693 (ID#:82481),null,197.42
"84,263",151-NG-T30,FPQ-11771,SO-44752,DN-3174,Nigeria,PMO - US,From RDC,N/A - From RDC,Air Charter,2/28/2013,N/A - From RDC,21-Aug-13,10-May-13,10-May-13,ARV,Pediatric,SCMS from RDC,"Abacavir/Lamivudine 60/30mg, tablets, 60 Tabs",Abacavir/Lamivudine,Generic,60/30mg,Tablet - FDC,60,763,3509.80,4.6,0.08,"Aurobindo Unit III, India",TRUE,56,"$20,666.07 ",4.34
"84,264",111-MZ-T30,FPQ-10211,SO-42861,DN-3180,Mozambique,PMO - US,From RDC,N/A - From RDC,Truck,6/28/2012,N/A - From RDC,28-Jun-13,10-Jul-13,10-Jul-13,ARV,Adult,SCMS from RDC,"Efavirenz/Lamivudine/Tenofovir Disoproxil Fumarate 600/300/300mg, tablets, 30 Tabs",Efavirenz/Lamivudine/Tenofovir Disoproxil Fumarate,Generic,600/300/300mg,Tablet - FDC,30,"66,956",704377.12,10.52,0.35,Mylan (formerly Matrix) Nashik,TRUE,5810,"$13,649.60 ",987.54
"84,731",113-ZW-T30,FPQ-8464,SO-40891,DN-2694,Zimbabwe,PMO - US,From RDC,N/A - From RDC,Truck,10-04-11,N/A - From RDC,16-Oct-12,27-Jun-12,27-Jun-12,ARV,Adult,SCMS from RDC,"Lamivudine/Nevirapine/Zidovudine 150/200/300mg, tablets, 60 Tabs",Lamivudine/Nevirapine/Zidovudine,Generic,150/300/200mg,Tablet - FDC,60,"11,574",119096.46,10.29,0.17,Mylan (formerly Matrix) Nashik,FALSE,See DN-2694 (ID#:82483),null,196.51
"84,267",151-NG-T30,FPQ-11022,SO-45202,DN-3189,Nigeria,PMO - US,From RDC,N/A - From RDC,Air Charter,11/15/2012,N/A - From RDC,21-May-13,29-May-13,29-May-13,ARV,Adult,SCMS from RDC,"Nevirapine 200mg, tablets, 60 Tabs",Nevirapine,Generic,200mg,Tablet,60,"109,238",246877.88,2.26,0.04,"Aurobindo Unit III, India",TRUE,11763,"$20,761 ",305.39
"84,270",151-NG-T30,FPQ-11022,SO-43850,DN-3199,Nigeria,PMO - US,From RDC,N/A - From RDC,Air Charter,11/15/2012,N/A - From RDC,04-Jun-13,29-May-13,29-May-13,ARV,Adult,SCMS from RDC,"Efavirenz 600mg, tablets, 30 Tabs",Efavirenz,Generic,600mg,Tablet,30,"45,000",149850.00,3.33,0.11,"Cipla, Goa, India",TRUE,16966,"$20,761 ",185.36
"84,271",151-NG-T30,FPQ-11022,SO-43840,DN-3197,Nigeria,PMO - US,From RDC,N/A - From RDC,Air Charter,11/15/2012,N/A - From RDC,31-May-13,28-May-13,28-May-13,ARV,Adult,SCMS from RDC,"Lopinavir/Ritonavir 200/50mg, tablets, 120 Tabs",Lopinavir/Ritonavir,Generic,200/50mg,Tablet,120,"7,014",152764.92,21.78,0.18,"Aurobindo Unit III, India",TRUE,7733,"$20,761 ",188.97
"84,272",110-ZM-T30,FPQ-11032,SO-43830,DN-3203,Zambia,PMO - US,From RDC,N/A - From RDC,Truck,11/28/2012,N/A - From RDC,18-Jul-13,23-Jul-13,23-Jul-13,ARV,Adult,SCMS from RDC,"Efavirenz/Emtricitabine/Tenofovir Disoproxil Fumarate 600/200/300mg, tablets, 30 Tabs",Efavirenz/Emtricitabine/Tenofovir Disoproxil Fumarate,Generic,600/200/300mg,Tablet - FDC,30,"176,213",2283720.48,12.96,0.43,Mylan (formerly Matrix) Nashik,TRUE,19962,"$31,401.08 ","2,824.96"
"84,274",114-UG-T30,FPQ-10945,SO-43631,DN-3218,Uganda,PMO - US,From RDC,N/A - From RDC,Air,11-06-12,N/A - From RDC,31-Jul-13,23-Jul-13,23-Jul-13,ARV,Adult,SCMS from RDC,"Efavirenz/Lamivudine/Tenofovir Disoproxil Fumarate 600/300/300mg, tablets, 30 Tabs",Efavirenz/Lamivudine/Tenofovir Disoproxil Fumarate,Generic,600/300/300mg,Tablet - FDC,30,"35,930",377983.60,10.52,0.35,Hetero Unit III Hyderabad IN,TRUE,4811,"$2,486.50 ",467.57
"85,869",113-ZW-T30,FPQ-8464,SO-40891,DN-2694,Zimbabwe,PMO - US,From RDC,N/A - From RDC,Truck,10-04-11,N/A - From RDC,16-Oct-12,27-Jun-12,27-Jun-12,ARV,Adult,SCMS from RDC,"Lamivudine/Stavudine 150/30mg, tablets, 60 Tabs",Lamivudine/Stavudine,Generic,150/30mg,Tablet - FDC,60,"2,699",7962.05,2.95,0.05,"Strides, Bangalore, India.",FALSE,See DN-2694 (ID#:82483),null,13.14
"86,485",113-ZW-T30,FPQ-8464,SO-40891,DN-2694,Zimbabwe,PMO - US,From RDC,N/A - From RDC,Truck,10-04-11,N/A - From RDC,16-Oct-12,27-Jun-12,27-Jun-12,ARV,Adult,SCMS from RDC,"Lamivudine/Nevirapine/Stavudine 150/200/30mg, tablets, 60 Tabs",Lamivudine/Nevirapine/Stavudine,Generic,150/200/30mg,Tablet - FDC,60,"71,030",333841.00,4.7,0.08,"Strides, Bangalore, India.",FALSE,See DN-2694 (ID#:82483),null,550.84
"84,277",104-CI-T30,FPQ-11254,SO-44151,DN-3247,Côte d'Ivoire,PMO - US,From RDC,N/A - From RDC,Truck,12/14/2012,N/A - From RDC,31-Oct-13,23-Jul-13,23-Jul-13,ARV,Adult,SCMS from RDC,"Tenofovir Disoproxil Fumarate 300mg, tablets, 30 Tabs",Tenofovir Disoproxil Fumarate,Generic,300mg,Tablet,30,"2,656",10730.24,4.04,0.13,Mylan (formerly Matrix) Nashik,TRUE,167,"$1,478.35 ",13.27
"83,044",113-ZW-T30,FPQ-8464,SO-40901,DN-2695,Zimbabwe,PMO - US,From RDC,N/A - From RDC,Truck,10-04-11,N/A - From RDC,11-Dec-12,27-Jun-12,27-Jun-12,ARV,Adult,SCMS from RDC,"Lamivudine/Zidovudine 150/300mg, tablets, 60 Tabs",Lamivudine/Zidovudine,Generic,150/300mg,Tablet - FDC,60,"3,345",26024.10,7.78,0.13,Mylan (formerly Matrix) Nashik,FALSE,See DN-2695 (ID#:83043),null,42.94
"84,280",114-UG-T30,FPQ-12253,SO-45540,DN-3273,Uganda,PMO - US,From RDC,N/A - From RDC,Truck,05-08-13,N/A - From RDC,06-Aug-13,22-Aug-13,22-Aug-13,ARV,Adult,SCMS from RDC,"Lamivudine/Zidovudine 150/300mg, tablets, 60 Tabs",Lamivudine/Zidovudine,Generic,150/300mg,Tablet - FDC,60,"45,233",316631.00,7,0.12,Hetero Unit III Hyderabad IN,TRUE,3984,"$20,074.74 ",391.67
"84,281",102-ZW-T30,FPQ-11477,SO-44270,DN-3287,Zimbabwe,PMO - US,From RDC,N/A - From RDC,Truck,1/16/2013,N/A - From RDC,20-Sep-13,20-Sep-13,20-Sep-13,ARV,Adult,SCMS from RDC,"Efavirenz/Lamivudine/Tenofovir Disoproxil Fumarate 600/300/300mg, tablets, 30 Tabs",Efavirenz/Lamivudine/Tenofovir Disoproxil Fumarate,Generic,600/300/300mg,Tablet - FDC,30,"59,680",627833.60,10.52,0.35,Hetero Unit III Hyderabad IN,TRUE,7831,"$4,529.65 ",776.63
"84,282",104-CI-T30,FPQ-10633,SO-43371,DN-3294,Côte d'Ivoire,PMO - US,From RDC,N/A - From RDC,Truck,09-11-12,N/A - From RDC,30-Sep-13,28-Aug-13,28-Aug-13,ARV,Pediatric,SCMS from RDC,"Lamivudine/Nevirapine/Zidovudine 30/50/60mg, dispersible tablets, 60 Tabs",Lamivudine/Nevirapine/Zidovudine,Generic,30/50/60mg,Chewable/dispersible tablet - FDC,60,"7,600",29564.00,3.89,0.06,Mylan (formerly Matrix) Nashik,TRUE,415,"$2,751.09 ",41.45
"84,283",110-ZM-T30,FPQ-11553,SO-44470,DN-3298,Zambia,PMO - US,From RDC,N/A - From RDC,Truck,1/28/2013,N/A - From RDC,22-Oct-13,22-Oct-13,11-Nov-13,ARV,Adult,SCMS from RDC,"Nevirapine 200mg, tablets, 60 Tabs",Nevirapine,Generic,200mg,Tablet,60,"2,997",6773.22,2.26,0.04,"Cipla, Goa, India",TRUE,2764,"$4,356.75 ",8.38
"84,284",110-ZM-T30,FPQ-10728,SO-44772,DN-3297,Zambia,PMO - US,From RDC,N/A - From RDC,Truck,10-05-12,N/A - From RDC,22-Oct-13,22-Oct-13,11-Nov-13,ARV,Adult,SCMS from RDC,"Efavirenz/Emtricitabine/Tenofovir Disoproxil Fumarate 600/200/300mg, tablets, 30 Tabs",Efavirenz/Emtricitabine/Tenofovir Disoproxil Fumarate,Generic,600/200/300mg,Tablet - FDC,30,"16,099",198017.70,12.3,0.41,Mylan (formerly Matrix) Nashik,TRUE,2004,"$4,356.75 ",277.62
"84,285",110-ZM-T30,FPQ-11553,SO-44460,DN-3299,Zambia,PMO - US,From RDC,N/A - From RDC,Truck,1/28/2013,N/A - From RDC,16-Sep-13,23-Sep-13,23-Sep-13,ARV,Pediatric,SCMS from RDC,"Efavirenz 200mg, scored tablets, 90 Tabs",Efavirenz,Generic,200mg,Tablet,90,"10,000",73000.00,7.3,0.08,"Strides, Bangalore, India.",TRUE,684,"$1,026.49 ",90.3
"84,286",101-CD-T30,FPQ-12088,SO-45031,DN-3311,"Congo, DRC",PMO - US,From RDC,N/A - From RDC,Air,04-12-13,N/A - From RDC,21-Jan-14,21-Jan-14,29-Jan-14,ARV,Pediatric,SCMS from RDC,"Nevirapine 10mg/ml, oral suspension w/syringe, Bottle, 240 ml",Nevirapine,Generic,10mg/ml,Oral suspension,240,"6,339",12361.05,1.95,0.01,"Aurobindo Unit III, India",TRUE,2357,"$24,505 ",15.29
"83,593",113-ZW-T30,FPQ-8464,SO-40901,DN-2695,Zimbabwe,PMO - US,From RDC,N/A - From RDC,Truck,10-04-11,N/A - From RDC,11-Dec-12,27-Jun-12,27-Jun-12,ARV,Adult,SCMS from RDC,"Lamivudine/Nevirapine/Zidovudine 150/200/300mg, tablets, 60 Tabs",Lamivudine/Nevirapine/Zidovudine,Generic,150/300/200mg,Tablet - FDC,60,"11,574",119096.46,10.29,0.17,Mylan (formerly Matrix) Nashik,FALSE,See DN-2695 (ID#:83043),null,196.51
"84,288",109-TZ-T30,FPQ-12587,SO-45992,DN-3326,Tanzania,PMO - US,From RDC,N/A - From RDC,Truck,07-04-13,N/A - From RDC,20-Nov-13,10-Sep-13,10-Sep-13,ARV,Adult,SCMS from RDC,"Abacavir 300mg, tablets, 60 Tabs",Abacavir,Generic,300mg,Tablet,60,"13,370",153220.20,11.46,0.19,"Aurobindo Unit III, India",TRUE,1337,"$10,540.22 ",189.53
"84,289",114-UG-T30,FPQ-12255,SO-45580,DN-3333,Uganda,PMO - US,From RDC,N/A - From RDC,Air,05-08-13,N/A - From RDC,30-Sep-13,29-Oct-13,19-Nov-13,ARV,Adult,SCMS from RDC,"Lopinavir/Ritonavir 200/50mg [Aluvia], tablets, 120 Tabs",Lopinavir/Ritonavir,Aluvia,200/50mg,Tablet,120,"13,040",263668.80,20.22,0.17,ABBVIE Ludwigshafen Germany,TRUE,2638,"$13,508.98 ",326.16
"84,290",113-ZW-T30,FPQ-11545,SO-44350,DN-3337,Zimbabwe,PMO - US,From RDC,N/A - From RDC,Truck,1/24/2013,N/A - From RDC,30-Sep-13,09-Oct-13,01-Nov-13,ARV,Adult,SCMS from RDC,"Lamivudine/Tenofovir Disoproxil Fumarate 300/300mg, tablets, 30 Tabs",Lamivudine/Tenofovir Disoproxil Fumarate,Generic,300/300mg,Tablet - FDC,30,"131,520",632611.20,4.81,0.16,Hetero Unit III Hyderabad IN,TRUE,2277,"$12,000 ",782.54
"84,291",107-RW-T30,FPQ-12190,SO-45360,DN-3345,Rwanda,PMO - US,From RDC,N/A - From RDC,Truck,05-06-13,N/A - From RDC,15-Oct-13,15-Oct-13,29-Oct-13,ARV,Pediatric,SCMS from RDC,"Lamivudine 10mg/ml, oral solution w/syringe, Bottle, 240 ml",Lamivudine,Generic,10mg/ml,Oral solution,240,"5,495",7967.75,1.45,0.01,"Aurobindo Unit III, India",TRUE,1960,"$4,390.98 ",9.86
"84,292",114-UG-T30,FPQ-12838,SO-46190,DN-3348,Uganda,PMO - US,From RDC,N/A - From RDC,Air,8/19/2013,N/A - From RDC,15-Oct-13,08-Nov-13,27-Nov-13,ARV,Adult,SCMS from RDC,"Lopinavir/Ritonavir 200/50mg [Aluvia], tablets, 120 Tabs",Lopinavir/Ritonavir,Aluvia,200/50mg,Tablet,120,"13,164",266176.08,20.22,0.17,ABBVIE Ludwigshafen Germany,TRUE,2722,"$8,604.70 ",329.26
"83,046",102-CD-T30,FPQ-9640,SO-41850,DN-2697,"Congo, DRC",PMO - US,From RDC,N/A - From RDC,Air,04-02-12,N/A - From RDC,11-Sep-12,11-Sep-12,11-Sep-12,ARV,Pediatric,SCMS from RDC,"Nevirapine 10mg/ml, oral suspension w/syringe, Bottle, 240 ml",Nevirapine,Generic,10mg/ml,Oral suspension,240,"1,500",2925.00,1.95,0.01,"Aurobindo Unit III, India",FALSE,See DN-2697 (ID#:83045),null,4.1
"85,267",102-CD-T30,FPQ-9640,SO-41850,DN-2697,"Congo, DRC",PMO - US,From RDC,N/A - From RDC,Air,04-02-12,N/A - From RDC,11-Sep-12,11-Sep-12,11-Sep-12,ARV,Adult,SCMS from RDC,"Nevirapine 200mg, tablets, 60 Tabs",Nevirapine,Generic,200mg,Tablet,60,"1,200",2928.00,2.44,0.04,"Strides, Bangalore, India.",FALSE,See DN-2697 (ID#:83045),null,4.11
"84,295",103-DO-T30,FPQ-11920,SO-46140,DN-3356,Dominican Republic,PMO - US,From RDC,N/A - From RDC,Air,3/18/2013,N/A - From RDC,26-Nov-13,10-Oct-13,29-Oct-13,ARV,Adult,SCMS from RDC,"Lamivudine/Zidovudine 150/300mg, tablets, 60 Tabs",Lamivudine/Zidovudine,Generic,150/300mg,Tablet - FDC,60,"15,080",105560.00,7,0.12,"Cipla, Goa, India",TRUE,1212,"$15,181 ",130.58
"85,268",102-CD-T30,FPQ-9640,SO-41850,DN-2697,"Congo, DRC",PMO - US,From RDC,N/A - From RDC,Air,04-02-12,N/A - From RDC,11-Sep-12,11-Sep-12,11-Sep-12,ARV,Adult,SCMS from RDC,"Lamivudine/Zidovudine 150/300mg, tablets, 60 Tabs",Lamivudine/Zidovudine,Generic,150/300mg,Tablet - FDC,60,"1,440",11203.20,7.78,0.13,Hetero Unit III Hyderabad IN,FALSE,See DN-2697 (ID#:83045),null,15.71
"85,866",102-CD-T30,FPQ-9640,SO-41850,DN-2697,"Congo, DRC",PMO - US,From RDC,N/A - From RDC,Air,04-02-12,N/A - From RDC,11-Sep-12,11-Sep-12,11-Sep-12,ARV,Adult,SCMS from RDC,"Lamivudine 150mg, tablets, 60 Tabs",Lamivudine,Generic,150mg,Tablet,60,900,2097.00,2.33,0.04,Macleods Daman Plant INDIA,FALSE,See DN-2697 (ID#:83045),null,2.94
"85,867",102-CD-T30,FPQ-9640,SO-41850,DN-2697,"Congo, DRC",PMO - US,From RDC,N/A - From RDC,Air,04-02-12,N/A - From RDC,11-Sep-12,11-Sep-12,11-Sep-12,ARV,Adult,SCMS from RDC,"Tenofovir Disoproxil Fumarate 300mg, tablets, 30 Tabs",Tenofovir Disoproxil Fumarate,Generic,300mg,Tablet,30,120,660.00,5.5,0.18,Mylan (formerly Matrix) Nashik,FALSE,See DN-2697 (ID#:83045),null,0.93
"85,868",102-CD-T30,FPQ-9640,SO-41850,DN-2697,"Congo, DRC",PMO - US,From RDC,N/A - From RDC,Air,04-02-12,N/A - From RDC,11-Sep-12,11-Sep-12,11-Sep-12,ARV,Adult,SCMS from RDC,"Zidovudine 300mg, tablets, 60 Tabs",Zidovudine,Generic,300mg,Tablet,60,"1,300",8853.00,6.81,0.11,Hetero Unit III Hyderabad IN,FALSE,See DN-2697 (ID#:83045),null,12.41
"84,302",110-ZM-T30,FPQ-12087,SO-45100,DN-3396,Zambia,PMO - US,From RDC,N/A - From RDC,Truck,4/19/2013,N/A - From RDC,24-Jan-14,24-Jan-14,17-Mar-14,ARV,Adult,SCMS from RDC,"Lopinavir/Ritonavir 200/50mg, tablets, 120 Tabs",Lopinavir/Ritonavir,Generic,200/50mg,Tablet,120,"46,009",942264.32,20.48,0.17,Mylan (formerly Matrix) Nashik,TRUE,22534,"$30,981.39 ","1,165.58"
"84,303",107-RW-T30,FPQ-12190,SO-45400,DN-3399,Rwanda,PMO - US,From RDC,N/A - From RDC,Truck,05-06-13,N/A - From RDC,29-Nov-13,29-Nov-13,23-Dec-13,ARV,Adult,SCMS from RDC,"Lamivudine/Nevirapine/Zidovudine 150/200/300mg, tablets, 60 Tabs",Lamivudine/Nevirapine/Zidovudine,Generic,150/300/200mg,Tablet - FDC,60,"89,520",768081.60,8.58,0.14,"Aurobindo Unit III, India",TRUE,10238,"$13,380.52 ",950.12
"84,329",114-UG-T30,FPQ-12253,SO-45520,DN-3516,Uganda,PMO - US,From RDC,N/A - From RDC,Air,05-08-13,N/A - From RDC,31-Jan-14,17-Feb-14,04-Mar-14,ARV,Pediatric,SCMS from RDC,"Abacavir/Lamivudine 60/30mg, tablets, 60 Tabs",Abacavir/Lamivudine,Generic,60/30mg,Tablet - FDC,60,"1,864",7456.00,4,0.07,"Aurobindo Unit III, India",TRUE,89,$790.29 ,9.22
"10,545",112-NG-T01,Pre-PQ Process,SO-339,DN-27,Nigeria,PMO - US,From RDC,N/A - From RDC,,Pre-PQ Process,N/A - From RDC,22-Feb-07,22-Feb-07,22-Feb-07,ARV,Adult,SCMS from RDC,"Lamivudine 150mg, tablets, 60 Tabs",Lamivudine,Generic,150mg,Tablet,60,"2,170",6727.00,3.1,0.05,"Aurobindo Unit III, India",FALSE,See DN-27 (ID#:10544),null,
"12,335",112-NG-T01,Pre-PQ Process,SO-339,DN-27,Nigeria,PMO - US,From RDC,N/A - From RDC,,Pre-PQ Process,N/A - From RDC,22-Feb-07,22-Feb-07,22-Feb-07,ARV,Pediatric,SCMS from RDC,"Zidovudine 10mg/ml, oral solution, Bottle, 240 ml",Zidovudine,Generic,10mg/ml,Oral solution,240,"1,200",2580.00,2.15,0.01,"Aurobindo Unit III, India",FALSE,See DN-27 (ID#:10544),null,
"84,306",105-GY-T30,FPQ-12619,SO-46100,DN-3409,Guyana,PMO - US,From RDC,N/A - From RDC,Air,7/16/2013,N/A - From RDC,31-Dec-13,30-Nov-13,23-Dec-13,ARV,Adult,SCMS from RDC,"Emtricitabine/Tenofovir Disoproxil Fumarate 200/300mg, tablets, 30 Tabs",Emtricitabine/Tenofovir Disoproxil Fumarate,Generic,200/300mg,Tablet - FDC,30,"3,402",19969.74,5.87,0.2,"Aurobindo Unit III, India",TRUE,392,"$4,523 ",24.7
"84,307",107-RW-T30,FPQ-12190,SO-45401,DN-3424,Rwanda,PMO - US,From RDC,N/A - From RDC,Truck,05-06-13,N/A - From RDC,29-Nov-13,05-Feb-14,24-Feb-14,ARV,Pediatric,SCMS from RDC,"Lamivudine 10mg/ml, oral solution w/syringe, Bottle, 240 ml",Lamivudine,Generic,10mg/ml,Oral solution,240,"5,233",7587.85,1.45,0.01,"Aurobindo Unit III, India",TRUE,1855,"$6,638.30 ",9.39
"12,378",110-ZM-T01,Pre-PQ Process,SO-314,DN-270,Zambia,PMO - US,From RDC,N/A - From RDC,,Pre-PQ Process,N/A - From RDC,07-Aug-07,07-Aug-07,07-Aug-07,ARV,Adult,SCMS from RDC,"Efavirenz 600mg, tablets, 30 Tabs",Efavirenz,Generic,600mg,Tablet,30,"48,348",786138.48,16.26,0.54,"Aurobindo Unit III, India",FALSE,See DN-270 (ID#:10843),null,"1,257.82"
"84,309",151-NG-T30,FPQ-11864,SO-44930,DN-3434,Nigeria,PMO - US,From RDC,N/A - From RDC,Air Charter,3/14/2013,N/A - From RDC,31-Dec-13,26-Nov-13,05-Dec-13,ARV,Adult,SCMS from RDC,"Lamivudine/Nevirapine/Zidovudine 150/200/300mg, tablets, 60 Tabs",Lamivudine/Nevirapine/Zidovudine,Generic,150/300/200mg,Tablet - FDC,60,"67,334",577725.72,8.58,0.14,"Aurobindo Unit III, India",TRUE,8716,"$26,340 ",714.65
"84,311",113-ZW-T30,FPQ-11545,SO-44361,DN-3460,Zimbabwe,PMO - US,From RDC,N/A - From RDC,Truck,1/24/2013,N/A - From RDC,31-Dec-13,13-Jan-14,29-Jan-14,ARV,Adult,SCMS from RDC,"Lamivudine/Tenofovir Disoproxil Fumarate 300/300mg, tablets, 30 Tabs",Lamivudine/Tenofovir Disoproxil Fumarate,Generic,300/300mg,Tablet - FDC,30,"39,360",189321.60,4.81,0.16,Hetero Unit III Hyderabad IN,TRUE,4174,"$10,900 ",234.19
"84,312",104-CI-T30,FPQ-12800,SO-46370,DN-3470,Côte d'Ivoire,PMO - US,From RDC,N/A - From RDC,Air,08-09-13,N/A - From RDC,16-Dec-13,16-Dec-13,20-Jan-14,ARV,Pediatric,SCMS from RDC,"Lamivudine/Nevirapine/Zidovudine 30/50/60mg, dispersible tablets, 60 Tabs",Lamivudine/Nevirapine/Zidovudine,Generic,30/50/60mg,Chewable/dispersible tablet - FDC,60,"5,800",22562.00,3.89,0.06,"Strides, Bangalore, India.",TRUE,248,"$2,431.36 ",27.91
"84,313",106-HT-T30,FPQ-13296,SO-47260,DN-3462,Haiti,PMO - US,From RDC,N/A - From RDC,Air,11/22/2013,N/A - From RDC,24-Dec-13,27-Dec-13,17-Jan-14,ARV,Adult,SCMS from RDC,"Lopinavir/Ritonavir 200/50mg, tablets, 120 Tabs",Lopinavir/Ritonavir,Generic,200/50mg,Tablet,120,"1,865",38195.20,20.48,0.17,Mylan (formerly Matrix) Nashik,TRUE,497,"$5,819.70 ",39.26
"84,314",104-CI-T30,FPQ-12800,SO-46340,DN-3469,Côte d'Ivoire,PMO - US,From RDC,N/A - From RDC,Air,08-09-13,N/A - From RDC,22-Jan-14,16-Dec-13,20-Jan-14,ARV,Adult,SCMS from RDC,"Lamivudine/Tenofovir Disoproxil Fumarate 300/300mg, tablets, 30 Tabs",Lamivudine/Tenofovir Disoproxil Fumarate,Generic,300/300mg,Tablet - FDC,30,"7,130",33511.00,4.7,0.16,"Aurobindo Unit VII, IN",TRUE,669,"$2,431.39 ",41.45
"84,319",102-BI-T30,FPQ-12602,SO-46020,DN-3381,Burundi,PMO - US,From RDC,N/A - From RDC,Air,07-09-13,N/A - From RDC,15-Nov-13,22-Nov-13,21-Jan-14,ARV,Adult,SCMS from RDC,"Lopinavir/Ritonavir 200/50mg, tablets, 120 Tabs",Lopinavir/Ritonavir,Generic,200/50mg,Tablet,120,88,1848.00,21,0.18,Mylan (formerly Matrix) Nashik,TRUE,95,$771.90 ,2.29
"84,320",151-NG-T30,FPQ-12801,SO-46530,DN-3489,Nigeria,PMO - US,From RDC,N/A - From RDC,Air Charter,08-06-13,N/A - From RDC,31-Jan-14,10-Jan-14,15-Jan-14,ARV,Pediatric,SCMS from RDC,"Lamivudine/Zidovudine 30/60mg, tablets, 60 Tabs",Lamivudine/Zidovudine,Generic,30/60mg,Tablet - FDC,60,"11,605",24950.75,2.15,0.04,Mylan (formerly Matrix) Nashik,TRUE,935,"$49,199.75 ",30.86
"84,321",107-RW-T30,FPQ-13457,SO-47480,DN-3492,Rwanda,PMO - US,From RDC,N/A - From RDC,Truck,12/18/2013,N/A - From RDC,28-Feb-14,25-Feb-14,07-Mar-14,ARV,Pediatric,SCMS from RDC,"Efavirenz 200mg, scored tablets, 90 Tabs",Efavirenz,Generic,200mg,Tablet,90,"2,586",24049.80,9.3,0.1,"Strides, Bangalore, India.",TRUE,164,"$2,737.75 ",24.72
"84,322",103-SS-T30,FPQ-13173,SO-47110,DN-3493,South Sudan,PMO - US,From RDC,N/A - From RDC,Air,10/28/2013,N/A - From RDC,22-Jan-14,11-Feb-14,13-Feb-14,ARV,Adult,SCMS from RDC,"Nevirapine 200mg, tablets, 60 Tabs",Nevirapine,Generic,200mg,Tablet,60,378,854.28,2.26,0.04,"Aurobindo Unit III, India",TRUE,613,"$6,333 ",0.88
"85,870",151-NG-T30,FPQ-8952,SO-41257,DN-2706,Nigeria,PMO - US,From RDC,N/A - From RDC,Air Charter,12-08-11,N/A - From RDC,20-Jun-12,03-Jun-12,03-Jun-12,ARV,Adult,SCMS from RDC,"Lamivudine 150mg, tablets, 60 Tabs",Lamivudine,Generic,150mg,Tablet,60,"22,100",51493.00,2.33,0.04,"Strides, Bangalore, India.",FALSE,See DN-2706 (ID#:85272),null,72.19
"84,328",104-CI-T30,FPQ-12800,SO-46351,DN-3511,Côte d'Ivoire,PMO - US,From RDC,N/A - From RDC,Air,08-09-13,N/A - From RDC,31-Jan-14,18-Feb-14,04-Mar-14,ARV,Pediatric,SCMS from RDC,"Abacavir/Lamivudine 60/30mg, tablets, 60 Tabs",Abacavir/Lamivudine,Generic,60/30mg,Tablet - FDC,60,"9,500",38000.00,4,0.07,"Aurobindo Unit III, India",TRUE,449,"$3,051.95 ",47.01
"86,486",151-NG-T30,FPQ-9432,SO-42335,DN-2709,Nigeria,PMO - US,From RDC,N/A - From RDC,Air Charter,03-01-12,N/A - From RDC,02-Aug-12,03-Jun-12,03-Jun-12,ARV,Adult,SCMS from RDC,"Lamivudine/Nevirapine/Zidovudine 150/200/300mg, tablets, 60 Tabs",Lamivudine/Nevirapine/Zidovudine,Generic,150/300/200mg,Tablet - FDC,60,"40,000",440000.00,11,0.18,"Aurobindo Unit III, India",FALSE,See DN-2709 (ID#:83049),null,616.88
"84,333",111-MZ-T30,FPQ-12416,SO-45898,DN-3537,Mozambique,PMO - US,From RDC,N/A - From RDC,Truck,6/28/2013,N/A - From RDC,28-Feb-14,19-Feb-14,19-Mar-14,ARV,Adult,SCMS from RDC,"Lamivudine/Nevirapine/Zidovudine 150/200/300mg, tablets, 60 Tabs",Lamivudine/Nevirapine/Zidovudine,Generic,150/300/200mg,Tablet - FDC,60,"164,250",1409265.00,8.58,0.14,"Strides, Bangalore, India.",TRUE,19164,"$14,509.09 ","1,743.26"
"84,334",151-NG-T30,FPQ-11864,SO-44920,DN-3540,Nigeria,PMO - US,From RDC,N/A - From RDC,Air Charter,3/14/2013,N/A - From RDC,28-Feb-14,10-Feb-14,19-Feb-14,ARV,Pediatric,SCMS from RDC,"Abacavir/Lamivudine 60/30mg, tablets, 60 Tabs",Abacavir/Lamivudine,Generic,60/30mg,Tablet - FDC,60,"2,085",8340.00,4,0.07,"Aurobindo Unit III, India",TRUE,122,"$30,936.10 ",10.32
"84,335",151-NG-T30,FPQ-12248,SO-45664,DN-3541,Nigeria,PMO - US,From RDC,N/A - From RDC,Air Charter,05-06-13,N/A - From RDC,28-Feb-14,10-Feb-14,19-Feb-14,ARV,Adult,SCMS from RDC,"Efavirenz/Lamivudine/Tenofovir Disoproxil Fumarate 600/300/300mg, tablets, 30 Tabs",Efavirenz/Lamivudine/Tenofovir Disoproxil Fumarate,Generic,600/300/300mg,Tablet - FDC,30,"89,490",972756.30,10.87,0.36,Mylan (formerly Matrix) Nashik,TRUE,11280,"$30,936.10 ","1,203.30"
"86,487",151-NG-T30,FPQ-9432,SO-42336,DN-2710,Nigeria,PMO - US,From RDC,N/A - From RDC,Air Charter,03-01-12,N/A - From RDC,02-Aug-12,03-Jun-12,03-Jun-12,ARV,Adult,SCMS from RDC,"Lamivudine/Tenofovir Disoproxil Fumarate 300/300mg, tablets, 30 Tabs",Lamivudine/Tenofovir Disoproxil Fumarate,Generic,300/300mg,Tablet - FDC,30,"75,000",415500.00,5.54,0.18,"Aurobindo Unit VII, IN",FALSE,See DN-2710 (ID#:85273),null,582.53
"85,275",104-CI-T30,FPQ-8790,SO-41182,DN-2716,Côte d'Ivoire,PMO - US,From RDC,N/A - From RDC,Air,11-11-11,N/A - From RDC,16-Jul-12,03-Jul-12,03-Jul-12,ARV,Adult,SCMS from RDC,"Abacavir/Lamivudine/Zidovudine 300/150/300mg, tablets, 60 Tabs",Abacavir/Lamivudine/Zidovudine,Generic,300/150/300mg,Tablet - FDC,60,"1,840",55200.00,30,0.5,Mylan (formerly Matrix) Nashik,FALSE,See DN-2716 (ID#:83597),null,77.39
"85,871",111-MZ-T30,FPQ-9506,SO-41780,DN-2717,Mozambique,PMO - US,From RDC,N/A - From RDC,Truck,3/16/2012,N/A - From RDC,07-Aug-12,24-Jul-12,24-Jul-12,ARV,Pediatric,SCMS from RDC,"Zidovudine 10mg/ml, oral solution w/syringe, Bottle, 240 ml",Zidovudine,Generic,10mg/ml,Oral solution,240,"1,600",3360.00,2.1,0.01,"Aurobindo Unit III, India",FALSE,See DN-2717 (ID#:83598),null,4.71
"84,341",104-CI-T30,FPQ-11253,SO-44221,DN-3566,Côte d'Ivoire,PMO - US,From RDC,N/A - From RDC,Truck,12/14/2012,N/A - From RDC,11-Apr-14,11-Apr-14,28-Apr-14,ARV,Adult,SCMS from RDC,"Lamivudine/Zidovudine 150/300mg, tablets, 60 Tabs",Lamivudine/Zidovudine,Generic,150/300mg,Tablet - FDC,60,"70,300",473119.00,6.73,0.11,Mylan (formerly Matrix) Nashik,TRUE,5565,"$23,776.42 ",585.25
"84,342",104-CI-T30,FPQ-12800,SO-46361,DN-3567,Côte d'Ivoire,PMO - US,From RDC,N/A - From RDC,Air,08-09-13,N/A - From RDC,28-Mar-14,26-Mar-14,28-Apr-14,ARV,Pediatric,SCMS from RDC,"Zidovudine 10mg/ml, oral solution w/syringe, Bottle, 240 ml",Zidovudine,Generic,10mg/ml,Oral solution,240,"2,867",6020.70,2.1,0.01,"Aurobindo Unit III, India",TRUE,5752,"$18,607.76 ",7.45
"84,343",103-ZW-T30,FPQ-13109,SO-46960,DN-3572,Zimbabwe,PMO - US,From RDC,N/A - From RDC,Truck,10/17/2013,N/A - From RDC,31-Mar-14,24-Mar-14,04-Apr-14,ARV,Pediatric,SCMS from RDC,"Abacavir 20mg/ml, oral solution w/syringe, Bottle, 240 ml",Abacavir,Generic,20mg/ml,Oral solution,240,595,5063.45,8.51,0.04,"Aurobindo Unit III, India",TRUE,236,"$7,300 ",5.21
"84,420",107-RW-T30,FPQ-13812,SO-48160,DN-3969,Rwanda,PMO - US,From RDC,N/A - From RDC,Truck,03-04-14,N/A - From RDC,01-Oct-14,12-Nov-14,13-Nov-14,ARV,Adult,SCMS from RDC,"Nevirapine 200mg, tablets, 60 Tabs",Nevirapine,Generic,200mg,Tablet,60,"178,258",402863.08,2.26,0.04,"Aurobindo Unit III, India",TRUE,17140,"$23,340.84 ",414.14
"85,872",109-TZ-T30,FPQ-9271,SO-41581,DN-2718,Tanzania,PMO - US,From RDC,N/A - From RDC,Truck,1/31/2012,N/A - From RDC,01-Aug-12,25-Jul-12,25-Jul-12,ARV,Adult,SCMS from RDC,"Tenofovir Disoproxil Fumarate 300mg, tablets, 30 Tabs",Tenofovir Disoproxil Fumarate,Generic,300mg,Tablet,30,"10,000",55000.00,5.5,0.18,"Aurobindo Unit III, India",FALSE,See DN-2718 (ID#:84176),null,77.11
"85,276",900-UG-T30,FPQ-10048,SO-42580,DN-2724,Uganda,PMO - US,From RDC,N/A - From RDC,Air,06-06-12,N/A - From RDC,05-Jul-12,16-Jul-12,16-Jul-12,ARV,Adult,SCMS from RDC,"Nevirapine 200mg, tablets, 60 Tabs",Nevirapine,Generic,200mg,Tablet,60,"36,000",87840.00,2.44,0.04,"Aurobindo Unit III, India",FALSE,See DN-2724 (ID#:82486),null,123.15
"84,179",151-NG-T30,FPQ-9432,SO-41681,DN-2727,Nigeria,PMO - US,From RDC,N/A - From RDC,Air Charter,03-01-12,N/A - From RDC,02-Aug-12,09-Jul-12,09-Jul-12,ARV,Adult,SCMS from RDC,"Nevirapine 200mg, tablets, 60 Tabs",Nevirapine,Generic,200mg,Tablet,60,"37,844",92339.36,2.44,0.04,Hetero Unit III Hyderabad IN,FALSE,See DN-2727 (ID#:83053),null,129.46
"83,054",151-NG-T30,FPQ-9432,SO-41682,DN-2729,Nigeria,PMO - US,From RDC,N/A - From RDC,Air Charter,03-01-12,N/A - From RDC,02-Aug-12,09-Jul-12,09-Jul-12,ARV,Adult,SCMS from RDC,"Efavirenz 600mg, tablets, 30 Tabs",Efavirenz,Generic,600mg,Tablet,30,"3,103",11822.43,3.81,0.13,"Strides, Bangalore, India.",FALSE,See DN-2729 (ID#:82487),null,16.58
"83,600",151-NG-T30,FPQ-9432,SO-41682,DN-2729,Nigeria,PMO - US,From RDC,N/A - From RDC,Air Charter,03-01-12,N/A - From RDC,02-Aug-12,09-Jul-12,09-Jul-12,ARV,Adult,SCMS from RDC,"Efavirenz 600mg, tablets, 30 Tabs",Efavirenz,Generic,600mg,Tablet,30,840,3200.40,3.81,0.13,"Strides, Bangalore, India.",FALSE,See DN-2729 (ID#:82487),null,4.49
"86,489",111-MZ-T30,FPQ-9506,SO-41770,DN-2738,Mozambique,PMO - US,From RDC,N/A - From RDC,Truck,3/16/2012,N/A - From RDC,04-Sep-12,22-Aug-12,22-Aug-12,ARV,Pediatric,SCMS from RDC,"Nevirapine 10mg/ml, oral suspension w/syringe, Bottle, 240 ml",Nevirapine,Generic,10mg/ml,Oral suspension,240,"54,128",105549.60,1.95,0.01,"Aurobindo Unit III, India",FALSE,See DN-2738 (ID#:85875),null,147.98
"84,350",105-GH-T30,FPQ-13609,SO-47930,DN-3590,Ghana,PMO - US,From RDC,N/A - From RDC,Air,2/19/2014,N/A - From RDC,07-Apr-14,07-Apr-14,17-Apr-14,ARV,Adult,SCMS from RDC,"Efavirenz/Lamivudine/Tenofovir Disoproxil Fumarate 600/300/300mg, tablets, 30 Tabs",Efavirenz/Lamivudine/Tenofovir Disoproxil Fumarate,Generic,600/300/300mg,Tablet - FDC,30,"16,834",182985.58,10.87,0.36,Mylan (formerly Matrix) Nashik,TRUE,5447,"$38,560.67 ",188.11
"84,351",104-CI-T30,FPQ-12800,SO-46430,DN-3599,Côte d'Ivoire,PMO - US,From RDC,N/A - From RDC,Truck,08-09-13,N/A - From RDC,30-Apr-14,14-Apr-14,22-May-14,ARV,Adult,SCMS from RDC,"Tenofovir Disoproxil Fumarate 300mg, tablets, 30 Tabs",Tenofovir Disoproxil Fumarate,Generic,300mg,Tablet,30,"4,400",17776.00,4.04,0.13,Mylan (formerly Matrix) Nashik,TRUE,11043,"$39,329.03 ",21.99
"84,353",151-NG-T30,FPQ-13293,SO-47281,DN-3622,Nigeria,PMO - US,From RDC,N/A - From RDC,Air Charter,11/19/2013,N/A - From RDC,06-May-14,17-Apr-14,02-May-14,ARV,Pediatric,SCMS from RDC,"Lamivudine/Zidovudine 30/60mg, tablets, 60 Tabs",Lamivudine/Zidovudine,Generic,30/60mg,Tablet - FDC,60,"10,819",23260.85,2.15,0.04,Mylan (formerly Matrix) Nashik,TRUE,411,"$29,674.91 ",23.91
"84,733",113-ZW-T30,FPQ-8464,SO-40890,DN-2741,Zimbabwe,PMO - US,From RDC,N/A - From RDC,Truck,10-04-11,N/A - From RDC,16-Oct-12,23-Jul-12,23-Jul-12,ARV,Adult,SCMS from RDC,"Lamivudine/Tenofovir Disoproxil Fumarate 300/300mg, tablets, 30 Tabs",Lamivudine/Tenofovir Disoproxil Fumarate,Generic,300/300mg,Tablet - FDC,30,"78,082",418519.52,5.36,0.18,Mylan (formerly Matrix) Nashik,FALSE,See DN-2741 (ID#:84180),null,690.56
"85,877",113-ZW-T30,FPQ-8464,SO-40890,DN-2741,Zimbabwe,PMO - US,From RDC,N/A - From RDC,Truck,10-04-11,N/A - From RDC,16-Oct-12,23-Jul-12,23-Jul-12,ARV,Adult,SCMS from RDC,"Efavirenz 600mg, tablets, 30 Tabs",Efavirenz,Generic,600mg,Tablet,30,"17,422",66377.82,3.81,0.13,"Aurobindo Unit III, India",FALSE,See DN-2741 (ID#:84180),null,109.52
"85,278",113-ZW-T30,FPQ-8464,SO-40880,DN-2742,Zimbabwe,PMO - US,From RDC,N/A - From RDC,Truck,10-04-11,N/A - From RDC,14-Aug-12,23-Jul-12,23-Jul-12,ARV,Adult,SCMS from RDC,"Efavirenz 600mg, tablets, 30 Tabs",Efavirenz,Generic,600mg,Tablet,30,"17,422",66377.82,3.81,0.13,"Aurobindo Unit III, India",FALSE,See DN-2742 (ID#:84181),null,109.52
"84,357",105-GY-T30,FPQ-13567,SO-47740,DN-3640,Guyana,PMO - US,From RDC,N/A - From RDC,Air,1/16/2014,N/A - From RDC,30-Jun-14,25-Apr-14,13-May-14,ARV,Pediatric,SCMS from RDC,"Abacavir 20mg/ml, oral solution w/syringe, Bottle, 240 ml",Abacavir,Generic,20mg/ml,Oral solution,240,36,301.68,8.38,0.03,"Aurobindo Unit III, India",TRUE,22,$892.96 ,0.31
"84,358",107-RW-T30,FPQ-12766,SO-46486,DN-3641,Rwanda,PMO - US,From RDC,N/A - From RDC,Truck,08-02-13,N/A - From RDC,05-May-14,06-May-14,20-Jun-14,ARV,Adult,SCMS from RDC,"Lamivudine/Nevirapine/Zidovudine 150/200/300mg, tablets, 60 Tabs",Lamivudine/Nevirapine/Zidovudine,Generic,150/300/200mg,Tablet - FDC,60,"15,862",128640.82,8.11,0.14,"Aurobindo Unit III, India",TRUE,1851,"$5,445.73 ",159.13
"84,734",114-UG-T30,FPQ-9355,SO-41593,DN-2744,Uganda,PMO - US,From RDC,N/A - From RDC,Truck,2/20/2012,N/A - From RDC,05-Sep-12,26-Jul-12,26-Jul-12,ARV,Adult,SCMS from RDC,"Efavirenz/Emtricitabine/Tenofovir Disoproxil Fumarate 600/200/300mg, tablets, 30 Tabs",Efavirenz/Emtricitabine/Tenofovir Disoproxil Fumarate,Generic,600/200/300mg,Tablet - FDC,30,"6,150",92496.00,15.04,0.5,Mylan (formerly Matrix) Nashik,FALSE,See DN-2744 (ID#:82490),null,129.68
"84,360",110-ZM-T30,FPQ-13221,SO-47201,DN-3648,Zambia,PMO - US,From RDC,N/A - From RDC,Truck,10/31/2013,N/A - From RDC,06-May-14,19-May-14,12-Jun-14,ARV,Adult,SCMS from RDC,"Lamivudine/Tenofovir Disoproxil Fumarate 300/300mg, tablets, 30 Tabs",Lamivudine/Tenofovir Disoproxil Fumarate,Generic,300/300mg,Tablet - FDC,30,"27,900",129456.00,4.64,0.15,Ranbaxy per Shasun Pharma Ltd,TRUE,17018,"$19,564.23 ",133.08
"84,361",101-CD-T30,FPQ-13554,SO-47631,DN-3654,"Congo, DRC",PMO - US,From RDC,N/A - From RDC,Air,1/15/2014,N/A - From RDC,15-Aug-14,15-Aug-14,05-Sep-14,ARV,Adult,SCMS from RDC,"Zidovudine 300mg, tablets, 60 Tabs",Zidovudine,Generic,300mg,Tablet,60,"1,000",5500.00,5.5,0.09,"Aurobindo Unit III, India",TRUE,204,"$3,298.78 ",5.65
"84,735",114-UG-T30,FPQ-9355,SO-41593,DN-2744,Uganda,PMO - US,From RDC,N/A - From RDC,Truck,2/20/2012,N/A - From RDC,05-Sep-12,26-Jul-12,26-Jul-12,ARV,Adult,SCMS from RDC,"Tenofovir Disoproxil Fumarate 300mg, tablets, 30 Tabs",Tenofovir Disoproxil Fumarate,Generic,300mg,Tablet,30,804,3875.28,4.82,0.16,Mylan (formerly Matrix) Nashik,FALSE,See DN-2744 (ID#:82490),null,5.43
"84,366",111-MZ-T30,FPQ-13123,SO-47086,DN-3695,Mozambique,PMO - US,From RDC,N/A - From RDC,Truck,10/21/2013,N/A - From RDC,31-Jul-14,25-Jul-14,05-Sep-14,ARV,Adult,SCMS from RDC,"Lamivudine/Nevirapine/Zidovudine 150/200/300mg, tablets, 60 Tabs",Lamivudine/Nevirapine/Zidovudine,Generic,150/300/200mg,Tablet - FDC,60,"74,623",605192.53,8.11,0.14,"Cipla, Goa, India",TRUE,10073,"$7,048.57 ",622.14
"84,367",107-RW-T30,FPQ-12766,SO-46501,DN-3699,Rwanda,PMO - US,From RDC,N/A - From RDC,Truck,08-02-13,N/A - From RDC,27-Jun-14,06-Jul-14,05-Aug-14,ARV,Adult,SCMS from RDC,"Lamivudine/Tenofovir Disoproxil Fumarate 300/300mg, tablets, 30 Tabs",Lamivudine/Tenofovir Disoproxil Fumarate,Generic,300/300mg,Tablet - FDC,30,"53,705",249191.20,4.64,0.15,Hetero Unit III Hyderabad IN,TRUE,5565,"$34,837.80 ",308.25
"84,368",104-CI-T30,FPQ-13142,SO-47155,DN-3708,Côte d'Ivoire,PMO - US,From RDC,N/A - From RDC,Truck,10/22/2013,N/A - From RDC,04-Jun-14,03-Jun-14,11-Jun-14,ARV,Pediatric,SCMS from RDC,"Zidovudine 10mg/ml, oral solution w/syringe, Bottle, 240 ml",Zidovudine,Generic,10mg/ml,Oral solution,240,"6,738",14149.80,2.1,0.01,"Aurobindo Unit III, India",TRUE,2720,"$32,022.51 ",14.55
"84,369",109-TZ-T30,FPQ-12587,SO-46006,DN-3709,Tanzania,PMO - US,From RDC,N/A - From RDC,Truck,07-04-13,N/A - From RDC,30-Jun-14,10-Jun-14,12-Jun-14,ARV,Adult,SCMS from RDC,"Emtricitabine/Tenofovir Disoproxil Fumarate 200/300mg, tablets, 30 Tabs",Emtricitabine/Tenofovir Disoproxil Fumarate,Generic,200/300mg,Tablet - FDC,30,"34,733",199367.42,5.74,0.19,Mylan (formerly Matrix) Nashik,TRUE,2746,"$5,989.25 ",246.62
"84,370",109-TZ-T30,FPQ-13566,SO-47652,DN-3643,Tanzania,PMO - US,From RDC,N/A - From RDC,Truck,1/15/2014,N/A - From RDC,30-Jun-14,06-Jun-14,20-Jun-14,ARV,Adult,SCMS from RDC,"Efavirenz/Emtricitabine/Tenofovir Disoproxil Fumarate 600/200/300mg, tablets, 30 Tabs",Efavirenz/Emtricitabine/Tenofovir Disoproxil Fumarate,Generic,600/200/300mg,Tablet - FDC,30,"43,479",516965.31,11.89,0.4,Mylan (formerly Matrix) Nashik,TRUE,4874,"$12,435.18 ",531.44
"85,279",114-UG-T30,FPQ-9355,SO-41593,DN-2744,Uganda,PMO - US,From RDC,N/A - From RDC,Truck,2/20/2012,N/A - From RDC,05-Sep-12,26-Jul-12,26-Jul-12,ARV,Adult,SCMS from RDC,"Lamivudine 150mg, tablets, 60 Tabs",Lamivudine,Generic,150mg,Tablet,60,834,1851.48,2.22,0.04,Macleods Daman Plant INDIA,FALSE,See DN-2744 (ID#:82490),null,2.6
"86,490",110-ZM-T30,FPQ-9472,SO-41702,DN-2749,Zambia,PMO - US,From RDC,N/A - From RDC,Truck,03-08-12,N/A - From RDC,23-Aug-12,30-Jul-12,30-Jul-12,ARV,Adult,SCMS from RDC,"Emtricitabine/Tenofovir Disoproxil Fumarate 200/300mg, tablets, 30 Tabs",Emtricitabine/Tenofovir Disoproxil Fumarate,Generic,200/300mg,Tablet - FDC,30,"125,000",888750.00,7.11,0.24,"Aurobindo Unit III, India",FALSE,See DN-2749 (ID#:84182),null,"1,246.03"
"84,373",111-MZ-T30,FPQ-13123,SO-47092,DN-3752,Mozambique,PMO - US,From RDC,N/A - From RDC,Truck,10/21/2013,N/A - From RDC,31-Jul-14,25-Jul-14,05-Sep-14,ARV,Adult,SCMS from RDC,"Lamivudine/Stavudine 150/30mg, tablets, 60 Tabs",Lamivudine/Stavudine,Generic,150/30mg,Tablet - FDC,60,"24,768",61672.32,2.49,0.04,Hetero Unit III Hyderabad IN,TRUE,20019,"$11,701.65 ",63.4
"86,491",110-ZM-T30,FPQ-9472,SO-41702,DN-2749,Zambia,PMO - US,From RDC,N/A - From RDC,Truck,03-08-12,N/A - From RDC,23-Aug-12,30-Jul-12,30-Jul-12,ARV,Adult,SCMS from RDC,"Emtricitabine/Tenofovir Disoproxil Fumarate 200/300mg, tablets, 30 Tabs",Emtricitabine/Tenofovir Disoproxil Fumarate,Generic,200/300mg,Tablet - FDC,30,425,3021.75,7.11,0.24,Mylan (formerly Matrix) Nashik,FALSE,See DN-2749 (ID#:84182),null,4.24
"84,376",110-ZM-T30,FPQ-13221,SO-47200,DN-3888,Zambia,PMO - US,From RDC,N/A - From RDC,Truck,10/31/2013,N/A - From RDC,29-Aug-14,23-Sep-14,17-Oct-14,ARV,Adult,SCMS from RDC,"Lamivudine/Tenofovir Disoproxil Fumarate 300/300mg, tablets, 30 Tabs",Lamivudine/Tenofovir Disoproxil Fumarate,Generic,300/300mg,Tablet - FDC,30,"17,801",82418.63,4.63,0.15,"Aurobindo Unit VII, IN",TRUE,1667,"$1,966.09 ",84.73
"84,380",104-CI-T30,FPQ-13628,SO-47871,DN-3897,Côte d'Ivoire,PMO - US,From RDC,N/A - From RDC,Truck,1/29/2014,N/A - From RDC,30-Sep-14,08-Sep-14,19-Sep-14,ARV,Pediatric,SCMS from RDC,"Lamivudine/Zidovudine 30/60mg, dispersible tablets, 60 Tabs",Lamivudine/Zidovudine,Generic,30/60mg,Chewable/dispersible tablet - FDC,60,697,1387.03,1.99,0.03,"Cipla, Goa, India",TRUE,47,$270.74 ,1.43
"83,604",104-CI-T30,FPQ-8790,SO-41191,DN-2754,Côte d'Ivoire,PMO - US,From RDC,N/A - From RDC,Air,11-11-11,N/A - From RDC,31-Jul-12,31-Jul-12,31-Jul-12,ARV,Adult,SCMS from RDC,"Lamivudine/Nevirapine/Zidovudine 150/200/300mg, tablets, 60 Tabs",Lamivudine/Nevirapine/Zidovudine,Generic,150/300/200mg,Tablet - FDC,60,"20,000",196200.00,9.81,0.16,"Strides, Bangalore, India.",FALSE,See DN-2754 (ID#:82491),null,275.07
"84,382",151-NG-T30,FPQ-12801,SO-46540,DN-3790,Nigeria,PMO - US,From RDC,N/A - From RDC,Air Charter,08-06-13,N/A - From RDC,30-Jun-14,20-Jun-14,25-Jun-14,ARV,Pediatric,SCMS from RDC,"Abacavir/Lamivudine 60/30mg, tablets, 60 Tabs",Abacavir/Lamivudine,Generic,60/30mg,Tablet - FDC,60,"27,137",110990.33,4.09,0.07,Mylan (formerly Matrix) Nashik,TRUE,1169,"$28,812.58 ",137.3
"84,384",104-CI-T30,FPQ-13142,SO-47135,DN-3798,Côte d'Ivoire,PMO - US,From RDC,N/A - From RDC,Truck,10/22/2013,N/A - From RDC,09-Jul-14,09-Jul-14,07-Aug-14,ARV,Adult,SCMS from RDC,"Abacavir/Lamivudine 600/300mg, tablets, 30 Tabs",Abacavir/Lamivudine,Generic,600/300mg,Tablet - FDC,30,71,959.92,13.52,0.45,"Cipla, Patalganga, India",TRUE,7,$22.29 ,0.99
"84,385",104-CI-T30,FPQ-13628,SO-47870,DN-3799,Côte d'Ivoire,PMO - US,From RDC,N/A - From RDC,Truck,1/29/2014,N/A - From RDC,15-Jul-14,09-Jul-14,07-Aug-14,ARV,Pediatric,SCMS from RDC,"Lamivudine/Zidovudine 30/60mg, tablets, 60 Tabs",Lamivudine/Zidovudine,Generic,30/60mg,Tablet - FDC,60,"7,303",14532.97,1.99,0.03,Mylan (formerly Matrix) Nashik,TRUE,277,"$2,286.63 ",14.94
"84,386",102-BI-T30,FPQ-14112,SO-48610,DN-3804,Burundi,PMO - US,From RDC,N/A - From RDC,Air,4/18/2014,N/A - From RDC,31-Jul-14,25-Jul-14,01-Aug-14,ARV,Adult,SCMS from RDC,"Lamivudine/Nevirapine/Zidovudine 150/200/300mg, tablets, 60 Tabs",Lamivudine/Nevirapine/Zidovudine,Generic,150/300/200mg,Tablet - FDC,60,"1,056",8564.16,8.11,0.14,Hetero Unit III Hyderabad IN,TRUE,155,$994.25 ,8.8
"84,388",107-RW-T30,FPQ-14111,SO-48811,DN-3814,Rwanda,PMO - US,From RDC,N/A - From RDC,Truck,4/22/2014,N/A - From RDC,31-Dec-14,14-Aug-14,15-Aug-14,ARV,Pediatric,SCMS from RDC,"Abacavir 20mg/ml, oral solution w/syringe, Bottle, 240 ml",Abacavir,Generic,20mg/ml,Oral solution,240,800,6800.00,8.5,0.04,"Aurobindo Unit III, India",TRUE,297,"$2,282.79 ",6.99
"85,879",109-TZ-T30,FPQ-9271,SO-41580,DN-2761,Tanzania,PMO - US,From RDC,N/A - From RDC,Truck,1/31/2012,N/A - From RDC,31-Aug-12,22-Aug-12,22-Aug-12,ARV,Adult,SCMS from RDC,"Emtricitabine/Tenofovir Disoproxil Fumarate 200/300mg, tablets, 30 Tabs",Emtricitabine/Tenofovir Disoproxil Fumarate,Generic,200/300mg,Tablet - FDC,30,"66,931",475879.41,7.11,0.24,Mylan (formerly Matrix) Nashik,FALSE,See DN-2761 (ID#:83606),null,667.18
"84,390",110-ZM-T30,FPQ-13692,SO-47991,DN-3822,Zambia,PMO - US,From RDC,N/A - From RDC,Truck,02-06-14,N/A - From RDC,14-Jul-14,03-Sep-14,06-Oct-14,ARV,Pediatric,SCMS from RDC,"Abacavir/Lamivudine 60/30mg, tablets, 60 Tabs",Abacavir/Lamivudine,Generic,60/30mg,Tablet - FDC,60,"18,027",73730.43,4.09,0.07,"Aurobindo Unit III, India",TRUE,1228,"$1,765.18 ",75.79
"84,391",103-ZW-T30,FPQ-13967,SO-48431,DN-3824,Zimbabwe,PMO - US,From RDC,N/A - From RDC,Truck,04-02-14,N/A - From RDC,30-Nov-14,29-Jun-14,04-Aug-14,ARV,Pediatric,SCMS from RDC,"Lamivudine/Zidovudine 30/60mg, tablets, 60 Tabs",Lamivudine/Zidovudine,Generic,30/60mg,Tablet - FDC,60,"23,999",47758.01,1.99,0.03,Mylan (formerly Matrix) Nashik,TRUE,1069,"$7,500 ",49.1
"86,494",109-TZ-T30,FPQ-9271,SO-41580,DN-2761,Tanzania,PMO - US,From RDC,N/A - From RDC,Truck,1/31/2012,N/A - From RDC,31-Aug-12,22-Aug-12,22-Aug-12,ARV,Adult,SCMS from RDC,"Efavirenz/Emtricitabine/Tenofovir Disoproxil Fumarate 600/200/300mg, tablets, 30 Tabs",Efavirenz/Emtricitabine/Tenofovir Disoproxil Fumarate,Generic,600/200/300mg,Tablet - FDC,30,"153,642",2310775.68,15.04,0.5,Mylan (formerly Matrix) Nashik,FALSE,See DN-2761 (ID#:83606),null,"3,239.71"
"85,281",110-ZM-T30,FPQ-9472,SO-41720,DN-2763,Zambia,PMO - US,From RDC,N/A - From RDC,Truck,03-08-12,N/A - From RDC,31-Jul-12,01-Aug-12,01-Aug-12,ARV,Adult,SCMS from RDC,"Abacavir 300mg, tablets, 60 Tabs",Abacavir,Generic,300mg,Tablet,60,"27,452",355777.92,12.96,0.22,Mylan (formerly Matrix) Nashik,FALSE,See DN-2763 (ID#:82493),null,498.8
"84,395",114-UG-T30,FPQ-13693,SO-47850,DN-3841,Uganda,PMO - US,From RDC,N/A - From RDC,Truck,02-07-14,N/A - From RDC,31-Jul-14,15-Jul-14,17-Jul-14,ARV,Adult,SCMS from RDC,"Lopinavir/Ritonavir 200/50mg [Aluvia], tablets, 120 Tabs",Lopinavir/Ritonavir,Aluvia,200/50mg,Tablet,120,"3,426",69273.72,20.22,0.17,ABBVIE Ludwigshafen Germany,TRUE,698,"$2,676 ",71.21
"85,284",151-NG-T30,FPQ-9432,SO-42644,DN-2764,Nigeria,PMO - US,From RDC,N/A - From RDC,Air Charter,03-01-12,N/A - From RDC,02-Aug-12,24-Jul-12,24-Jul-12,ARV,Adult,SCMS from RDC,"Lamivudine/Zidovudine 150/300mg, tablets, 60 Tabs",Lamivudine/Zidovudine,Generic,150/300mg,Tablet - FDC,60,"25,712",198496.64,7.72,0.13,"Aurobindo Unit III, India",FALSE,See DN-2764 (ID#:82494),null,278.29
"86,497",151-NG-T30,FPQ-9432,SO-42802,DN-2767,Nigeria,PMO - US,From RDC,N/A - From RDC,Air Charter,03-01-12,N/A - From RDC,02-Aug-12,24-Jul-12,24-Jul-12,ARV,Adult,SCMS from RDC,"Lamivudine/Nevirapine/Zidovudine 150/200/300mg, tablets, 60 Tabs",Lamivudine/Nevirapine/Zidovudine,Generic,150/300/200mg,Tablet - FDC,60,"120,036",1177553.16,9.81,0.16,Mylan (formerly Matrix) Nashik,FALSE,See DN-2767 (ID#:83060),null,"1,650.93"
"84,407",100-ZM-T30,FPQ-13679,SO-48010,DN-3860,Zambia,PMO - US,From RDC,N/A - From RDC,Truck,02-02-14,N/A - From RDC,31-Jul-14,23-Sep-14,06-Oct-14,ARV,Adult,SCMS from RDC,"Abacavir 300mg, tablets, 60 Tabs",Abacavir,Generic,300mg,Tablet,60,"5,432",61001.36,11.23,0.19,Mylan (formerly Matrix) Nashik,TRUE,506,$635.95 ,62.71
"84,408",110-ZM-T30,FPQ-13221,SO-47206,DN-3876,Zambia,PMO - US,From RDC,N/A - From RDC,Truck,10/31/2013,N/A - From RDC,29-Aug-14,23-Sep-14,06-Oct-14,ARV,Adult,SCMS from RDC,"Lamivudine/Tenofovir Disoproxil Fumarate 300/300mg, tablets, 30 Tabs",Lamivudine/Tenofovir Disoproxil Fumarate,Generic,300/300mg,Tablet - FDC,30,"14,055",65074.65,4.63,0.15,"Cipla, Kurkumbh, India",TRUE,1406,"$1,335.02 ",66.9
"84,409",151-NG-T30,FPQ-13293,SO-47274,DN-3913,Nigeria,PMO - US,From RDC,N/A - From RDC,Air Charter,11/19/2013,N/A - From RDC,30-Sep-14,03-Sep-14,05-Sep-14,ARV,Adult,SCMS from RDC,"Lamivudine/Nevirapine/Zidovudine 150/200/300mg, tablets, 60 Tabs",Lamivudine/Nevirapine/Zidovudine,Generic,150/300/200mg,Tablet - FDC,60,6,48.66,8.11,0.14,"Aurobindo Unit III, India",TRUE,6589,"$26,731 ",0.05
"84,410",151-NG-T30,FPQ-13293,SO-47280,DN-3917,Nigeria,PMO - US,From RDC,N/A - From RDC,Air Charter,11/19/2013,N/A - From RDC,30-Sep-14,03-Sep-14,05-Sep-14,ARV,Adult,SCMS from RDC,"Lamivudine/Zidovudine 150/300mg, tablets, 60 Tabs",Lamivudine/Zidovudine,Generic,150/300mg,Tablet - FDC,60,"105,344",708965.12,6.73,0.11,"Aurobindo Unit III, India",TRUE,10622,"$61,850 ",728.82
"84,412",110-ZM-T30,FPQ-13692,SO-47993,DN-3942,Zambia,PMO - US,From RDC,N/A - From RDC,Truck,02-06-14,N/A - From RDC,31-Oct-14,10-Oct-14,29-Oct-14,ARV,Adult,SCMS from RDC,"Zidovudine 300mg, tablets, 60 Tabs",Zidovudine,Generic,300mg,Tablet,60,"1,240",6919.20,5.58,0.09,"Aurobindo Unit III, India",TRUE,73,"$4,937.65 ",7.11
"85,881",151-NG-T30,FPQ-9432,SO-42803,DN-2769,Nigeria,PMO - US,From RDC,N/A - From RDC,Air Charter,03-01-12,N/A - From RDC,02-Aug-12,24-Jul-12,24-Jul-12,ARV,Adult,SCMS from RDC,"Lamivudine/Tenofovir Disoproxil Fumarate 300/300mg, tablets, 30 Tabs",Lamivudine/Tenofovir Disoproxil Fumarate,Generic,300/300mg,Tablet - FDC,30,"28,839",159768.06,5.54,0.18,Mylan (formerly Matrix) Nashik,FALSE,See DN-2769 (ID#:83607),null,223.99
"84,415",107-RW-T30,FPQ-14111,SO-48770,DN-3948,Rwanda,PMO - US,From RDC,N/A - From RDC,Air,4/22/2014,N/A - From RDC,15-Oct-14,14-Oct-14,20-Oct-14,ARV,Pediatric,SCMS from RDC,"Abacavir/Lamivudine 60/30mg, dispersible tablets, 60 Tabs",Abacavir/Lamivudine,Generic,60/30mg,Chewable/dispersible tablet - FDC,60,"8,953",45570.77,5.09,0.08,"Cipla, Patalganga, India",TRUE,805,"$6,220.48 ",46.85
"84,416",110-ZM-T30,FPQ-14162,SO-48672,DN-3950,Zambia,PMO - US,From RDC,N/A - From RDC,Truck,4/24/2014,N/A - From RDC,31-Oct-14,02-Oct-14,22-Oct-14,ARV,Adult,SCMS from RDC,"Lamivudine/Zidovudine 150/300mg, tablets, 60 Tabs",Lamivudine/Zidovudine,Generic,150/300mg,Tablet - FDC,60,"79,914",527432.40,6.6,0.11,"Aurobindo Unit III, India",TRUE,7194,"$9,410.57 ",542.2
"83,611",151-NG-T30,FPQ-9432,SO-42806,DN-2773,Nigeria,PMO - US,From RDC,N/A - From RDC,Air Charter,03-01-12,N/A - From RDC,02-Aug-12,24-Jul-12,24-Jul-12,ARV,Adult,SCMS from RDC,"Nevirapine 200mg, tablets, 60 Tabs",Nevirapine,Generic,200mg,Tablet,60,"79,235",198879.85,2.51,0.04,"Aurobindo Unit III, India",FALSE,See DN-2773 (ID#:83608),null,278.83
"85,289",151-NG-T30,FPQ-9432,SO-42806,DN-2773,Nigeria,PMO - US,From RDC,N/A - From RDC,Air Charter,03-01-12,N/A - From RDC,02-Aug-12,24-Jul-12,24-Jul-12,ARV,Adult,SCMS from RDC,"Nevirapine 200mg, tablets, 60 Tabs",Nevirapine,Generic,200mg,Tablet,60,"12,156",30511.56,2.51,0.04,Hetero Unit III Hyderabad IN,FALSE,See DN-2773 (ID#:83608),null,42.78
"86,499",104-CI-T30,FPQ-9749,SO-42360,DN-2778,Côte d'Ivoire,PMO - US,From RDC,N/A - From RDC,Truck,4/19/2012,N/A - From RDC,15-Aug-12,15-Aug-12,15-Aug-12,ARV,Adult,SCMS from RDC,"Lamivudine 150mg, tablets, 60 Tabs",Lamivudine,Generic,150mg,Tablet,60,"10,080",22377.60,2.22,0.04,Hetero Unit III Hyderabad IN,FALSE,See DN-2778 (ID#:85287),null,31.37
"84,423",151-NG-T30,FPQ-14156,SO-48904,DN-3995,Nigeria,PMO - US,From RDC,N/A - From RDC,Air Charter,4/25/2014,N/A - From RDC,31-Oct-14,30-Oct-14,03-Nov-14,ARV,Adult,SCMS from RDC,"Lamivudine/Zidovudine 150/300mg, tablets, 60 Tabs",Lamivudine/Zidovudine,Generic,150/300mg,Tablet - FDC,60,"76,832",500944.64,6.52,0.11,Mylan (formerly Matrix) Nashik,TRUE,6780,"$14,251 ",514.97
"84,424",151-NG-T30,FPQ-14156,SO-48906,DN-4000,Nigeria,PMO - US,From RDC,N/A - From RDC,Air Charter,4/25/2014,N/A - From RDC,28-Nov-14,30-Oct-14,03-Nov-14,ARV,Adult,SCMS from RDC,"Zidovudine 300mg, tablets, 60 Tabs",Zidovudine,Generic,300mg,Tablet,60,"7,526",41393.00,5.5,0.09,"Aurobindo Unit III, India",TRUE,507,"$1,263 ",42.55
"84,425",102-BI-T30,FPQ-14112,SO-48620,DN-4003,Burundi,PMO - US,From RDC,N/A - From RDC,Air,4/18/2014,N/A - From RDC,20-Nov-14,20-Nov-14,24-Nov-14,ARV,Adult,SCMS from RDC,"Efavirenz/Lamivudine/Tenofovir Disoproxil Fumarate 600/300/300mg, tablets, 30 Tabs",Efavirenz/Lamivudine/Tenofovir Disoproxil Fumarate,Generic,600/300/300mg,Tablet - FDC,30,"3,240",33210.00,10.25,0.34,"Aurobindo Unit VII, IN",TRUE,614,"$4,373.84 ",34.14
"84,426",107-RW-T30,FPQ-14811,SO-49941,DN-4011,Rwanda,PMO - US,From RDC,N/A - From RDC,Truck,10/15/2014,N/A - From RDC,14-Jan-15,13-Nov-14,14-Nov-14,ARV,Pediatric,SCMS from RDC,"Lamivudine/Zidovudine 30/60mg, dispersible tablets, 60 Tabs",Lamivudine/Zidovudine,Generic,30/60mg,Chewable/dispersible tablet - FDC,60,"1,766",3514.34,1.99,0.03,"Cipla, Goa, India",TRUE,152,"$1,330.99 ",3.61
"83,609",900-UG-T30,FPQ-10048,SO-42570,DN-2781,Uganda,PMO - US,From RDC,N/A - From RDC,Air,06-06-12,N/A - From RDC,30-Oct-12,30-Oct-12,30-Oct-12,ARV,Adult,SCMS from RDC,"Lamivudine/Tenofovir Disoproxil Fumarate 300/300mg, tablets, 30 Tabs",Lamivudine/Tenofovir Disoproxil Fumarate,Generic,300/300mg,Tablet - FDC,30,"39,600",219384.00,5.54,0.18,Mylan (formerly Matrix) Nashik,FALSE,See DN-2781 (ID#:83061),null,307.58
"84,429",114-UG-T30,FPQ-14396,SO-48973,DN-4019,Uganda,PMO - US,From RDC,N/A - From RDC,Truck,06-04-14,N/A - From RDC,15-Jan-15,17-Dec-14,22-Dec-14,ARV,Adult,SCMS from RDC,"Efavirenz 600mg, tablets, 30 Tabs",Efavirenz,Generic,600mg,Tablet,30,"52,500",168525.00,3.21,0.11,"Strides, Bangalore, India.",TRUE,10119,"$6,852.08 ",173.24
"85,884",900-UG-T30,FPQ-10048,SO-42570,DN-2781,Uganda,PMO - US,From RDC,N/A - From RDC,Air,06-06-12,N/A - From RDC,30-Oct-12,30-Oct-12,30-Oct-12,ARV,Adult,SCMS from RDC,"Lamivudine/Tenofovir Disoproxil Fumarate 300/300mg, tablets, 30 Tabs",Lamivudine/Tenofovir Disoproxil Fumarate,Generic,300/300mg,Tablet - FDC,30,"40,000",221600.00,5.54,0.18,"Aurobindo Unit VII, IN",FALSE,See DN-2781 (ID#:83061),null,310.68
"86,502",104-CI-T30,FPQ-9063,SO-41341,DN-2787,Côte d'Ivoire,PMO - US,From RDC,N/A - From RDC,Truck,12/21/2011,N/A - From RDC,31-Aug-12,12-Aug-12,12-Aug-12,ARV,Adult,SCMS from RDC,"Efavirenz 600mg, tablets, 30 Tabs",Efavirenz,Generic,600mg,Tablet,30,"7,684",29276.04,3.81,0.13,"Strides, Bangalore, India.",FALSE,See DN-2787 (ID#:83063),null,41.05
"84,738",151-NG-T30,FPQ-9432,SO-42930,DN-2791,Nigeria,PMO - US,From RDC,N/A - From RDC,Air Charter,03-01-12,N/A - From RDC,20-Aug-12,14-Aug-12,14-Aug-12,ARV,Adult,SCMS from RDC,"Lamivudine/Zidovudine 150/300mg, tablets, 60 Tabs",Lamivudine/Zidovudine,Generic,150/300mg,Tablet - FDC,60,"12,616",100928.00,8,0.13,Hetero Unit III Hyderabad IN,FALSE,See DN-2791 (ID#:83064),null,141.5
"84,434",107-RW-T30,FPQ-14893,SO-49980,DN-4042,Rwanda,PMO - US,From RDC,N/A - From RDC,Air,10/15/2014,N/A - From RDC,27-Jan-15,09-Jan-15,19-Jan-15,ARV,Pediatric,SCMS from RDC,"Nevirapine 10mg/ml, oral suspension w/syringe, Bottle, 240 ml",Nevirapine,Generic,10mg/ml,Oral suspension,240,"10,401",15705.51,1.51,0.01,"Aurobindo Unit III, India",TRUE,3880,"$28,001.97 ",16.15
"84,435",107-RW-T30,FPQ-14811,SO-49960,DN-4044,Rwanda,PMO - US,From RDC,N/A - From RDC,Truck,10/15/2014,N/A - From RDC,31-Jan-15,24-Dec-14,31-Dec-14,ARV,Pediatric,SCMS from RDC,"Lamivudine/Nevirapine/Zidovudine 30/50/60mg, dispersible tablets, 60 Tabs",Lamivudine/Nevirapine/Zidovudine,Generic,30/50/60mg,Chewable/dispersible tablet - FDC,60,"2,196",7905.60,3.6,0.06,"Cipla, Goa, India",TRUE,192,"$2,232.42 ",8.13
"84,437",104-CI-T30,FPQ-13628,SO-47881,DN-4063,Côte d'Ivoire,PMO - US,From RDC,N/A - From RDC,Truck,1/29/2014,N/A - From RDC,30-Jan-15,19-Jan-15,27-Jan-15,ARV,Adult,SCMS from RDC,"Efavirenz/Lamivudine/Tenofovir Disoproxil Fumarate 600/300/300mg, tablets, 30 Tabs",Efavirenz/Lamivudine/Tenofovir Disoproxil Fumarate,Generic,600/300/300mg,Tablet - FDC,30,"32,884",320947.84,9.76,0.33,Hetero Unit III Hyderabad IN,TRUE,4114,"$9,264.13 ",329.93
"84,441",106-HT-T30,FPQ-15610,SO-50590,DN-4090,Haiti,PMO - US,From RDC,N/A - From RDC,Air,12/17/2014,N/A - From RDC,30-Jan-15,13-Feb-15,16-Feb-15,ARV,Adult,SCMS from RDC,"Lopinavir/Ritonavir 200/50mg [Aluvia], tablets, 120 Tabs",Lopinavir/Ritonavir,Aluvia,200/50mg,Tablet,120,"2,000",37800.00,18.9,0.16,ABBVIE Ludwigshafen Germany,TRUE,457,"$5,413.70 ",44.49
"85,886",151-NG-T30,FPQ-9432,SO-42930,DN-2791,Nigeria,PMO - US,From RDC,N/A - From RDC,Air Charter,03-01-12,N/A - From RDC,20-Aug-12,14-Aug-12,14-Aug-12,ARV,Adult,SCMS from RDC,"Lamivudine/Zidovudine 150/300mg, tablets, 60 Tabs",Lamivudine/Zidovudine,Generic,150/300mg,Tablet - FDC,60,"35,120",280960.00,8,0.13,"Aurobindo Unit III, India",FALSE,See DN-2791 (ID#:83064),null,393.91
"84,443",151-NG-T30,FPQ-14156,SO-48893,DN-4098,Nigeria,PMO - US,From RDC,N/A - From RDC,Air Charter,4/25/2014,N/A - From RDC,30-Jan-15,14-Jan-15,20-Jan-15,ARV,Adult,SCMS from RDC,"Lamivudine/Nevirapine/Zidovudine 150/200/300mg, tablets, 60 Tabs",Lamivudine/Nevirapine/Zidovudine,Generic,150/300/200mg,Tablet - FDC,60,"335,999",2593912.28,7.72,0.13,Mylan (formerly Matrix) Nashik,TRUE,47693,"$116,593 ","2,666.54"
"84,741",107-RW-T30,FPQ-10042,SO-42490,DN-2798,Rwanda,PMO - US,From RDC,N/A - From RDC,Air,06-04-12,N/A - From RDC,31-Aug-12,23-Aug-12,23-Aug-12,ARV,Adult,SCMS from RDC,"Efavirenz 600mg, tablets, 30 Tabs",Efavirenz,Generic,600mg,Tablet,30,"2,000",7820.00,3.91,0.13,"Aurobindo Unit III, India",FALSE,See DN-2798 (ID#:83065),null,10.96
"84,445",114-UG-T30,FPQ-15638,SO-50630,DN-4109,Uganda,PMO - US,From RDC,N/A - From RDC,Air,12/22/2014,N/A - From RDC,17-Feb-15,09-Feb-15,17-Feb-15,ARV,Adult,SCMS from RDC,"Nevirapine 200mg, tablets, 60 Tabs",Nevirapine,Generic,200mg,Tablet,60,"74,896",163273.28,2.18,0.04,"Aurobindo Unit III, India",TRUE,7183,"$41,735 ",192.17
"84,446",110-ZM-T30,FPQ-14784,SO-49580,DN-4110,Zambia,PMO - US,From RDC,N/A - From RDC,Truck,08-12-14,N/A - From RDC,28-Feb-15,19-Feb-15,20-Feb-15,ARV,Pediatric,SCMS from RDC,"Lamivudine/Zidovudine 30/60mg, dispersible tablets, 60 Tabs",Lamivudine/Zidovudine,Generic,30/60mg,Chewable/dispersible tablet - FDC,60,"4,000",7960.00,1.99,0.03,"Mylan,  H-12 & H-13, India",TRUE,312,$274.51 ,8.18
"85,291",113-ZW-T30,FPQ-8464,SO-40902,DN-2803,Zimbabwe,PMO - US,From RDC,N/A - From RDC,Truck,10-04-11,N/A - From RDC,11-Dec-12,04-Sep-12,04-Sep-12,ARV,Adult,SCMS from RDC,"Nevirapine 200mg, tablets, 60 Tabs",Nevirapine,Generic,200mg,Tablet,60,"10,963",26530.46,2.42,0.04,"Aurobindo Unit III, India",FALSE,See DN-2803 (ID#:83613),null,43.78
"84,448",113-ZW-T30,FPQ-14458,SO-49170,DN-4112,Zimbabwe,PMO - US,From RDC,N/A - From RDC,Truck,6/13/2014,N/A - From RDC,06-Mar-15,06-Feb-15,06-Feb-15,ARV,Adult,SCMS from RDC,"Efavirenz/Lamivudine/Tenofovir Disoproxil Fumarate 600/300/300mg, tablets, 30 Tabs",Efavirenz/Lamivudine/Tenofovir Disoproxil Fumarate,Generic,600/300/300mg,Tablet - FDC,30,"400,000",3904000.00,9.76,0.33,Hetero Unit III Hyderabad IN,TRUE,75284,"$77,960.08 ","4,013.31"
"84,449",110-ZM-T30,FPQ-14575,SO-49282,DN-4117,Zambia,PMO - US,From RDC,N/A - From RDC,Truck,07-11-14,N/A - From RDC,27-Feb-15,19-Feb-15,20-Feb-15,ARV,Adult,SCMS from RDC,"Lamivudine/Zidovudine 150/300mg, tablets, 60 Tabs",Lamivudine/Zidovudine,Generic,150/300mg,Tablet - FDC,60,"71,377",465378.04,6.52,0.11,Hetero Unit III Hyderabad IN,TRUE,11342,"$15,715.08 ",478.41
"84,450",104-CI-T30,FPQ-14370,SO-49080,DN-4137,Côte d'Ivoire,PMO - US,From RDC,N/A - From RDC,Truck,5/23/2014,N/A - From RDC,27-Feb-15,11-Mar-15,30-Mar-15,ARV,Adult,SCMS from RDC,"Lamivudine/Zidovudine 150/300mg, tablets, 60 Tabs",Lamivudine/Zidovudine,Generic,150/300mg,Tablet - FDC,60,5,32.60,6.52,0.11,"Aurobindo Unit III, India",TRUE,1683,"$6,443.50 ",0.03
"84,451",107-RW-T30,FPQ-15632,SO-50730,DN-4141,Rwanda,PMO - US,From RDC,N/A - From RDC,Air,12/23/2014,N/A - From RDC,10-Mar-15,27-Mar-15,30-Mar-15,ARV,Pediatric,SCMS from RDC,"Lamivudine/Nevirapine/Zidovudine 30/50/60mg, dispersible tablets, 60 Tabs",Lamivudine/Nevirapine/Zidovudine,Generic,30/50/60mg,Chewable/dispersible tablet - FDC,60,"10,000",36000.00,3.6,0.06,Mylan (formerly Matrix) Nashik,TRUE,558,"$3,989.81 ",42.37
"84,454",110-ZM-T30,FPQ-14575,SO-49280,DN-4154,Zambia,PMO - US,From RDC,N/A - From RDC,Truck,07-11-14,N/A - From RDC,27-Feb-15,25-Mar-15,26-Mar-15,ARV,Adult,SCMS from RDC,"Lamivudine/Zidovudine 150/300mg, tablets, 60 Tabs",Lamivudine/Zidovudine,Generic,150/300mg,Tablet - FDC,60,"54,000",352080.00,6.52,0.11,"Hetero, Jadcherla, unit 5, IN",TRUE,28276,"$46,157.86 ",361.94
"83,614",113-ZW-T30,FPQ-8464,SO-40900,DN-2804,Zimbabwe,PMO - US,From RDC,N/A - From RDC,Truck,10-04-11,N/A - From RDC,11-Dec-12,04-Sep-12,04-Sep-12,ARV,Adult,SCMS from RDC,"Lamivudine/Stavudine 150/30mg, tablets, 60 Tabs",Lamivudine/Stavudine,Generic,150/30mg,Tablet - FDC,60,"7,150",21092.50,2.95,0.05,"Strides, Bangalore, India.",FALSE,See DN-2804 (ID#:82499),null,34.8
"85,292",113-ZW-T30,FPQ-8464,SO-40900,DN-2804,Zimbabwe,PMO - US,From RDC,N/A - From RDC,Truck,10-04-11,N/A - From RDC,11-Dec-12,04-Sep-12,04-Sep-12,ARV,Adult,SCMS from RDC,"Efavirenz 600mg, tablets, 30 Tabs",Efavirenz,Generic,600mg,Tablet,30,"17,422",66377.82,3.81,0.13,"Emcure Plot No.P-2, I.T-B.T. Park, Phase II, MIDC, Hinjwadi, Pune, India",FALSE,See DN-2804 (ID#:82499),null,109.52
"84,460",102-BI-T30,FPQ-15406,SO-50280,DN-4178,Burundi,PMO - US,From RDC,N/A - From RDC,Air,11/19/2014,N/A - From RDC,29-May-15,25-Mar-15,30-Mar-15,ARV,Adult,SCMS from RDC,"Efavirenz/Lamivudine/Tenofovir Disoproxil Fumarate 600/300/300mg, tablets, 30 Tabs",Efavirenz/Lamivudine/Tenofovir Disoproxil Fumarate,Generic,600/300/300mg,Tablet - FDC,30,"7,380",73726.20,9.99,0.33,Mylan (formerly Matrix) Nashik,TRUE,1115,"$7,006.47 ",86.78
"84,461",151-NG-T30,FPQ-14766,SO-51090,DN-4190,Nigeria,PMO - US,From RDC,N/A - From RDC,Air Charter,8/13/2014,N/A - From RDC,30-Apr-15,18-Mar-15,20-Mar-15,ARV,Adult,SCMS from RDC,"Efavirenz/Lamivudine/Tenofovir Disoproxil Fumarate 600/300/300mg, tablets, 30 Tabs",Efavirenz/Lamivudine/Tenofovir Disoproxil Fumarate,Generic,600/300/300mg,Tablet - FDC,30,"84,991",815913.60,9.6,0.32,"Aurobindo Unit VII, IN",TRUE,38799,"$65,310.33 ",838.76
"85,890",113-ZW-T30,FPQ-8464,SO-40900,DN-2804,Zimbabwe,PMO - US,From RDC,N/A - From RDC,Truck,10-04-11,N/A - From RDC,11-Dec-12,04-Sep-12,04-Sep-12,ARV,Adult,SCMS from RDC,"Lamivudine/Tenofovir Disoproxil Fumarate 300/300mg, tablets, 30 Tabs",Lamivudine/Tenofovir Disoproxil Fumarate,Generic,300/300mg,Tablet - FDC,30,"33,201",177957.36,5.36,0.18,Hetero Unit III Hyderabad IN,FALSE,See DN-2804 (ID#:82499),null,293.63
"84,466",111-MZ-T30,FPQ-15229,SO-50490,DN-4247,Mozambique,PMO - US,From RDC,N/A - From RDC,Truck,10/17/2014,N/A - From RDC,30-Jun-15,09-Jun-15,15-Jun-15,ARV,Adult,SCMS from RDC,"Abacavir/Lamivudine 600/300mg, tablets, 30 Tabs",Abacavir/Lamivudine,Generic,600/300mg,Tablet - FDC,30,"5,000",67450.00,13.49,0.45,Mylan (formerly Matrix) Nashik,TRUE,517,$708.23 ,79.39
"84,743",104-CI-T30,FPQ-9261,SO-41490,DN-2809,Côte d'Ivoire,PMO - US,From RDC,N/A - From RDC,Truck,1/30/2012,N/A - From RDC,17-Sep-12,27-Aug-12,27-Aug-12,ARV,Adult,SCMS from RDC,"Lopinavir/Ritonavir 200/50mg, tablets, 120 Tabs",Lopinavir/Ritonavir,Generic,200/50mg,Tablet,120,"13,033",381997.23,29.31,0.24,"Aurobindo Unit III, India",FALSE,See DN-2809 (ID#:83616),null,535.56
"84,468",110-ZM-T30,FPQ-14784,SO-49622,DN-4257,Zambia,PMO - US,From RDC,N/A - From RDC,Truck,08-12-14,N/A - From RDC,29-May-15,15-May-15,15-May-15,ARV,Adult,SCMS from RDC,"Efavirenz/Lamivudine/Tenofovir Disoproxil Fumarate 600/300/300mg, tablets, 30 Tabs",Efavirenz/Lamivudine/Tenofovir Disoproxil Fumarate,Generic,600/300/300mg,Tablet - FDC,30,"43,000",412800.00,9.6,0.32,Hetero Unit III Hyderabad IN,TRUE,68951,"$80,039.10 ",424.36
"84,469",151-NG-T30,FPQ-14989,SO-49936,DN-4261,Nigeria,PMO - US,From RDC,N/A - From RDC,Air Charter,9/19/2014,N/A - From RDC,30-Jun-15,29-Apr-15,29-Apr-15,ARV,Adult,SCMS from RDC,"Efavirenz/Lamivudine/Tenofovir Disoproxil Fumarate 600/300/300mg, tablets, 30 Tabs",Efavirenz/Lamivudine/Tenofovir Disoproxil Fumarate,Generic,600/300/300mg,Tablet - FDC,30,"290,000",2784000.00,9.6,0.32,Hetero Unit III Hyderabad IN,TRUE,37449,"$69,097.98 ","2,861.95"
"84,470",111-MZ-T30,FPQ-15195,SO-50123,DN-4264,Mozambique,PMO - US,From RDC,N/A - From RDC,Truck,10/17/2014,N/A - From RDC,30-Jun-15,22-Jun-15,25-Jun-15,ARV,Adult,SCMS from RDC,"Lamivudine/Tenofovir Disoproxil Fumarate 300/300mg, tablets, 30 Tabs",Lamivudine/Tenofovir Disoproxil Fumarate,Generic,300/300mg,Tablet - FDC,30,"5,763",26625.06,4.62,0.15,Hetero Unit III Hyderabad IN,TRUE,599,"$3,610 ",31.34
"84,471",151-NG-T30,FPQ-14989,SO-49939,DN-4269,Nigeria,PMO - US,From RDC,N/A - From RDC,Air Charter,9/19/2014,N/A - From RDC,30-Jun-15,28-Apr-15,29-Apr-15,ARV,Adult,SCMS from RDC,"Lopinavir/Ritonavir 200/50mg [Aluvia], tablets, 120 Tabs",Lopinavir/Ritonavir,Aluvia,200/50mg,Tablet,120,"19,100",360990.00,18.9,0.16,ABBVIE Ludwigshafen Germany,TRUE,4710,"$8,228.24 ",371.1
"84,472",151-NG-T30,FPQ-14989,SO-51422,DN-4274,Nigeria,PMO - US,From RDC,N/A - From RDC,Air Charter,9/19/2014,N/A - From RDC,30-Jun-15,15-May-15,22-May-15,ARV,Pediatric,SCMS from RDC,"Lamivudine/Nevirapine/Zidovudine 30/50/60mg, dispersible tablets, 60 Tabs",Lamivudine/Nevirapine/Zidovudine,Generic,30/50/60mg,Chewable/dispersible tablet - FDC,60,"112,000",403200.00,3.6,0.06,"Strides, Bangalore, India.",TRUE,6295,"$16,941 ",414.49
"85,294",105-GY-T30,FPQ-10252,SO-42780,DN-2811,Guyana,PMO - US,From RDC,N/A - From RDC,Air,07-05-12,N/A - From RDC,02-Oct-12,29-Aug-12,29-Aug-12,ARV,Pediatric,SCMS from RDC,"Zidovudine 10mg/ml, oral solution w/syringe, Bottle, 240 ml",Zidovudine,Generic,10mg/ml,Oral solution,240,366,768.60,2.1,0.01,"Aurobindo Unit III, India",FALSE,See DN-2811 (ID#:83067),null,1.08
"84,474",151-NG-T30,FPQ-14989,SO-51426,DN-4280,Nigeria,PMO - US,From RDC,N/A - From RDC,Air Charter,9/19/2014,N/A - From RDC,30-Jun-15,15-May-15,22-May-15,ARV,Adult,SCMS from RDC,"Lamivudine/Nevirapine/Zidovudine 150/200/300mg, tablets, 60 Tabs",Lamivudine/Nevirapine/Zidovudine,Generic,150/300/200mg,Tablet - FDC,60,"14,000",108080.00,7.72,0.13,"Cipla, Goa, India",TRUE,1983,"$4,065 ",111.11
"85,295",105-GY-T30,FPQ-10252,SO-42780,DN-2811,Guyana,PMO - US,From RDC,N/A - From RDC,Air,07-05-12,N/A - From RDC,02-Oct-12,29-Aug-12,29-Aug-12,ARV,Adult,SCMS from RDC,"Zidovudine 300mg, tablets, 60 Tabs",Zidovudine,Generic,300mg,Tablet,60,"1,652",11167.52,6.76,0.11,"Aurobindo Unit III, India",FALSE,See DN-2811 (ID#:83067),null,15.66
"85,296",105-GY-T30,FPQ-10252,SO-42780,DN-2811,Guyana,PMO - US,From RDC,N/A - From RDC,Air,07-05-12,N/A - From RDC,02-Oct-12,29-Aug-12,29-Aug-12,ARV,Pediatric,SCMS from RDC,"Nevirapine 10mg/ml, oral suspension w/syringe, Bottle, 240 ml",Nevirapine,Generic,10mg/ml,Oral suspension,240,288,561.60,1.95,0.01,"Aurobindo Unit III, India",FALSE,See DN-2811 (ID#:83067),null,0.79
"86,507",105-GY-T30,FPQ-10252,SO-42780,DN-2811,Guyana,PMO - US,From RDC,N/A - From RDC,Air,07-05-12,N/A - From RDC,02-Oct-12,29-Aug-12,29-Aug-12,ARV,Pediatric,SCMS from RDC,"Abacavir 20mg/ml, oral solution w/syringe, Bottle, 240 ml",Abacavir,Generic,20mg/ml,Oral solution,240,129,1612.50,12.5,0.05,"Aurobindo Unit III, India",FALSE,See DN-2811 (ID#:83067),null,2.26
"83,617",102-CD-T30,FPQ-9906,SO-42340,DN-2812,"Congo, DRC",PMO - US,From RDC,N/A - From RDC,Air,5/15/2012,N/A - From RDC,14-Feb-13,14-Feb-13,14-Feb-13,ARV,Adult,SCMS from RDC,"Zidovudine 300mg, tablets, 60 Tabs",Zidovudine,Generic,300mg,Tablet,60,"6,369",43054.44,6.76,0.11,"Aurobindo Unit III, India",FALSE,See DN-2812 (ID#:83068),null,60.36
"83,618",102-CD-T30,FPQ-9906,SO-42340,DN-2812,"Congo, DRC",PMO - US,From RDC,N/A - From RDC,Air,5/15/2012,N/A - From RDC,14-Feb-13,14-Feb-13,14-Feb-13,ARV,Adult,SCMS from RDC,"Lamivudine/Tenofovir Disoproxil Fumarate 300/300mg, tablets, 30 Tabs",Lamivudine/Tenofovir Disoproxil Fumarate,Generic,300/300mg,Tablet - FDC,30,369,1977.84,5.36,0.18,Mylan (formerly Matrix) Nashik,FALSE,See DN-2812 (ID#:83068),null,2.77
"83,619",102-CD-T30,FPQ-9906,SO-42340,DN-2812,"Congo, DRC",PMO - US,From RDC,N/A - From RDC,Air,5/15/2012,N/A - From RDC,14-Feb-13,14-Feb-13,14-Feb-13,ARV,Pediatric,SCMS from RDC,"Nevirapine 10mg/ml, oral suspension w/syringe, Bottle, 240 ml",Nevirapine,Generic,10mg/ml,Oral suspension,240,"6,172",12035.40,1.95,0.01,"Aurobindo Unit III, India",FALSE,See DN-2812 (ID#:83068),null,16.87
"84,744",102-CD-T30,FPQ-9906,SO-42340,DN-2812,"Congo, DRC",PMO - US,From RDC,N/A - From RDC,Air,5/15/2012,N/A - From RDC,14-Feb-13,14-Feb-13,14-Feb-13,ARV,Adult,SCMS from RDC,"Nevirapine 200mg, tablets, 60 Tabs",Nevirapine,Generic,200mg,Tablet,60,739,1803.16,2.44,0.04,Hetero Unit III Hyderabad IN,FALSE,See DN-2812 (ID#:83068),null,2.53
"85,297",102-CD-T30,FPQ-9906,SO-42340,DN-2812,"Congo, DRC",PMO - US,From RDC,N/A - From RDC,Air,5/15/2012,N/A - From RDC,14-Feb-13,14-Feb-13,14-Feb-13,ARV,Adult,SCMS from RDC,"Abacavir 300mg, tablets, 60 Tabs",Abacavir,Generic,300mg,Tablet,60,298,3862.08,12.96,0.22,Mylan (formerly Matrix) Nashik,FALSE,See DN-2812 (ID#:83068),null,5.41
"84,620",110-ZM-T30,FPQ-6221,SO-37330,DN-2116,Zambia,PMO - US,From RDC,N/A - From RDC,Truck,8/20/2010,N/A - From RDC,11-Feb-11,15-Feb-11,15-Feb-11,ARV,Adult,SCMS from RDC,"Nevirapine 200mg, tablets, 60 Tabs",Nevirapine,Generic,200mg,Tablet,60,"140,000",351400.00,2.51,0.04,Hetero Unit III Hyderabad IN,TRUE,8783,"$8,045.77 ",757.62
"85,298",102-CD-T30,FPQ-9906,SO-42340,DN-2812,"Congo, DRC",PMO - US,From RDC,N/A - From RDC,Air,5/15/2012,N/A - From RDC,14-Feb-13,14-Feb-13,14-Feb-13,ARV,Adult,SCMS from RDC,"Efavirenz 600mg, tablets, 30 Tabs",Efavirenz,Generic,600mg,Tablet,30,525,2000.25,3.81,0.13,Hetero Unit III Hyderabad IN,FALSE,See DN-2812 (ID#:83068),null,2.8
"85,892",102-CD-T30,FPQ-9906,SO-42340,DN-2812,"Congo, DRC",PMO - US,From RDC,N/A - From RDC,Air,5/15/2012,N/A - From RDC,14-Feb-13,14-Feb-13,14-Feb-13,ARV,Adult,SCMS from RDC,"Lopinavir/Ritonavir 200/50mg, tablets, 120 Tabs",Lopinavir/Ritonavir,Generic,200/50mg,Tablet,120,306,8968.86,29.31,0.24,Mylan (formerly Matrix) Nashik,FALSE,See DN-2812 (ID#:83068),null,12.57
"86,508",102-CD-T30,FPQ-9906,SO-42340,DN-2812,"Congo, DRC",PMO - US,From RDC,N/A - From RDC,Air,5/15/2012,N/A - From RDC,14-Feb-13,14-Feb-13,14-Feb-13,ARV,Adult,SCMS from RDC,"Lamivudine 150mg, tablets, 60 Tabs",Lamivudine,Generic,150mg,Tablet,60,458,1016.76,2.22,0.04,Hetero Unit III Hyderabad IN,FALSE,See DN-2812 (ID#:83068),null,1.43
"84,502",104-CI-T30,FPQ-4187,SO-33660,DN-1477,Côte d'Ivoire,PMO - US,From RDC,N/A - From RDC,Air,09-09-09,N/A - From RDC,23-Oct-09,16-Oct-09,16-Oct-09,ARV,Adult,SCMS from RDC,"Nevirapine 200mg, tablets, 60 Tabs",Nevirapine,Generic,200mg,Tablet,60,"7,400",21460.00,2.9,0.05,"Aurobindo Unit III, India",TRUE,714,"$2,336.26 ",42.06
"86,509",102-CD-T30,FPQ-9906,SO-42340,DN-2812,"Congo, DRC",PMO - US,From RDC,N/A - From RDC,Air,5/15/2012,N/A - From RDC,14-Feb-13,14-Feb-13,14-Feb-13,ARV,Adult,SCMS from RDC,"Lamivudine/Nevirapine/Zidovudine 150/200/300mg, tablets, 60 Tabs",Lamivudine/Nevirapine/Zidovudine,Generic,150/300/200mg,Tablet - FDC,60,"4,027",39504.87,9.81,0.16,Hetero Unit III Hyderabad IN,FALSE,See DN-2812 (ID#:83068),null,55.39
"84,504",105-GY-T30,FPQ-4438,SO-34480,DN-1505,Guyana,PMO - US,From RDC,N/A - From RDC,Air,10/15/2009,N/A - From RDC,23-Nov-09,03-Nov-09,03-Nov-09,ARV,Adult,SCMS from RDC,"Efavirenz 600mg, tablets, 30 Tabs",Efavirenz,Generic,600mg,Tablet,30,"4,737",27379.86,5.78,0.19,"Aurobindo Unit III, India",TRUE,427,"$6,061.01 ",59.03
"85,891",104-CI-T30,FPQ-9749,SO-42381,DN-2813,Côte d'Ivoire,PMO - US,From RDC,N/A - From RDC,Truck,4/19/2012,N/A - From RDC,29-Oct-12,27-Aug-12,27-Aug-12,ARV,Adult,SCMS from RDC,"Efavirenz/Lamivudine/Tenofovir Disoproxil Fumarate 600/300/300mg, tablets, 30 Tabs",Efavirenz/Lamivudine/Tenofovir Disoproxil Fumarate,Generic,600/300/300mg,Tablet - FDC,30,"38,160",506383.20,13.27,0.44,Mylan (formerly Matrix) Nashik,FALSE,See DN-2813 (ID#:82501),null,709.95
"84,506",104-CI-T30,FPQ-3964,SO-33040,DN-1510,Côte d'Ivoire,PMO - US,From RDC,N/A - From RDC,Air,7/24/2009,N/A - From RDC,01-Dec-09,05-Nov-09,05-Nov-09,ARV,Adult,SCMS from RDC,"Lamivudine/Nevirapine/Stavudine 150/200/30mg, tablets, 60 Tabs",Lamivudine/Nevirapine/Stavudine,Generic,150/200/30mg,Tablet - FDC,60,"19,937",139559.00,7,0.12,"Strides, Bangalore, India.",TRUE,5340,"$5,028.04 ",273.54
"85,893",104-CI-T30,FPQ-9063,SO-41360,DN-2816,Côte d'Ivoire,PMO - US,From RDC,N/A - From RDC,Truck,12/21/2011,N/A - From RDC,02-Oct-12,27-Aug-12,27-Aug-12,ARV,Adult,SCMS from RDC,"Lamivudine/Zidovudine 150/300mg, tablets, 60 Tabs",Lamivudine/Zidovudine,Generic,150/300mg,Tablet - FDC,60,"58,380",450693.60,7.72,0.13,Mylan (formerly Matrix) Nashik,FALSE,See DN-2816 (ID#:84747),null,631.87
"84,508",114-UG-T30,FPQ-4275,SO-33980,DN-1517,Uganda,PMO - US,From RDC,N/A - From RDC,Air,9/17/2009,N/A - From RDC,27-Nov-09,02-Dec-09,02-Dec-09,ARV,Adult,SCMS from RDC,"Nevirapine 200mg, tablets, 60 Tabs",Nevirapine,Generic,200mg,Tablet,60,"10,453",30313.70,2.9,0.05,"Aurobindo Unit III, India",TRUE,1001,"$3,228.26 ",59.41
"86,510",151-NG-T30,FPQ-9432,SO-42936,DN-2818,Nigeria,PMO - US,From RDC,N/A - From RDC,Air,03-01-12,N/A - From RDC,31-Aug-12,13-Aug-12,13-Aug-12,ARV,Adult,SCMS from RDC,"Nevirapine 200mg, tablets, 60 Tabs",Nevirapine,Generic,200mg,Tablet,60,"86,761",209961.62,2.42,0.04,Hetero Unit III Hyderabad IN,FALSE,See DN-2818 (ID#:85894),null,294.37
"84,510",104-CI-T30,FPQ-4187,SO-33491,DN-1535,Côte d'Ivoire,PMO - US,From RDC,N/A - From RDC,Air,09-09-09,N/A - From RDC,04-Dec-09,02-Dec-09,02-Dec-09,ARV,Adult,SCMS from RDC,"Lamivudine 150mg, tablets, 60 Tabs",Lamivudine,Generic,150mg,Tablet,60,"1,833",4472.52,2.44,0.04,"Aurobindo Unit III, India",TRUE,88,"$1,211.48 ",8.77
"84,511",104-CI-T30,FPQ-4378,SO-34411,DN-1545,Côte d'Ivoire,PMO - US,From RDC,N/A - From RDC,Air,10/15/2009,N/A - From RDC,04-Dec-09,02-Dec-09,02-Dec-09,ARV,Pediatric,SCMS from RDC,"Zidovudine 100mg, capsules, 100 Caps",Zidovudine,Generic,100mg,Capsule,100,284,1420.00,5,0.05,"Aurobindo Unit III, India",TRUE,22,"$1,211.49 ",2.78
"84,512",114-UG-T30,FPQ-4454,SO-34280,DN-1540,Uganda,PMO - US,From RDC,N/A - From RDC,Air,9/25/2009,N/A - From RDC,07-Dec-09,02-Dec-09,02-Dec-09,ARV,Adult,SCMS from RDC,"Nevirapine 200mg, tablets, 60 Tabs",Nevirapine,Generic,200mg,Tablet,60,"1,300",3770.00,2.9,0.05,"Aurobindo Unit III, India",TRUE,125,"$2,697.65 ",7.39
"84,513",104-CI-T30,FPQ-3964,SO-34750,DN-1547,Côte d'Ivoire,PMO - US,From RDC,N/A - From RDC,Air,7/24/2009,N/A - From RDC,10-Dec-09,02-Dec-09,02-Dec-09,ARV,Adult,SCMS from RDC,"Efavirenz 600mg, tablets, 30 Tabs",Efavirenz,Generic,600mg,Tablet,30,"8,660",50054.80,5.78,0.19,"Aurobindo Unit III, India",TRUE,742,"$1,211.49 ",98.11
"84,514",113-ZW-T30,FPQ-4472,SO-27200,DN-1554,Zimbabwe,PMO - US,From RDC,N/A - From RDC,Truck,3/17/2009,N/A - From RDC,18-Dec-09,07-Dec-09,07-Dec-09,ARV,Adult,SCMS from RDC,"Lamivudine/Nevirapine/Stavudine 150/200/30mg, tablets, 60 Tabs",Lamivudine/Nevirapine/Stavudine,Generic,150/200/30mg,Tablet - FDC,60,"76,000",506160.00,6.66,0.11,"Cipla, Goa, India",TRUE,8280,"$15,328.58 ",992.07
"84,515",151-NG-T30,FPQ-4105,SO-33142,DN-1563,Nigeria,PMO - US,From RDC,N/A - From RDC,Air Charter,8/13/2009,N/A - From RDC,18-Dec-09,18-Dec-09,18-Dec-09,ARV,Adult,SCMS from RDC,"Lamivudine/Nevirapine/Zidovudine 150/200/300mg, tablets, 60 Tabs",Lamivudine/Nevirapine/Zidovudine,Generic,150/300/200mg,Tablet - FDC,60,"11,242",127596.70,11.35,0.19,"Aurobindo Unit III, India",TRUE,1261,"$11,637.64 ",250.09
"11,412",111-MZ-T01,Pre-PQ Process,SO-502,DN-282,Mozambique,PMO - US,From RDC,N/A - From RDC,Air,Pre-PQ Process,N/A - From RDC,10-Oct-07,10-Oct-07,10-Oct-07,ARV,Adult,SCMS from RDC,"Ritonavir 100mg [Norvir], capsules, cool, 4 x 84 Caps",Ritonavir,Norvir,100mg,Capsule,336,140,5370.40,38.36,0.11,ABBVIE (Abbott) Logis. UK,FALSE,See DN-282 (ID#:11144),null,8.59
"12,379",111-MZ-T01,Pre-PQ Process,SO-502,DN-282,Mozambique,PMO - US,From RDC,N/A - From RDC,Air,Pre-PQ Process,N/A - From RDC,10-Oct-07,10-Oct-07,10-Oct-07,ARV,Pediatric,SCMS from RDC,"Zidovudine 10mg/ml, oral solution, Bottle, 240 ml",Zidovudine,Generic,10mg/ml,Oral solution,240,"7,750",30612.50,3.95,0.02,"Aurobindo Unit III, India",FALSE,See DN-282 (ID#:11144),null,48.98
"84,518",151-NG-T30,FPQ-4105,SO-33143,DN-1564,Nigeria,PMO - US,From RDC,N/A - From RDC,Air Charter,8/13/2009,N/A - From RDC,18-Dec-09,18-Dec-09,18-Dec-09,ARV,Adult,SCMS from RDC,"Emtricitabine/Tenofovir Disoproxil Fumarate 200/300mg, tablets, 30 Tabs",Emtricitabine/Tenofovir Disoproxil Fumarate,Generic,200/300mg,Tablet - FDC,30,"63,732",748851.00,11.75,0.39,Mylan (formerly Matrix) Nashik,TRUE,5144,"$11,637.64 ","1,467.75"
"84,519",151-NG-T30,FPQ-4105,SO-33144,DN-1569,Nigeria,PMO - US,From RDC,N/A - From RDC,Air Charter,8/13/2009,N/A - From RDC,18-Dec-09,18-Dec-09,18-Dec-09,ARV,Adult,SCMS from RDC,"Lamivudine/Tenofovir Disoproxil Fumarate 300/300mg, tablets, 30 Tabs",Lamivudine/Tenofovir Disoproxil Fumarate,Generic,300/300mg,Tablet - FDC,30,"50,040",500400.00,10,0.33,Mylan (formerly Matrix) Nashik,TRUE,4161,"$11,637.64 ",980.78
"84,520",106-HT-T30,FPQ-4384,SO-34880,DN-1575,Haiti,PMO - US,From RDC,N/A - From RDC,Air,10/23/2009,N/A - From RDC,09-Dec-09,05-Dec-09,05-Dec-09,ARV,Adult,SCMS from RDC,"Abacavir 300mg, tablets, 60 Tabs",Abacavir,Generic,300mg,Tablet,60,315,6747.30,21.42,0.36,"Aurobindo Unit III, India",TRUE,1045,$750.90 ,14.55
"84,521",110-ZM-T30,FPQ-4481,SO-34180,DN-1578,Zambia,PMO - US,From RDC,N/A - From RDC,Truck,7/14/2009,N/A - From RDC,15-Jan-10,08-Dec-09,08-Dec-09,ARV,Adult,SCMS from RDC,"Lamivudine/Zidovudine 150/300mg, tablets, 60 Tabs",Lamivudine/Zidovudine,Generic,150/300mg,Tablet - FDC,60,"36,760",322017.60,8.76,0.15,"Aurobindo Unit III, India",TRUE,3294,"$9,942.26 ",631.15
"84,522",110-ZM-T30,FPQ-4035,SO-34930,DN-1583,Zambia,PMO - US,From RDC,N/A - From RDC,Truck,08-05-09,N/A - From RDC,15-Jan-10,14-Dec-09,14-Dec-09,ARV,Adult,SCMS from RDC,"Nevirapine 200mg, tablets, 60 Tabs",Nevirapine,Generic,200mg,Tablet,60,"80,000",232000.00,2.9,0.05,"Cipla, Goa, India",TRUE,8756,"$13,844.72 ",454.72
"12,673",111-MZ-T01,Pre-PQ Process,SO-502,DN-282,Mozambique,PMO - US,From RDC,N/A - From RDC,Air,Pre-PQ Process,N/A - From RDC,10-Oct-07,10-Oct-07,10-Oct-07,ARV,Pediatric,SCMS from RDC,"Abacavir 20mg/ml, oral solution, Bottle, 240 ml",Abacavir,Generic,20mg/ml,Oral solution,240,"1,020",21930.00,21.5,0.09,"Aurobindo Unit III, India",FALSE,See DN-282 (ID#:11144),null,35.09
"84,524",105-GY-T30,FPQ-4915,SO-35700,DN-1637,Guyana,PMO - US,From RDC,N/A - From RDC,Air,1/14/2010,N/A - From RDC,26-Feb-10,09-Feb-10,09-Feb-10,ARV,Adult,SCMS from RDC,"Nevirapine 200mg, tablets, 60 Tabs",Nevirapine,Generic,200mg,Tablet,60,"2,475",6756.75,2.73,0.05,"Aurobindo Unit III, India",TRUE,347,"$4,293.82 ",14.57
"84,748",900-TZ-T30,FPQ-10391,SO-43010,DN-2820,Tanzania,PMO - US,From RDC,N/A - From RDC,Air,7/26/2012,N/A - From RDC,26-Oct-12,26-Oct-12,26-Oct-12,ARV,Adult,SCMS from RDC,"Lamivudine/Zidovudine 150/300mg, tablets, 60 Tabs",Lamivudine/Zidovudine,Generic,150/300mg,Tablet - FDC,60,"147,230",1136615.60,7.72,0.13,Hetero Unit III Hyderabad IN,FALSE,See DN-2820 (ID#:82503),null,"1,593.54"
"84,526",114-UG-T30,FPQ-4275,SO-35610,DN-1638,Uganda,PMO - US,From RDC,N/A - From RDC,Truck,9/17/2009,N/A - From RDC,25-Feb-10,18-Feb-10,18-Feb-10,ARV,Adult,SCMS from RDC,"Lamivudine/Nevirapine/Zidovudine 150/200/300mg, tablets, 60 Tabs",Lamivudine/Nevirapine/Zidovudine,Generic,150/300/200mg,Tablet - FDC,60,29,325.38,11.22,0.19,"Aurobindo Unit III, India",TRUE,5134,"$9,348 ",0.64
"84,527",104-CI-T30,FPQ-4393,SO-34490,DN-1653,Côte d'Ivoire,PMO - US,From RDC,N/A - From RDC,Air,10/15/2009,N/A - From RDC,09-Mar-10,02-Mar-10,02-Mar-10,ARV,Adult,SCMS from RDC,"Emtricitabine/Tenofovir Disoproxil Fumarate 200/300mg [Truvada], tablets, 30 Tabs",Emtricitabine/Tenofovir Disoproxil Fumarate,Truvada,300/200mg,Tablet - FDC,30,"3,120",81900.00,26.25,0.88,"Aspen-OSD, Port Elizabeth, SA",TRUE,275,"$1,949.42 ",176.58
"84,186",151-NG-T30,FPQ-9432,SO-42937,DN-2821,Nigeria,PMO - US,From RDC,N/A - From RDC,Air,03-01-12,N/A - From RDC,31-Aug-12,14-Aug-12,14-Aug-12,ARV,Adult,SCMS from RDC,"Lamivudine/Tenofovir Disoproxil Fumarate 300/300mg, tablets, 30 Tabs",Lamivudine/Tenofovir Disoproxil Fumarate,Generic,300/300mg,Tablet - FDC,30,"24,799",132922.64,5.36,0.18,"Cipla, Kurkumbh, India",FALSE,See DN-2821 (ID#:83069),null,186.36
"84,529",106-HT-T30,FPQ-4384,SO-35430,DN-1665,Haiti,PMO - US,From RDC,N/A - From RDC,Air,10/23/2009,N/A - From RDC,24-Mar-10,03-Mar-10,03-Mar-10,ARV,Pediatric,SCMS from RDC,"Nevirapine 10mg/ml, oral suspension, Bottle, 240 ml",Nevirapine,Generic,10mg/ml,Oral suspension,240,"1,069",2052.48,1.92,0.01,"Aurobindo Unit III, India",TRUE,396,"$6,036.96 ",4.43
"86,511",900-UG-T30,FPQ-10048,SO-42610,DN-2829,Uganda,PMO - US,From RDC,N/A - From RDC,Air,06-06-12,N/A - From RDC,29-Oct-12,29-Oct-12,29-Oct-12,ARV,Adult,SCMS from RDC,"Lamivudine/Tenofovir Disoproxil Fumarate 300/300mg, tablets, 30 Tabs",Lamivudine/Tenofovir Disoproxil Fumarate,Generic,300/300mg,Tablet - FDC,30,"24,799",137386.46,5.54,0.18,Mylan (formerly Matrix) Nashik,FALSE,See DN-2829 (ID#:82504),null,192.62
"85,897",114-UG-T30,FPQ-9875,SO-42052,DN-2830,Uganda,PMO - US,From RDC,N/A - From RDC,Air,05-09-12,N/A - From RDC,18-Oct-12,18-Oct-12,18-Oct-12,ARV,Adult,SCMS from RDC,"Nevirapine 200mg, tablets, 60 Tabs",Nevirapine,Generic,200mg,Tablet,60,"30,348",74049.12,2.44,0.04,Hetero Unit III Hyderabad IN,FALSE,See DN-2830 (ID#:84751),null,103.82
"83,071",110-ZM-T30,FPQ-8476,SO-40956,DN-2832,Zambia,PMO - US,From RDC,N/A - From RDC,Truck,9/27/2011,N/A - From RDC,17-Sep-12,07-Sep-12,07-Sep-12,ARV,Adult,SCMS from RDC,"Zidovudine 300mg, tablets, 60 Tabs",Zidovudine,Generic,300mg,Tablet,60,"27,633",186799.08,6.76,0.11,Hetero Unit III Hyderabad IN,FALSE,See DN-2832 (ID#:82505),null,308.22
"83,073",110-ZM-T30,FPQ-9773,SO-41991,DN-2833,Zambia,PMO - US,From RDC,N/A - From RDC,Truck,4/27/2012,N/A - From RDC,25-Sep-12,07-Sep-12,07-Sep-12,ARV,Adult,SCMS from RDC,"Efavirenz 600mg, tablets, 30 Tabs",Efavirenz,Generic,600mg,Tablet,30,"182,876",715045.16,3.91,0.13,"Strides, Bangalore, India.",FALSE,See DN-2833 (ID#:82506),null,"1,002.49"
"85,300",110-ZM-T30,FPQ-9773,SO-41991,DN-2833,Zambia,PMO - US,From RDC,N/A - From RDC,Truck,4/27/2012,N/A - From RDC,25-Sep-12,07-Sep-12,07-Sep-12,ARV,Adult,SCMS from RDC,"Efavirenz 600mg, tablets, 30 Tabs",Efavirenz,Generic,600mg,Tablet,30,"17,124",66954.84,3.91,0.13,"Emcure Plot No.P-2, I.T-B.T. Park, Phase II, MIDC, Hinjwadi, Pune, India",FALSE,See DN-2833 (ID#:82506),null,93.87
"85,898",110-ZM-T30,FPQ-9773,SO-41991,DN-2833,Zambia,PMO - US,From RDC,N/A - From RDC,Truck,4/27/2012,N/A - From RDC,25-Sep-12,07-Sep-12,07-Sep-12,ARV,Adult,SCMS from RDC,"Nevirapine 200mg, tablets, 60 Tabs",Nevirapine,Generic,200mg,Tablet,60,"41,926",102299.44,2.44,0.04,Hetero Unit III Hyderabad IN,FALSE,See DN-2833 (ID#:82506),null,143.42
"84,536",106-HT-T30,FPQ-4469,SO-35480,DN-1672,Haiti,PMO - US,From RDC,N/A - From RDC,Air,9/23/2009,N/A - From RDC,16-Mar-10,15-Mar-10,15-Mar-10,ARV,Pediatric,SCMS from RDC,"Lamivudine 10mg/ml, oral solution, Bottle, 240 ml",Lamivudine,Generic,10mg/ml,Oral solution,240,"1,628",3093.20,1.9,0.01,"Cipla, Goa, India",TRUE,622,"$13,122.39 ",6.67
"83,074",104-CI-T30,FPQ-9749,SO-42382,DN-2837,Côte d'Ivoire,PMO - US,From RDC,N/A - From RDC,Truck,4/19/2012,N/A - From RDC,13-Nov-12,05-Sep-12,05-Sep-12,ARV,Adult,SCMS from RDC,"Lamivudine/Nevirapine/Zidovudine 150/200/300mg, tablets, 60 Tabs",Lamivudine/Nevirapine/Zidovudine,Generic,150/300/200mg,Tablet - FDC,60,"75,024",735985.44,9.81,0.16,Hetero Unit III Hyderabad IN,FALSE,See DN-2837 (ID#:82507),null,"1,031.85"
"85,301",104-CI-T30,FPQ-9749,SO-42382,DN-2837,Côte d'Ivoire,PMO - US,From RDC,N/A - From RDC,Truck,4/19/2012,N/A - From RDC,13-Nov-12,05-Sep-12,05-Sep-12,ARV,Pediatric,SCMS from RDC,"Efavirenz 200mg, capsule, 90 Caps",Efavirenz,Generic,200mg,Capsule,90,"3,400",28084.00,8.26,0.09,"Aurobindo Unit III, India",FALSE,See DN-2837 (ID#:82507),null,39.37
"84,189",900-UG-T30,FPQ-10084,SO-42630,DN-2838,Uganda,PMO - US,From RDC,N/A - From RDC,Truck,06-07-12,N/A - From RDC,28-Sep-12,06-Oct-12,06-Oct-12,ARV,Adult,SCMS from RDC,"Lopinavir/Ritonavir 200/50mg, tablets, 120 Tabs",Lopinavir/Ritonavir,Generic,200/50mg,Tablet,120,"5,000",148400.00,29.68,0.25,Mylan (formerly Matrix) Nashik,FALSE,See DN-2838 (ID#:84188),null,208.06
"84,540",151-NG-T30,FPQ-4537,SO-35063,DN-1724,Nigeria,PMO - US,From RDC,N/A - From RDC,Air Charter,11-06-09,N/A - From RDC,19-Apr-10,18-May-10,18-May-10,ARV,Adult,SCMS from RDC,"Lamivudine/Nevirapine/Zidovudine 150/200/300mg, tablets, 60 Tabs",Lamivudine/Nevirapine/Zidovudine,Generic,150/300/200mg,Tablet - FDC,60,"20,000",224400.00,11.22,0.19,"Aurobindo Unit III, India",TRUE,2347,"$9,736.10 ",483.81
"85,899",107-RW-T30,FPQ-10015,SO-42480,DN-2848,Rwanda,PMO - US,From RDC,N/A - From RDC,Air,06-04-12,N/A - From RDC,28-Sep-12,13-Sep-12,13-Sep-12,ARV,Adult,SCMS from RDC,"Nevirapine 200mg, tablets, 60 Tabs",Nevirapine,Generic,200mg,Tablet,60,"10,078",24590.32,2.44,0.04,"Strides, Bangalore, India.",FALSE,See DN-2848 (ID#:83078),null,34.48
"84,543",114-UG-T30,FPQ-4495,SO-34950,DN-1750,Uganda,PMO - US,From RDC,N/A - From RDC,Truck,10/28/2009,N/A - From RDC,30-Apr-10,25-Mar-10,25-Mar-10,ARV,Adult,SCMS from RDC,"Efavirenz 600mg, tablets, 30 Tabs",Efavirenz,Generic,600mg,Tablet,30,"4,200",21546.00,5.13,0.17,Mylan (formerly Matrix) Nashik,TRUE,238,"$2,021.53 ",46.45
"84,544",114-UG-T30,FPQ-4495,SO-34970,DN-1755,Uganda,PMO - US,From RDC,N/A - From RDC,Truck,10/28/2009,N/A - From RDC,01-Apr-10,25-Mar-10,25-Mar-10,ARV,Adult,SCMS from RDC,"Lamivudine/Nevirapine/Zidovudine 150/200/300mg, tablets, 60 Tabs",Lamivudine/Nevirapine/Zidovudine,Generic,150/300/200mg,Tablet - FDC,60,"20,000",224400.00,11.22,0.19,"Aurobindo Unit III, India",TRUE,2356,"$16,682.66 ",483.81
"84,545",114-UG-T30,FPQ-5014,SO-35890,DN-1757,Uganda,PMO - US,From RDC,N/A - From RDC,Truck,1/29/2010,N/A - From RDC,07-Apr-10,25-Mar-10,25-Mar-10,ARV,Adult,SCMS from RDC,"Efavirenz 600mg, tablets, 30 Tabs",Efavirenz,Generic,600mg,Tablet,30,"4,500",24075.00,5.35,0.18,Mylan (formerly Matrix) Nashik,TRUE,350,"$1,854 ",51.91
"84,546",114-UG-T30,FPQ-4497,SO-34860,DN-1758,Uganda,PMO - US,From RDC,N/A - From RDC,Truck,10/28/2009,N/A - From RDC,28-Apr-10,25-Mar-10,25-Mar-10,ARV,Adult,SCMS from RDC,"Lamivudine/Nevirapine/Zidovudine 150/200/300mg, tablets, 60 Tabs",Lamivudine/Nevirapine/Zidovudine,Generic,150/300/200mg,Tablet - FDC,60,"3,000",33660.00,11.22,0.19,"Aurobindo Unit III, India",TRUE,359,"$3,302.05 ",72.57
"84,754",104-CI-T30,FPQ-9063,SO-41361,DN-2851,Côte d'Ivoire,PMO - US,From RDC,N/A - From RDC,Truck,12/21/2011,N/A - From RDC,28-Sep-12,10-Sep-12,10-Sep-12,ARV,Adult,SCMS from RDC,"Efavirenz 600mg, tablets, 30 Tabs",Efavirenz,Generic,600mg,Tablet,30,"5,308",20223.48,3.81,0.13,"Strides, Bangalore, India.",FALSE,See DN-2851 (ID#:84753),null,28.35
"84,755",107-RW-T30,FPQ-9888,SO-42140,DN-2853,Rwanda,PMO - US,From RDC,N/A - From RDC,Air,05-11-12,N/A - From RDC,26-Oct-12,26-Oct-12,26-Oct-12,ARV,Adult,SCMS from RDC,"Lopinavir/Ritonavir 200/50mg, tablets, 120 Tabs",Lopinavir/Ritonavir,Generic,200/50mg,Tablet,120,965,28641.20,29.68,0.25,Mylan (formerly Matrix) Nashik,FALSE,See DN-2853 (ID#:83080),null,40.15
"85,305",900-SS-T30,FPQ-10514,SO-43050,DN-2857,South Sudan,PMO - US,From RDC,N/A - From RDC,Air,8/17/2012,N/A - From RDC,18-Oct-12,03-Oct-12,03-Oct-12,ARV,Adult,SCMS from RDC,"Nevirapine 200mg, tablets, 60 Tabs",Nevirapine,Generic,200mg,Tablet,60,300,726.00,2.42,0.04,Hetero Unit III Hyderabad IN,FALSE,See DN-2857 (ID#:83623),null,1.02
"84,550",110-ZM-T30,FPQ-4273,SO-33720,DN-1775,Zambia,PMO - US,From RDC,N/A - From RDC,Truck,9/17/2009,N/A - From RDC,30-Apr-10,16-Apr-10,16-Apr-10,ARV,Adult,SCMS from RDC,"Abacavir 300mg, tablets, 60 Tabs",Abacavir,Generic,300mg,Tablet,60,"2,600",54574.00,20.99,0.35,Mylan (formerly Matrix) Nashik,TRUE,8819,"$8,022.59 ",106.97
"84,551",151-NG-T30,FPQ-4537,SO-35112,DN-1787,Nigeria,PMO - US,From RDC,N/A - From RDC,Air Charter,11-06-09,N/A - From RDC,31-May-10,18-May-10,18-May-10,ARV,Adult,SCMS from RDC,"Lamivudine/Zidovudine+Efavirenz 150/300mg+600mg, tablets, co-blister 60+30 Tabs",Lamivudine/Zidovudine+Efavirenz,Generic,150/300mg+600mg,Tablet - FDC + co-blister,90,309,8497.50,27.5,0.31,"Aurobindo Unit III, India",TRUE,51,"$9,736.10 ",18.32
"84,552",151-NG-T30,FPQ-4537,SO-36111,DN-1789,Nigeria,PMO - US,From RDC,N/A - From RDC,Air Charter,11-06-09,N/A - From RDC,31-May-10,18-May-10,18-May-10,ARV,Adult,SCMS from RDC,"Efavirenz 600mg, tablets, 30 Tabs",Efavirenz,Generic,600mg,Tablet,30,"7,118",33810.50,4.75,0.16,"Aurobindo Unit III, India",TRUE,628,"$9,736.10 ",72.9
"84,553",151-NG-T30,FPQ-4537,SO-36112,DN-1790,Nigeria,PMO - US,From RDC,N/A - From RDC,Air Charter,11-06-09,N/A - From RDC,31-May-10,18-May-10,18-May-10,ARV,Adult,SCMS from RDC,"Zidovudine 300mg, tablets, 60 Tabs",Zidovudine,Generic,300mg,Tablet,60,"10,076",75872.28,7.53,0.13,"Aurobindo Unit III, India",TRUE,553,"$9,736.10 ",163.58
"84,554",151-NG-T30,FPQ-4537,SO-36007,DN-1793,Nigeria,PMO - US,From RDC,N/A - From RDC,Air Charter,11-06-09,N/A - From RDC,31-May-10,18-May-10,18-May-10,ARV,Adult,SCMS from RDC,"Lamivudine/Nevirapine/Zidovudine 150/200/300mg, tablets, 60 Tabs",Lamivudine/Nevirapine/Zidovudine,Generic,150/300/200mg,Tablet - FDC,60,"40,000",448800.00,11.22,0.19,"Aurobindo Unit III, India",TRUE,4693,"$9,736.10 ",967.61
"84,555",114-UG-T30,FPQ-5071,SO-35940,DN-1798,Uganda,PMO - US,From RDC,N/A - From RDC,Air,02-09-10,N/A - From RDC,07-May-10,19-May-10,19-May-10,ARV,Adult,SCMS from RDC,"Lamivudine/Nevirapine/Stavudine 150/200/30mg, tablets, 60 Tabs",Lamivudine/Nevirapine/Stavudine,Generic,150/200/30mg,Tablet - FDC,60,200,1170.00,5.85,0.1,"Cipla, Goa, India",TRUE,21,"$1,000.05 ",2.52
"83,081",900-SS-T30,FPQ-10517,SO-43070,DN-2858,South Sudan,PMO - US,From RDC,N/A - From RDC,Air,8/17/2012,N/A - From RDC,15-Nov-12,23-Oct-12,23-Oct-12,ARV,Adult,SCMS from RDC,"Zidovudine 300mg, tablets, 60 Tabs",Zidovudine,Generic,300mg,Tablet,60,"9,360",63273.60,6.76,0.11,Hetero Unit III Hyderabad IN,FALSE,See DN-2858 (ID#:82511),null,88.71
"84,557",151-NG-T30,FPQ-4537,SO-36004,DN-1809,Nigeria,PMO - US,From RDC,N/A - From RDC,Air Charter,11-06-09,N/A - From RDC,31-May-10,18-May-10,18-May-10,ARV,Adult,SCMS from RDC,"Nevirapine 200mg, tablets, 60 Tabs",Nevirapine,Generic,200mg,Tablet,60,"15,299",40695.34,2.66,0.04,"Aurobindo Unit III, India",TRUE,1792,"$9,736.10 ",87.74
"84,558",151-NG-T30,FPQ-4537,SO-35059,DN-1719,Nigeria,PMO - US,From RDC,N/A - From RDC,Air Charter,11-06-09,N/A - From RDC,31-May-10,18-May-10,18-May-10,ARV,Adult,SCMS from RDC,"Lamivudine/Zidovudine 150/300mg, tablets, 60 Tabs",Lamivudine/Zidovudine,Generic,150/300mg,Tablet - FDC,60,488,4274.88,8.76,0.15,Mylan (formerly Matrix) Nashik,TRUE,39,"$9,736.10 ",9.22
"84,559",114-UG-T30,FPQ-5275,SO-36260,DN-1819,Uganda,PMO - US,From RDC,N/A - From RDC,Air,03-04-10,N/A - From RDC,09-Jul-10,03-May-10,03-May-10,ARV,Adult,SCMS from RDC,"Lamivudine/Zidovudine 150/300mg, tablets, 60 Tabs",Lamivudine/Zidovudine,Generic,150/300mg,Tablet - FDC,60,"3,600",31536.00,8.76,0.15,Hetero Unit III Hyderabad IN,TRUE,238,"$3,299.67 ",67.99
"84,560",104-CI-T30,FPQ-4659,SO-35560,DN-1799,Côte d'Ivoire,PMO - US,From RDC,N/A - From RDC,Air,12-08-09,N/A - From RDC,10-May-10,07-May-10,07-May-10,ARV,Adult,SCMS from RDC,"Efavirenz 600mg, tablets, 30 Tabs",Efavirenz,Generic,600mg,Tablet,30,"45,108",214263.00,4.75,0.16,"Aurobindo Unit III, India",TRUE,9863,"$19,150.15 ",461.95
"86,514",900-SS-T30,FPQ-10517,SO-43070,DN-2858,South Sudan,PMO - US,From RDC,N/A - From RDC,Air,8/17/2012,N/A - From RDC,15-Nov-12,23-Oct-12,23-Oct-12,ARV,Adult,SCMS from RDC,"Nevirapine 200mg, tablets, 60 Tabs",Nevirapine,Generic,200mg,Tablet,60,225,544.50,2.42,0.04,Mylan (formerly Matrix) Nashik,FALSE,See DN-2858 (ID#:82511),null,0.76
"85,306",107-RW-T30,FPQ-9888,SO-42100,DN-2859,Rwanda,PMO - US,From RDC,N/A - From RDC,Air,05-11-12,N/A - From RDC,19-Oct-12,18-Oct-12,18-Oct-12,ARV,Adult,SCMS from RDC,"Lamivudine/Tenofovir Disoproxil Fumarate 300/300mg, tablets, 30 Tabs",Lamivudine/Tenofovir Disoproxil Fumarate,Generic,300/300mg,Tablet - FDC,30,"11,492",63665.68,5.54,0.18,"Cipla, Kurkumbh, India",FALSE,See DN-2859 (ID#:82512),null,89.26
"84,191",104-CI-T30,FPQ-9749,SO-42380,DN-2861,Côte d'Ivoire,PMO - US,From RDC,N/A - From RDC,Truck,4/19/2012,N/A - From RDC,29-Oct-12,01-Oct-12,01-Oct-12,ARV,Adult,SCMS from RDC,"Efavirenz 600mg, tablets, 30 Tabs",Efavirenz,Generic,600mg,Tablet,30,"4,292",16352.52,3.81,0.13,"Strides, Bangalore, India.",FALSE,See DN-2861 (ID#:82513),null,22.93
"84,564",113-ZW-T30,FPQ-4472,SO-35910,DN-1831,Zimbabwe,PMO - US,From RDC,N/A - From RDC,Air,3/17/2009,N/A - From RDC,28-May-10,31-May-10,31-May-10,ARV,Adult,SCMS from RDC,"Lamivudine/Nevirapine/Stavudine 150/200/30mg, tablets, 60 Tabs",Lamivudine/Nevirapine/Stavudine,Generic,150/200/30mg,Tablet - FDC,60,"47,390",277231.50,5.85,0.1,"Cipla, Goa, India",TRUE,7112,"$3,833.17 ",543.37
"84,565",106-HT-T30,FPQ-4384,SO-34650,DN-1833,Haiti,PMO - US,From RDC,N/A - From RDC,Air,10/23/2009,N/A - From RDC,19-May-10,19-May-10,19-May-10,ARV,Adult,SCMS from RDC,"Efavirenz 600mg, tablets, 30 Tabs",Efavirenz,Generic,600mg,Tablet,30,"34,080",161880.00,4.75,0.16,"Aurobindo Unit III, India",TRUE,3318,"$23,890.83 ",349.01
"85,900",104-CI-T30,FPQ-9749,SO-42380,DN-2861,Côte d'Ivoire,PMO - US,From RDC,N/A - From RDC,Truck,4/19/2012,N/A - From RDC,29-Oct-12,01-Oct-12,01-Oct-12,ARV,Adult,SCMS from RDC,"Efavirenz 600mg, tablets, 30 Tabs",Efavirenz,Generic,600mg,Tablet,30,"43,772",166771.32,3.81,0.13,"Aurobindo Unit III, India",FALSE,See DN-2861 (ID#:82513),null,233.81
"84,567",114-UG-T30,FPQ-5238,SO-36090,DN-1840,Uganda,PMO - US,From RDC,N/A - From RDC,Air,03-02-10,N/A - From RDC,26-May-10,27-May-10,27-May-10,ARV,Adult,SCMS from RDC,"Lamivudine/Nevirapine/Zidovudine 150/200/300mg, tablets, 60 Tabs",Lamivudine/Nevirapine/Zidovudine,Generic,150/300/200mg,Tablet - FDC,60,"20,000",224400.00,11.22,0.19,Mylan (formerly Matrix) Nashik,TRUE,2560,"$20,654.81 ",483.81
"84,192",111-MZ-T30,FPQ-10210,SO-42820,DN-2862,Mozambique,PMO - US,From RDC,N/A - From RDC,Truck,6/28/2012,N/A - From RDC,31-Oct-12,10-Oct-12,10-Oct-12,ARV,Adult,SCMS from RDC,"Nevirapine 200mg, tablets, 60 Tabs",Nevirapine,Generic,200mg,Tablet,60,263,636.46,2.42,0.04,Hetero Unit III Hyderabad IN,FALSE,See DN-2862 (ID#:83083),null,0.89
"85,308",111-MZ-T30,FPQ-10210,SO-42820,DN-2862,Mozambique,PMO - US,From RDC,N/A - From RDC,Truck,6/28/2012,N/A - From RDC,31-Oct-12,10-Oct-12,10-Oct-12,ARV,Adult,SCMS from RDC,"Lamivudine 150mg, tablets, 60 Tabs",Lamivudine,Generic,150mg,Tablet,60,"8,586",19060.92,2.22,0.04,Hetero Unit III Hyderabad IN,FALSE,See DN-2862 (ID#:83083),null,26.72
"84,570",114-UG-T30,FPQ-5451,SO-36832,DN-1860,Uganda,PMO - US,From RDC,N/A - From RDC,Air,05-07-10,N/A - From RDC,30-Jun-10,22-Jun-10,22-Jun-10,ARV,Adult,SCMS from RDC,"Efavirenz 600mg, tablets, 30 Tabs",Efavirenz,Generic,600mg,Tablet,30,"17,550",83362.50,4.75,0.16,Mylan (formerly Matrix) Nashik,TRUE,1325,"$4,600.45 ",179.73
"86,515",111-MZ-T30,FPQ-10210,SO-42841,DN-2863,Mozambique,PMO - US,From RDC,N/A - From RDC,Truck,6/28/2012,N/A - From RDC,30-Oct-12,10-Oct-12,10-Oct-12,ARV,Adult,SCMS from RDC,"Lamivudine/Nevirapine/Zidovudine 150/200/300mg, tablets, 60 Tabs",Lamivudine/Nevirapine/Zidovudine,Generic,150/300/200mg,Tablet - FDC,60,"49,999",490490.19,9.81,0.16,Hetero Unit III Hyderabad IN,FALSE,See DN-2863 (ID#:85307),null,687.67
"84,572",104-CI-T30,FPQ-5201,SO-36350,DN-1878,Côte d'Ivoire,PMO - US,From RDC,N/A - From RDC,Air,03-03-10,N/A - From RDC,09-Jul-10,05-Jul-10,05-Jul-10,ARV,Adult,SCMS from RDC,"Lamivudine 150mg, tablets, 60 Tabs",Lamivudine,Generic,150mg,Tablet,60,"10,980",26791.20,2.44,0.04,"Aurobindo Unit III, India",TRUE,698,"$5,121.68 ",57.76
"84,757",110-ZM-T30,FPQ-9773,SO-41992,DN-2865,Zambia,PMO - US,From RDC,N/A - From RDC,Truck,4/27/2012,N/A - From RDC,10-Oct-12,05-Oct-12,05-Oct-12,ARV,Adult,SCMS from RDC,"Nevirapine 200mg, tablets, 60 Tabs",Nevirapine,Generic,200mg,Tablet,60,"100,000",242000.00,2.42,0.04,Hetero Unit III Hyderabad IN,FALSE,See DN-2865 (ID#:82514),null,339.28
"86,516",110-ZM-T30,FPQ-9773,SO-41992,DN-2865,Zambia,PMO - US,From RDC,N/A - From RDC,Truck,4/27/2012,N/A - From RDC,10-Oct-12,05-Oct-12,05-Oct-12,ARV,Adult,SCMS from RDC,"Efavirenz/Emtricitabine/Tenofovir Disoproxil Fumarate 600/200/300mg, tablets, 30 Tabs",Efavirenz/Emtricitabine/Tenofovir Disoproxil Fumarate,Generic,600/200/300mg,Tablet - FDC,30,"60,000",862800.00,14.38,0.48,Mylan (formerly Matrix) Nashik,FALSE,See DN-2865 (ID#:82514),null,"1,209.65"
"85,903",900-SS-T30,FPQ-10514,SO-43060,DN-2871,South Sudan,PMO - US,From RDC,N/A - From RDC,Air,8/17/2012,N/A - From RDC,30-Nov-12,30-Nov-12,30-Nov-12,ARV,Adult,SCMS from RDC,"Lamivudine 150mg, tablets, 60 Tabs",Lamivudine,Generic,150mg,Tablet,60,270,599.40,2.22,0.04,Hetero Unit III Hyderabad IN,FALSE,See DN-2871 (ID#:83626),null,0.84
"83,084",114-UG-T30,FPQ-10503,SO-43090,DN-2873,Uganda,PMO - US,From RDC,N/A - From RDC,Air,8/15/2012,N/A - From RDC,25-Oct-12,22-Oct-12,22-Oct-12,ARV,Adult,SCMS from RDC,"Lamivudine/Zidovudine 150/300mg, tablets, 60 Tabs",Lamivudine/Zidovudine,Generic,150/300mg,Tablet - FDC,60,"3,540",27328.80,7.72,0.13,Hetero Unit III Hyderabad IN,FALSE,See DN-2873 (ID#:82515),null,38.31
"84,758",114-UG-T30,FPQ-10503,SO-43090,DN-2873,Uganda,PMO - US,From RDC,N/A - From RDC,Air,8/15/2012,N/A - From RDC,25-Oct-12,22-Oct-12,22-Oct-12,ARV,Adult,SCMS from RDC,"Lamivudine/Zidovudine 150/300mg, tablets, 60 Tabs",Lamivudine/Zidovudine,Generic,150/300mg,Tablet - FDC,60,"7,126",55012.72,7.72,0.13,Mylan (formerly Matrix) Nashik,FALSE,See DN-2873 (ID#:82515),null,77.13
"85,311",104-CI-T30,FPQ-9749,SO-42400,DN-2880,Côte d'Ivoire,PMO - US,From RDC,N/A - From RDC,Truck,4/19/2012,N/A - From RDC,30-Oct-12,24-Oct-12,24-Oct-12,ARV,Adult,SCMS from RDC,"Efavirenz 600mg, tablets, 30 Tabs",Efavirenz,Generic,600mg,Tablet,30,"23,705",86286.20,3.64,0.12,"Strides, Bangalore, India.",FALSE,See DN-2880 (ID#:85310),null,120.97
"84,579",106-HT-T30,FPQ-4384,SO-35420,DN-1944,Haiti,PMO - US,From RDC,N/A - From RDC,Air,10/23/2009,N/A - From RDC,01-Aug-10,21-Jul-10,21-Jul-10,ARV,Adult,SCMS from RDC,"Lamivudine/Zidovudine 150/300mg, tablets, 60 Tabs",Lamivudine/Zidovudine,Generic,150/300mg,Tablet - FDC,60,"31,836",278883.36,8.76,0.15,Mylan (formerly Matrix) Nashik,TRUE,2565,"$25,670.10 ",601.27
"85,904",104-CI-T30,FPQ-9749,SO-42400,DN-2880,Côte d'Ivoire,PMO - US,From RDC,N/A - From RDC,Truck,4/19/2012,N/A - From RDC,30-Oct-12,24-Oct-12,24-Oct-12,ARV,Adult,SCMS from RDC,"Abacavir/Lamivudine 600/300mg, scored tablets, 30 Tabs",Abacavir/Lamivudine,Generic,600/300mg,Tablet - FDC,30,"2,880",64800.00,22.5,0.75,"Aurobindo Unit III, India",FALSE,See DN-2880 (ID#:85310),null,90.85
"86,519",104-CI-T30,FPQ-9749,SO-42400,DN-2880,Côte d'Ivoire,PMO - US,From RDC,N/A - From RDC,Truck,4/19/2012,N/A - From RDC,30-Oct-12,24-Oct-12,24-Oct-12,ARV,Adult,SCMS from RDC,"Efavirenz 600mg, tablets, 30 Tabs",Efavirenz,Generic,600mg,Tablet,30,83,302.12,3.64,0.12,Hetero Unit III Hyderabad IN,FALSE,See DN-2880 (ID#:85310),null,0.42
"84,582",151-NG-T30,FPQ-5688,SO-36934,DN-1978,Nigeria,PMO - US,From RDC,N/A - From RDC,Air Charter,5/27/2010,N/A - From RDC,31-Aug-10,17-Aug-10,17-Aug-10,ARV,Adult,SCMS from RDC,"Lamivudine/Nevirapine/Zidovudine 150/200/300mg, tablets, 60 Tabs",Lamivudine/Nevirapine/Zidovudine,Generic,150/300/200mg,Tablet - FDC,60,"6,000",67320.00,11.22,0.19,"Aurobindo Unit III, India",TRUE,789,"$6,147.18 ",145.14
"84,195",109-TZ-T30,FPQ-9774,SO-42650,DN-2883,Tanzania,PMO - US,From RDC,N/A - From RDC,Truck,05-02-12,N/A - From RDC,30-Nov-12,31-Oct-12,31-Oct-12,ARV,Pediatric,SCMS from RDC,"Lamivudine/Nevirapine/Stavudine 60/100/12mg, dispersible tablets, 60 Tabs",Lamivudine/Nevirapine/Stavudine,Generic,60/100/12mg,Chewable/dispersible tablet - FDC,60,"13,499",58045.70,4.3,0.07,"Cipla, Goa, India",FALSE,See DN-2883 (ID#:83630),null,81.38
"84,759",109-TZ-T30,FPQ-9774,SO-42650,DN-2883,Tanzania,PMO - US,From RDC,N/A - From RDC,Truck,05-02-12,N/A - From RDC,30-Nov-12,31-Oct-12,31-Oct-12,ARV,Adult,SCMS from RDC,"Abacavir 300mg, tablets, 60 Tabs",Abacavir,Generic,300mg,Tablet,60,"13,784",178640.64,12.96,0.22,Mylan (formerly Matrix) Nashik,FALSE,See DN-2883 (ID#:83630),null,250.45
"86,522",109-TZ-T30,FPQ-9774,SO-42650,DN-2883,Tanzania,PMO - US,From RDC,N/A - From RDC,Truck,05-02-12,N/A - From RDC,30-Nov-12,31-Oct-12,31-Oct-12,ARV,Adult,SCMS from RDC,"Emtricitabine/Tenofovir Disoproxil Fumarate 200/300mg, tablets, 30 Tabs",Emtricitabine/Tenofovir Disoproxil Fumarate,Generic,200/300mg,Tablet - FDC,30,"43,040",283633.60,6.59,0.22,Mylan (formerly Matrix) Nashik,FALSE,See DN-2883 (ID#:83630),null,397.65
"86,523",110-ZM-T30,FPQ-9773,SO-41993,DN-2884,Zambia,PMO - US,From RDC,N/A - From RDC,Truck,4/27/2012,N/A - From RDC,31-Oct-12,19-Oct-12,19-Oct-12,ARV,Adult,SCMS from RDC,"Nevirapine 200mg, tablets, 60 Tabs",Nevirapine,Generic,200mg,Tablet,60,"45,531",111095.64,2.44,0.04,Hetero Unit III Hyderabad IN,FALSE,See DN-2884 (ID#:85312),null,155.76
"84,589",102-UG-T30,FPQ-6202,SO-37260,DN-1998,Uganda,PMO - US,From RDC,N/A - From RDC,Air,08-06-10,N/A - From RDC,30-Sep-10,23-Aug-10,23-Aug-10,ARV,Adult,SCMS from RDC,"Efavirenz 600mg, tablets, 30 Tabs",Efavirenz,Generic,600mg,Tablet,30,"71,991",320359.95,4.45,0.15,"Strides, Bangalore, India.",TRUE,7187,"$16,285.97 ",690.7
"83,085",107-RW-T30,FPQ-9969,SO-42430,DN-2885,Rwanda,PMO - US,From RDC,N/A - From RDC,Air,5/25/2012,N/A - From RDC,31-Oct-12,30-Oct-12,30-Oct-12,ARV,Adult,SCMS from RDC,"Efavirenz/Lamivudine/Tenofovir Disoproxil Fumarate 600/300/300mg, tablets, 30 Tabs",Efavirenz/Lamivudine/Tenofovir Disoproxil Fumarate,Generic,600/300/300mg,Tablet - FDC,30,"3,234",42915.18,13.27,0.44,Mylan (formerly Matrix) Nashik,FALSE,See DN-2885 (ID#:82518),null,60.17
"83,086",900-CM-T30,FPQ-10641,SO-43390,DN-2886,Cameroon,PMO - US,From RDC,N/A - From RDC,Air Charter,9/19/2012,N/A - From RDC,24-Oct-12,17-Oct-12,17-Oct-12,ARV,Adult,SCMS from RDC,"Efavirenz 600mg, tablets, 30 Tabs",Efavirenz,Generic,600mg,Tablet,30,"71,406",259917.84,3.64,0.12,"Aurobindo Unit III, India",FALSE,See DN-2886 (ID#:82519),null,364.4
"83,087",900-CM-T30,FPQ-10641,SO-43390,DN-2886,Cameroon,PMO - US,From RDC,N/A - From RDC,Air Charter,9/19/2012,N/A - From RDC,24-Oct-12,17-Oct-12,17-Oct-12,ARV,Adult,SCMS from RDC,"Lamivudine/Tenofovir Disoproxil Fumarate 300/300mg, tablets, 30 Tabs",Lamivudine/Tenofovir Disoproxil Fumarate,Generic,300/300mg,Tablet - FDC,30,"21,514",115315.04,5.36,0.18,"Cipla, Kurkumbh, India",FALSE,See DN-2886 (ID#:82519),null,161.67
"85,905",900-CM-T30,FPQ-10641,SO-43390,DN-2886,Cameroon,PMO - US,From RDC,N/A - From RDC,Air Charter,9/19/2012,N/A - From RDC,24-Oct-12,17-Oct-12,17-Oct-12,ARV,Adult,SCMS from RDC,"Lamivudine/Zidovudine 150/300mg, tablets, 60 Tabs",Lamivudine/Zidovudine,Generic,150/300mg,Tablet - FDC,60,"28,057",216600.04,7.72,0.13,Hetero Unit III Hyderabad IN,FALSE,See DN-2886 (ID#:82519),null,303.67
"85,906",900-CM-T30,FPQ-10641,SO-43390,DN-2886,Cameroon,PMO - US,From RDC,N/A - From RDC,Air Charter,9/19/2012,N/A - From RDC,24-Oct-12,17-Oct-12,17-Oct-12,ARV,Adult,SCMS from RDC,"Nevirapine 200mg, tablets, 60 Tabs",Nevirapine,Generic,200mg,Tablet,60,"88,208",213463.36,2.42,0.04,"Strides, Bangalore, India.",FALSE,See DN-2886 (ID#:82519),null,299.28
"85,907",900-CM-T30,FPQ-10641,SO-43380,DN-2887,Cameroon,PMO - US,From RDC,N/A - From RDC,Air Charter,9/19/2012,N/A - From RDC,07-Nov-12,17-Oct-12,17-Oct-12,ARV,Adult,SCMS from RDC,"Lamivudine/Tenofovir Disoproxil Fumarate 300/300mg, tablets, 30 Tabs",Lamivudine/Tenofovir Disoproxil Fumarate,Generic,300/300mg,Tablet - FDC,30,"18,486",99084.96,5.36,0.18,"Cipla, Kurkumbh, India",FALSE,See DN-2887 (ID#:82520),null,138.92
"84,596",109-TZ-T30,FPQ-5436,SO-36600,DN-2039,Tanzania,PMO - US,From RDC,N/A - From RDC,Air,04-01-10,N/A - From RDC,03-Dec-10,03-Dec-10,03-Dec-10,ARV,Pediatric,SCMS from RDC,"Didanosine 100mg, chewable/dispersible tablets, 60 Tabs",Didanosine,Generic,100mg,Chewable/dispersible tablet,60,"2,864",22110.08,7.72,0.13,"Aurobindo Unit III, India",TRUE,612,"$1,979.75 ",47.67
"84,597",104-CI-T30,FPQ-5201,SO-36380,DN-2034,Côte d'Ivoire,PMO - US,From RDC,N/A - From RDC,Air,03-03-10,N/A - From RDC,30-Oct-10,23-Nov-10,23-Nov-10,ARV,Pediatric,SCMS from RDC,"Efavirenz 200mg, capsule, 90 Caps",Efavirenz,Generic,200mg,Capsule,90,"1,785",17974.95,10.07,0.11,"Aurobindo Unit III, India",TRUE,168,"$7,816.45 ",38.75
"86,524",109-TZ-T30,FPQ-9303,SO-41550,DN-2888,Tanzania,PMO - US,From RDC,N/A - From RDC,Truck,2/15/2012,N/A - From RDC,30-Nov-12,06-Nov-12,06-Nov-12,ARV,Pediatric,SCMS from RDC,"Lamivudine/Nevirapine/Stavudine 60/100/12mg, dispersible tablets, 60 Tabs",Lamivudine/Nevirapine/Stavudine,Generic,60/100/12mg,Chewable/dispersible tablet - FDC,60,"14,798",63631.40,4.3,0.07,"Cipla, Goa, India",FALSE,See DN-2888 (ID#:85908),null,89.21
"84,760",109-TZ-T30,FPQ-9303,SO-41551,DN-2889,Tanzania,PMO - US,From RDC,N/A - From RDC,Truck,2/15/2012,N/A - From RDC,30-Nov-12,06-Nov-12,06-Nov-12,ARV,Pediatric,SCMS from RDC,"Lamivudine/Nevirapine/Stavudine 30/50/6mg, dispersible tablets, 60 Tabs",Lamivudine/Nevirapine/Stavudine,Generic,30/50/6mg,Chewable/dispersible tablet - FDC,60,"1,975",4542.50,2.3,0.04,"Cipla, Goa, India",FALSE,See DN-2889 (ID#:83631),null,6.37
"84,600",151-NG-T30,FPQ-5688,SO-36952,DN-2044,Nigeria,PMO - US,From RDC,N/A - From RDC,Air Charter,5/27/2010,N/A - From RDC,18-Nov-10,10-Nov-10,10-Nov-10,ARV,Adult,SCMS from RDC,"Nevirapine 200mg, tablets, 60 Tabs",Nevirapine,Generic,200mg,Tablet,60,"10,000",25800.00,2.58,0.04,"Aurobindo Unit III, India",TRUE,1130,"$20,264.93 ",55.62
"84,197",104-CI-T30,FPQ-10626,SO-43280,DN-2895,Côte d'Ivoire,PMO - US,From RDC,N/A - From RDC,Truck,09-06-12,N/A - From RDC,14-Dec-12,24-Oct-12,24-Oct-12,ARV,Pediatric,SCMS from RDC,"Zidovudine 10mg/ml, oral solution w/syringe, Bottle, 240 ml",Zidovudine,Generic,10mg/ml,Oral solution,240,"5,000",10500.00,2.1,0.01,"Aurobindo Unit III, India",FALSE,See DN-2895 (ID#:82524),null,14.72
"85,909",114-UG-T30,FPQ-10556,SO-43170,DN-2897,Uganda,PMO - US,From RDC,N/A - From RDC,Air,8/30/2012,N/A - From RDC,06-Dec-12,29-Oct-12,29-Oct-12,ARV,Adult,SCMS from RDC,"Nevirapine 200mg, tablets, 60 Tabs",Nevirapine,Generic,200mg,Tablet,60,510,1234.20,2.42,0.04,Hetero Unit III Hyderabad IN,FALSE,See DN-2897 (ID#:84198),null,1.73
"11,753",109-TZ-T01,Pre-PQ Process,SO-455,DN-290,Tanzania,PMO - US,From RDC,N/A - From RDC,,Pre-PQ Process,N/A - From RDC,10-Sep-07,10-Sep-07,10-Sep-07,ARV,Adult,SCMS from RDC,"Lamivudine/Zidovudine 150/300mg, tablets, 60 Tabs",Lamivudine/Zidovudine,Generic,150/300mg,Tablet - FDC,60,"10,000",106800.00,10.68,0.18,"Aurobindo Unit III, India",FALSE,See DN-290 (ID#:10859),null,170.88
"84,604",102-UG-T30,FPQ-6403,SO-37470,DN-2056,Uganda,PMO - US,From RDC,N/A - From RDC,Air,9/16/2010,N/A - From RDC,02-Dec-10,29-Nov-10,29-Nov-10,ARV,Adult,SCMS from RDC,"Efavirenz/Emtricitabine/Tenofovir Disoproxil Fumarate 600/200/300mg, tablets, 30 Tabs",Efavirenz/Emtricitabine/Tenofovir Disoproxil Fumarate,Generic,600/200/300mg,Tablet - FDC,30,"2,661",53007.12,19.92,0.66,Mylan (formerly Matrix) Nashik,TRUE,909,"$5,166.39 ",114.28
"84,605",114-UG-T30,FPQ-6427,SO-37580,DN-2058,Uganda,PMO - US,From RDC,N/A - From RDC,Truck,9/29/2010,N/A - From RDC,02-Dec-10,29-Nov-10,29-Nov-10,ARV,Adult,SCMS from RDC,"Nevirapine 200mg, tablets, 60 Tabs",Nevirapine,Generic,200mg,Tablet,60,"23,787",63273.42,2.66,0.04,Hetero Unit III Hyderabad IN,TRUE,1378,"$2,559.88 ",136.42
"12,393",109-TZ-T01,Pre-PQ Process,SO-455,DN-290,Tanzania,PMO - US,From RDC,N/A - From RDC,,Pre-PQ Process,N/A - From RDC,10-Sep-07,10-Sep-07,10-Sep-07,ARV,Adult,SCMS from RDC,"Ritonavir 100mg [Norvir], capsules, cool, 4 x 84 Caps",Ritonavir,Norvir,100mg,Capsule,336,157,6022.52,38.36,0.11,ABBVIE (Abbott) Logis. UK,FALSE,See DN-290 (ID#:10859),null,9.64
"12,682",109-TZ-T01,Pre-PQ Process,SO-455,DN-290,Tanzania,PMO - US,From RDC,N/A - From RDC,,Pre-PQ Process,N/A - From RDC,10-Sep-07,10-Sep-07,10-Sep-07,ARV,Adult,SCMS from RDC,"Efavirenz 600mg, tablets, 30 Tabs",Efavirenz,Generic,600mg,Tablet,30,"8,000",130080.00,16.26,0.54,"Aurobindo Unit III, India",FALSE,See DN-290 (ID#:10859),null,208.13
"12,683",109-TZ-T01,Pre-PQ Process,SO-455,DN-290,Tanzania,PMO - US,From RDC,N/A - From RDC,,Pre-PQ Process,N/A - From RDC,10-Sep-07,10-Sep-07,10-Sep-07,ARV,Adult,SCMS from RDC,"Lopinavir/Ritonavir 200/50mg [Aluvia], tablets, 120 Tabs",Lopinavir/Ritonavir,Aluvia,200/50mg,Tablet,120,"4,155",170770.50,41.1,0.34,ABBVIE Ludwigshafen Germany,FALSE,See DN-290 (ID#:10859),null,273.23
"12,684",109-TZ-T01,Pre-PQ Process,SO-455,DN-290,Tanzania,PMO - US,From RDC,N/A - From RDC,,Pre-PQ Process,N/A - From RDC,10-Sep-07,10-Sep-07,10-Sep-07,ARV,Pediatric,SCMS from RDC,"Lopinavir/Ritonavir 80/20mg/ml [Kaletra], oral solution, cool, Bottle 5 x 60 ml",Lopinavir/Ritonavir,Kaletra,80/20mg/ml,Oral solution,300,147,6041.70,41.1,0.14,ABBVIE (Abbott) Logis. UK,FALSE,See DN-290 (ID#:10859),null,9.67
"85,313",151-NG-T30,FPQ-9968,SO-42681,DN-2900,Nigeria,PMO - US,From RDC,N/A - From RDC,Air,5/23/2012,N/A - From RDC,06-Nov-12,06-Nov-12,06-Nov-12,ARV,Adult,SCMS from RDC,"Lamivudine/Zidovudine 150/300mg, tablets, 60 Tabs",Lamivudine/Zidovudine,Generic,150/300mg,Tablet - FDC,60,"11,597",89528.84,7.72,0.13,Mylan (formerly Matrix) Nashik,FALSE,See DN-2900 (ID#:84199),null,125.52
"84,613",110-ZM-T30,FPQ-6222,SO-38150,DN-2078,Zambia,PMO - US,From RDC,N/A - From RDC,Truck,8/20/2010,N/A - From RDC,01-Apr-11,13-Jan-11,13-Jan-11,ARV,Adult,SCMS from RDC,"Lamivudine 150mg, tablets, 60 Tabs",Lamivudine,Generic,150mg,Tablet,60,"12,080",28146.40,2.33,0.04,Hetero Unit III Hyderabad IN,TRUE,503,"$2,355.79 ",60.68
"85,915",103-ZW-T30,FPQ-9907,SO-42200,DN-2913,Zimbabwe,PMO - US,From RDC,N/A - From RDC,Truck,5/15/2012,N/A - From RDC,19-Nov-12,19-Nov-12,19-Nov-12,ARV,Pediatric,SCMS from RDC,"Lamivudine/Zidovudine 30/60mg, tablets, 60 Tabs",Lamivudine/Zidovudine,Generic,30/60mg,Tablet - FDC,60,"2,267",6256.92,2.76,0.05,"Aurobindo Unit III, India",FALSE,See DN-2913 (ID#:84764),null,8.77
"83,635",103-ZW-T30,FPQ-9907,SO-42270,DN-2914,Zimbabwe,PMO - US,From RDC,N/A - From RDC,Truck,5/15/2012,N/A - From RDC,19-Nov-12,19-Nov-12,19-Nov-12,ARV,Pediatric,SCMS from RDC,"Lamivudine/Zidovudine 30/60mg, tablets, 60 Tabs",Lamivudine/Zidovudine,Generic,30/60mg,Tablet - FDC,60,"19,733",54463.08,2.76,0.05,"Aurobindo Unit III, India",FALSE,See DN-2914 (ID#:83089),null,76.36
"84,616",110-ZM-T30,FPQ-6222,SO-38280,DN-2091,Zambia,PMO - US,From RDC,N/A - From RDC,Truck,8/20/2010,N/A - From RDC,31-Jan-11,18-Jan-11,18-Jan-11,ARV,Adult,SCMS from RDC,"Lamivudine 150mg, tablets, 60 Tabs",Lamivudine,Generic,150mg,Tablet,60,"22,242",51823.86,2.33,0.04,Hetero Unit III Hyderabad IN,TRUE,1207,"$7,487.51 ",111.73
"86,527",110-ZM-T30,FPQ-9773,SO-41990,DN-2919,Zambia,PMO - US,From RDC,N/A - From RDC,Truck,4/27/2012,N/A - From RDC,17-Dec-12,17-Dec-12,17-Dec-12,ARV,Adult,SCMS from RDC,"Emtricitabine/Tenofovir Disoproxil Fumarate 200/300mg, tablets, 30 Tabs",Emtricitabine/Tenofovir Disoproxil Fumarate,Generic,200/300mg,Tablet - FDC,30,"132,175",871033.25,6.59,0.22,Mylan (formerly Matrix) Nashik,FALSE,See DN-2919 (ID#:84201),null,"1,221.19"
"86,528",110-ZM-T30,FPQ-9773,SO-41990,DN-2919,Zambia,PMO - US,From RDC,N/A - From RDC,Truck,4/27/2012,N/A - From RDC,17-Dec-12,17-Dec-12,17-Dec-12,ARV,Adult,SCMS from RDC,"Efavirenz/Emtricitabine/Tenofovir Disoproxil Fumarate 600/200/300mg, tablets, 30 Tabs",Efavirenz/Emtricitabine/Tenofovir Disoproxil Fumarate,Generic,600/200/300mg,Tablet - FDC,30,"107,000",1538660.00,14.38,0.48,Mylan (formerly Matrix) Nashik,FALSE,See DN-2919 (ID#:84201),null,"2,157.20"
"84,765",114-UG-T30,FPQ-10357,SO-42900,DN-2921,Uganda,PMO - US,From RDC,N/A - From RDC,Truck,7/18/2012,N/A - From RDC,10-Dec-12,19-Nov-12,19-Nov-12,ARV,Adult,SCMS from RDC,"Lamivudine/Tenofovir Disoproxil Fumarate 300/300mg, tablets, 30 Tabs",Lamivudine/Tenofovir Disoproxil Fumarate,Generic,300/300mg,Tablet - FDC,30,"22,783",122116.88,5.36,0.18,Hetero Unit III Hyderabad IN,FALSE,See DN-2921 (ID#:82527),null,171.21
"84,203",111-MZ-T30,FPQ-10210,SO-42850,DN-2928,Mozambique,PMO - US,From RDC,N/A - From RDC,Truck,6/28/2012,N/A - From RDC,11-Jan-13,11-Jan-13,11-Jan-13,ARV,Adult,SCMS from RDC,"Lamivudine 150mg, tablets, 60 Tabs",Lamivudine,Generic,150mg,Tablet,60,"3,726",8271.72,2.22,0.04,Hetero Unit III Hyderabad IN,FALSE,See DN-2928 (ID#:83637),null,11.6
"84,622",104-CI-T30,FPQ-6495,SO-37720,DN-2122,Côte d'Ivoire,PMO - US,From RDC,N/A - From RDC,Air,10-04-10,N/A - From RDC,31-Mar-11,15-Mar-11,15-Mar-11,ARV,Adult,SCMS from RDC,"Tenofovir Disoproxil Fumarate 300mg, tablets, 30 Tabs",Tenofovir Disoproxil Fumarate,Generic,300mg,Tablet,30,"2,240",14716.80,6.57,0.22,Mylan (formerly Matrix) Nashik,TRUE,6542,"$18,611.93 ",31.73
"84,204",111-MZ-T30,FPQ-10210,SO-42850,DN-2928,Mozambique,PMO - US,From RDC,N/A - From RDC,Truck,6/28/2012,N/A - From RDC,11-Jan-13,11-Jan-13,11-Jan-13,ARV,Adult,SCMS from RDC,"Lamivudine/Zidovudine 150/300mg, tablets, 60 Tabs",Lamivudine/Zidovudine,Generic,150/300mg,Tablet - FDC,60,"43,632",336839.04,7.72,0.13,Hetero Unit III Hyderabad IN,FALSE,See DN-2928 (ID#:83637),null,472.25
"84,624",113-ZW-T30,FPQ-6470,SO-38830,DN-2128,Zimbabwe,PMO - US,From RDC,N/A - From RDC,Truck,10/13/2010,N/A - From RDC,31-Mar-11,18-Mar-11,18-Mar-11,ARV,Adult,SCMS from RDC,"Nevirapine 200mg, tablets, 60 Tabs",Nevirapine,Generic,200mg,Tablet,60,"9,073",22773.23,2.51,0.04,Hetero Unit III Hyderabad IN,TRUE,2102,"$7,765.17 ",49.1
"83,093",104-CI-T30,FPQ-9749,SO-42372,DN-2932,Côte d'Ivoire,PMO - US,From RDC,N/A - From RDC,Truck,4/19/2012,N/A - From RDC,15-Dec-12,26-Nov-12,26-Nov-12,ARV,Adult,SCMS from RDC,"Lopinavir/Ritonavir 200/50mg, tablets, 120 Tabs",Lopinavir/Ritonavir,Generic,200/50mg,Tablet,120,"17,600",469920.00,26.7,0.22,Mylan (formerly Matrix) Nashik,FALSE,See DN-2932 (ID#:83091),null,658.83
"84,626",117-ET-T30,FPQ-6428,SO-37630,DN-2130,Ethiopia,PMO - US,From RDC,N/A - From RDC,Air,9/24/2010,N/A - From RDC,10-Mar-11,11-Mar-11,11-Mar-11,ARV,Adult,SCMS from RDC,"Lopinavir/Ritonavir 200/50mg [Aluvia], tablets, 120 Tabs",Lopinavir/Ritonavir,Aluvia,200/50mg,Tablet,120,"8,000",289280.00,36.16,0.3,ABBVIE Ludwigshafen Germany,TRUE,1647,"$3,600.65 ",623.69
"84,627",114-UG-T30,FPQ-7166,SO-38890,DN-2135,Uganda,PMO - US,From RDC,N/A - From RDC,Air,02-11-11,N/A - From RDC,18-Apr-11,15-Mar-11,15-Mar-11,ARV,Adult,SCMS from RDC,"Zidovudine 300mg, tablets, 60 Tabs",Zidovudine,Generic,300mg,Tablet,60,"46,113",332474.73,7.21,0.12,"Aurobindo Unit III, India",TRUE,2534,"$16,629.49 ",548.58
"84,628",106-HT-T30,FPQ-6484,SO-38240,DN-2136,Haiti,PMO - US,From RDC,N/A - From RDC,Air,10/13/2010,N/A - From RDC,14-Mar-11,20-Apr-11,20-Apr-11,ARV,Adult,SCMS from RDC,"Lopinavir/Ritonavir 200/50mg [Aluvia], tablets, 120 Tabs",Lopinavir/Ritonavir,Aluvia,200/50mg,Tablet,120,"1,320",47731.20,36.16,0.3,ABBVIE Ludwigshafen Germany,TRUE,276,"$2,080.20 ",102.91
"84,768",106-HT-T30,FPQ-10883,SO-43600,DN-2934,Haiti,PMO - US,From RDC,N/A - From RDC,Air,10/30/2012,N/A - From RDC,03-Dec-12,14-Nov-12,14-Nov-12,ARV,Adult,SCMS from RDC,"Abacavir 300mg, tablets, 60 Tabs",Abacavir,Generic,300mg,Tablet,60,"1,980",25660.80,12.96,0.22,"Aurobindo Unit III, India",FALSE,See DN-2934 (ID#:83094),null,31.74
"84,769",106-HT-T30,FPQ-10883,SO-43600,DN-2934,Haiti,PMO - US,From RDC,N/A - From RDC,Air,10/30/2012,N/A - From RDC,03-Dec-12,14-Nov-12,14-Nov-12,ARV,Adult,SCMS from RDC,"Lamivudine/Nevirapine/Zidovudine 150/200/300mg, tablets, 60 Tabs",Lamivudine/Nevirapine/Zidovudine,Generic,150/300/200mg,Tablet - FDC,60,"9,696",93275.52,9.62,0.16,Mylan (formerly Matrix) Nashik,FALSE,See DN-2934 (ID#:83094),null,115.38
"84,208",104-CI-T30,FPQ-9749,SO-42390,DN-2935,Côte d'Ivoire,PMO - US,From RDC,N/A - From RDC,Truck,4/19/2012,N/A - From RDC,14-Dec-12,30-Nov-12,30-Nov-12,ARV,Adult,SCMS from RDC,"Efavirenz 600mg, tablets, 30 Tabs",Efavirenz,Generic,600mg,Tablet,30,"74,064",269592.96,3.64,0.12,"Strides, Bangalore, India.",FALSE,See DN-2935 (ID#:83641),null,377.97
"84,632",110-ZM-T30,FPQ-6677,SO-38050,DN-2143,Zambia,PMO - US,From RDC,N/A - From RDC,Truck,11-08-10,N/A - From RDC,15-Apr-11,05-Apr-11,05-Apr-11,ARV,Adult,SCMS from RDC,"Abacavir 300mg, tablets, 60 Tabs",Abacavir,Generic,300mg,Tablet,60,"4,875",77463.75,15.89,0.26,"Cipla, Patalganga, India",TRUE,2556,"$4,471.07 ",127.82
"86,531",111-MZ-T30,FPQ-10210,SO-42830,DN-2939,Mozambique,PMO - US,From RDC,N/A - From RDC,Truck,6/28/2012,N/A - From RDC,11-Jan-13,11-Jan-13,11-Jan-13,ARV,Adult,SCMS from RDC,"Efavirenz 600mg, tablets, 30 Tabs",Efavirenz,Generic,600mg,Tablet,30,"1,928",7345.68,3.81,0.13,Mylan (formerly Matrix) Nashik,FALSE,See DN-2939 (ID#:82528),null,10.3
"84,206",102-ZW-T30,FPQ-9927,SO-42300,DN-2940,Zimbabwe,PMO - US,From RDC,N/A - From RDC,Truck,5/15/2012,N/A - From RDC,21-Dec-12,11-Dec-12,11-Dec-12,ARV,Adult,SCMS from RDC,"Lamivudine/Zidovudine 150/300mg, tablets, 60 Tabs",Lamivudine/Zidovudine,Generic,150/300mg,Tablet - FDC,60,"44,665",344813.80,7.72,0.13,Hetero Unit III Hyderabad IN,FALSE,See DN-2940 (ID#:82529),null,483.43
"84,638",104-CI-T30,FPQ-6144,SO-38980,DN-2159,Côte d'Ivoire,PMO - US,From RDC,N/A - From RDC,Air,08-03-10,N/A - From RDC,31-Mar-11,07-Jun-11,07-Jun-11,ARV,Pediatric,SCMS from RDC,"Efavirenz 200mg, capsule, 90 Caps",Efavirenz,Generic,200mg,Capsule,90,20,194.20,9.71,0.11,"Aurobindo Unit III, India",TRUE,5,"$3,380.36 ",0.42
"84,639",104-CI-T30,FPQ-6891,SO-38570,DN-2161,Côte d'Ivoire,PMO - US,From RDC,N/A - From RDC,Air,12/21/2010,N/A - From RDC,30-Jun-11,07-Jun-11,07-Jun-11,ARV,Adult,SCMS from RDC,"Abacavir 300mg, tablets, 60 Tabs",Abacavir,Generic,300mg,Tablet,60,"2,383",36936.50,15.5,0.26,"Aurobindo Unit III, India",TRUE,882,"$4,516.67 ",60.95
"84,709",114-UG-T30,FPQ-8522,SO-40920,DN-2549,Uganda,PMO - US,From RDC,N/A - From RDC,Truck,10-05-11,N/A - From RDC,30-Mar-12,17-Feb-12,17-Feb-12,ARV,Adult,SCMS from RDC,"Lamivudine 150mg, tablets, 60 Tabs",Lamivudine,Generic,150mg,Tablet,60,"2,596",6048.68,2.33,0.04,"Aurobindo Unit III, India",TRUE,125,"$1,831.41 ",9.98
"84,640",113-ZW-T30,FPQ-6470,SO-37850,DN-2181,Zimbabwe,PMO - US,From RDC,N/A - From RDC,Truck,10/13/2010,N/A - From RDC,31-Mar-11,20-May-11,20-May-11,ARV,Adult,SCMS from RDC,"Lamivudine/Nevirapine/Stavudine 150/200/30mg, tablets, 60 Tabs",Lamivudine/Nevirapine/Stavudine,Generic,150/200/30mg,Tablet - FDC,60,"88,719",493277.64,5.56,0.09,"Cipla, Goa, India",TRUE,11668,"$15,697.15 ","1,063.51"
"83,095",103-ZW-T30,FPQ-9907,SO-42220,DN-2942,Zimbabwe,PMO - US,From RDC,N/A - From RDC,Truck,5/15/2012,N/A - From RDC,14-Dec-12,11-Dec-12,11-Dec-12,ARV,Pediatric,SCMS from RDC,"Lamivudine/Stavudine 30/6mg, dispersible tablets, 60 Tabs",Lamivudine/Stavudine,Generic,30/6mg,Chewable/dispersible tablet - FDC,60,"9,215",17508.50,1.9,0.03,"Cipla, Goa, India",FALSE,See DN-2942 (ID#:82530),null,24.55
"84,642",104-CI-T30,FPQ-6144,SO-38990,DN-2187,Côte d'Ivoire,PMO - US,From RDC,N/A - From RDC,Air,08-03-10,N/A - From RDC,23-Mar-11,07-Jun-11,07-Jun-11,ARV,Pediatric,SCMS from RDC,"Efavirenz 200mg, capsule, 90 Caps",Efavirenz,Generic,200mg,Capsule,90,20,194.20,9.71,0.11,"Aurobindo Unit III, India",TRUE,3,"$1,355.31 ",0.42
"84,643",114-UG-T30,FPQ-6901,SO-39320,DN-2190,Uganda,PMO - US,From RDC,N/A - From RDC,Truck,12/22/2010,N/A - From RDC,20-Apr-11,03-May-11,03-May-11,ARV,Adult,SCMS from RDC,"Efavirenz/Emtricitabine/Tenofovir Disoproxil Fumarate 600/200/300mg, tablets, 30 Tabs",Efavirenz/Emtricitabine/Tenofovir Disoproxil Fumarate,Generic,600/200/300mg,Tablet - FDC,30,"6,600",131472.00,19.92,0.66,Mylan (formerly Matrix) Nashik,TRUE,720,"$4,647.66 ",216.93
"84,644",114-UG-T30,FPQ-7395,SO-39140,DN-2201,Uganda,PMO - US,From RDC,N/A - From RDC,Truck,03-11-11,N/A - From RDC,06-Jun-11,01-Jun-11,01-Jun-11,ARV,Adult,SCMS from RDC,"Lamivudine/Tenofovir Disoproxil Fumarate 300/300mg, tablets, 30 Tabs",Lamivudine/Tenofovir Disoproxil Fumarate,Generic,300/300mg,Tablet - FDC,30,"2,559",22570.38,8.82,0.29,Mylan (formerly Matrix) Nashik,TRUE,338,"$3,397.95 ",37.24
"83,639",103-ZW-T30,FPQ-9907,SO-42220,DN-2942,Zimbabwe,PMO - US,From RDC,N/A - From RDC,Truck,5/15/2012,N/A - From RDC,14-Dec-12,11-Dec-12,11-Dec-12,ARV,Pediatric,SCMS from RDC,"Lamivudine/Nevirapine/Zidovudine 30/50/60mg, dispersible tablets, 60 Tabs",Lamivudine/Nevirapine/Zidovudine,Generic,30/50/60mg,Chewable/dispersible tablet - FDC,60,"135,933",564121.95,4.15,0.07,Mylan (formerly Matrix) Nashik,FALSE,See DN-2942 (ID#:82530),null,790.9
"84,646",105-GY-T30,FPQ-7464,SO-39360,DN-2204,Guyana,PMO - US,From RDC,N/A - From RDC,Air,3/22/2011,N/A - From RDC,20-Jun-11,16-May-11,16-May-11,ARV,Pediatric,SCMS from RDC,"Nevirapine 10mg/ml, oral suspension w/syringe, Bottle, 240 ml",Nevirapine,Generic,10mg/ml,Oral suspension,240,600,1170.00,1.95,0.01,"Aurobindo Unit III, India",TRUE,239,"$3,106.89 ",1.93
"84,774",151-NG-T30,FPQ-9968,SO-43434,DN-2945,Nigeria,PMO - US,From RDC,N/A - From RDC,Air,5/23/2012,N/A - From RDC,30-Nov-12,04-Dec-12,04-Dec-12,ARV,Adult,SCMS from RDC,"Lamivudine/Tenofovir Disoproxil Fumarate 300/300mg, tablets, 30 Tabs",Lamivudine/Tenofovir Disoproxil Fumarate,Generic,300/300mg,Tablet - FDC,30,"149,952",803742.72,5.36,0.18,Hetero Unit III Hyderabad IN,FALSE,See DN-2945 (ID#:82533),null,"1,126.85"
"85,918",151-NG-T30,FPQ-9968,SO-43434,DN-2945,Nigeria,PMO - US,From RDC,N/A - From RDC,Air,5/23/2012,N/A - From RDC,30-Nov-12,04-Dec-12,04-Dec-12,ARV,Adult,SCMS from RDC,"Lamivudine/Tenofovir Disoproxil Fumarate 300/300mg, tablets, 30 Tabs",Lamivudine/Tenofovir Disoproxil Fumarate,Generic,300/300mg,Tablet - FDC,30,"15,594",83583.84,5.36,0.18,"Cipla, Kurkumbh, India",FALSE,See DN-2945 (ID#:82533),null,117.18
"84,649",151-NG-T30,FPQ-6800,SO-38250,DN-2175,Nigeria,PMO - US,From RDC,N/A - From RDC,Air Charter,12-07-10,N/A - From RDC,21-Jun-11,11-May-11,11-May-11,ARV,Adult,SCMS from RDC,"Nevirapine 200mg, tablets, 60 Tabs",Nevirapine,Generic,200mg,Tablet,60,"41,142",103266.42,2.51,0.04,"Strides, Bangalore, India.",TRUE,2822,"$12,601.12 ",170.39
"84,650",151-NG-T30,FPQ-7217,SO-39610,DN-2225,Nigeria,PMO - US,From RDC,N/A - From RDC,Air Charter,2/21/2011,N/A - From RDC,15-Jun-11,06-Jul-11,06-Jul-11,ARV,Adult,SCMS from RDC,"Lamivudine/Nevirapine/Zidovudine 150/200/300mg, tablets, 60 Tabs",Lamivudine/Nevirapine/Zidovudine,Generic,150/300/200mg,Tablet - FDC,60,"53,109",595882.98,11.22,0.19,"Aurobindo Unit III, India",TRUE,19464,"$13,398.06 ",983.21
"83,096",151-NG-T30,FPQ-9968,SO-43435,DN-2946,Nigeria,PMO - US,From RDC,N/A - From RDC,Air,5/23/2012,N/A - From RDC,04-Dec-12,04-Dec-12,04-Dec-12,ARV,Adult,SCMS from RDC,"Nevirapine 200mg, tablets, 60 Tabs",Nevirapine,Generic,200mg,Tablet,60,"36,000",87120.00,2.42,0.04,Mylan (formerly Matrix) Nashik,FALSE,See DN-2946 (ID#:82531),null,122.14
"84,771",151-NG-T30,FPQ-9968,SO-43435,DN-2946,Nigeria,PMO - US,From RDC,N/A - From RDC,Air,5/23/2012,N/A - From RDC,04-Dec-12,04-Dec-12,04-Dec-12,ARV,Adult,SCMS from RDC,"Nevirapine 200mg, tablets, 60 Tabs",Nevirapine,Generic,200mg,Tablet,60,728,1761.76,2.42,0.04,"Aurobindo Unit III, India",FALSE,See DN-2946 (ID#:82531),null,2.47
"84,772",151-NG-T30,FPQ-9968,SO-43435,DN-2946,Nigeria,PMO - US,From RDC,N/A - From RDC,Air,5/23/2012,N/A - From RDC,04-Dec-12,04-Dec-12,04-Dec-12,ARV,Adult,SCMS from RDC,"Nevirapine 200mg, tablets, 60 Tabs",Nevirapine,Generic,200mg,Tablet,60,"35,011",84726.62,2.42,0.04,Hetero Unit III Hyderabad IN,FALSE,See DN-2946 (ID#:82531),null,118.79
"84,654",111-MZ-T30,FPQ-7053,SO-39820,DN-2242,Mozambique,PMO - US,From RDC,N/A - From RDC,Truck,1/24/2011,N/A - From RDC,10-Aug-11,04-Aug-11,04-Aug-11,ARV,Pediatric,SCMS from RDC,"Nevirapine 10mg/ml, oral suspension w/syringe, Bottle, 240 ml",Nevirapine,Generic,10mg/ml,Oral suspension,240,"14,000",27300.00,1.95,0.01,"Aurobindo Unit III, India",TRUE,14413,"$5,491.01 ",45.04
"84,655",110-ZM-T30,FPQ-7233,SO-39920,DN-2255,Zambia,PMO - US,From RDC,N/A - From RDC,Truck,03-01-11,N/A - From RDC,15-Jul-11,11-Jul-11,11-Jul-11,ARV,Pediatric,SCMS from RDC,"Nevirapine 10mg/ml, oral suspension, Bottle, 240 ml",Nevirapine,Generic,10mg/ml,Oral suspension,240,"20,000",36000.00,1.8,0.01,"Aurobindo Unit III, India",TRUE,7482,"$6,801.72 ",59.4
"84,656",114-UG-T30,FPQ-7652,SO-39490,DN-2256,Uganda,PMO - US,From RDC,N/A - From RDC,Truck,4/29/2011,N/A - From RDC,01-Aug-11,28-Jun-11,28-Jun-11,ARV,Adult,SCMS from RDC,"Tenofovir Disoproxil Fumarate 300mg, tablets, 30 Tabs",Tenofovir Disoproxil Fumarate,Generic,300mg,Tablet,30,"2,011",13212.27,6.57,0.22,Mylan (formerly Matrix) Nashik,TRUE,126,"$1,661 ",21.8
"84,657",109-TZ-T30,FPQ-6713,SO-38160,DN-2261,Tanzania,PMO - US,From RDC,N/A - From RDC,Truck,12-02-10,N/A - From RDC,28-Apr-11,15-Jul-11,15-Jul-11,ARV,Adult,SCMS from RDC,"Efavirenz/Emtricitabine/Tenofovir Disoproxil Fumarate 600/200/300mg, tablets, 30 Tabs",Efavirenz/Emtricitabine/Tenofovir Disoproxil Fumarate,Generic,600/200/300mg,Tablet - FDC,30,"54,375",1083150.00,19.92,0.66,Mylan (formerly Matrix) Nashik,TRUE,11129,"$13,838.17 ","1,787.20"
"84,658",100-GH-T30,FPQ-7799,SO-39980,DN-2262,Ghana,PMO - US,From RDC,N/A - From RDC,Air,06-06-11,N/A - From RDC,04-Jul-11,09-Jun-11,09-Jun-11,ARV,Adult,SCMS from RDC,"Tenofovir Disoproxil Fumarate 300mg, tablets, 30 Tabs",Tenofovir Disoproxil Fumarate,Generic,300mg,Tablet,30,"1,086",6972.12,6.42,0.21,"Aurobindo Unit III, India",TRUE,90,$226.25 ,11.5
"84,659",100-ZW-T30,FPQ-7559,SO-40040,DN-2266,Zimbabwe,PMO - US,From RDC,N/A - From RDC,Truck,4/29/2011,N/A - From RDC,15-Aug-11,11-Aug-11,11-Aug-11,ARV,Pediatric,SCMS from RDC,"Abacavir 20mg/ml, oral solution, Bottle, 240 ml",Abacavir,Generic,20mg/ml,Oral solution,240,"1,191",16197.60,13.6,0.06,"Aurobindo Unit III, India",TRUE,445,"$2,143.48 ",26.73
"84,660",111-MZ-T30,FPQ-7053,SO-38660,DN-2269,Mozambique,PMO - US,From RDC,N/A - From RDC,Truck,1/24/2011,N/A - From RDC,31-Aug-11,01-Sep-11,01-Sep-11,ARV,Adult,SCMS from RDC,"Lamivudine/Zidovudine 150/300mg, tablets, 60 Tabs",Lamivudine/Zidovudine,Generic,150/300mg,Tablet - FDC,60,"39,636",338887.80,8.55,0.14,"Aurobindo Unit III, India",TRUE,3666,"$3,525.04 ",559.16
"84,661",106-HT-T30,FPQ-6801,SO-38212,DN-2291,Haiti,PMO - US,From RDC,N/A - From RDC,Air,12/14/2010,N/A - From RDC,19-Jul-11,17-Jul-11,17-Jul-11,ARV,Pediatric,SCMS from RDC,"Lamivudine 10mg/ml, oral solution w/syringe, Bottle, 240 ml",Lamivudine,Generic,10mg/ml,Oral solution,240,"5,110",9862.30,1.93,0.01,"Aurobindo Unit III, India",TRUE,1840,"$14,866.14 ",16.27
"84,662",109-TZ-T30,FPQ-8002,SO-40190,DN-2306,Tanzania,PMO - US,From RDC,N/A - From RDC,Truck,07-04-11,N/A - From RDC,05-Aug-11,16-Aug-11,16-Aug-11,ARV,Adult,SCMS from RDC,"Lopinavir/Ritonavir 200/50mg [Aluvia], tablets, 120 Tabs",Lopinavir/Ritonavir,Aluvia,200/50mg,Tablet,120,"4,389",148084.86,33.74,0.28,ABBVIE Ludwigshafen Germany,TRUE,880,"$3,175.70 ",244.34
"84,663",111-MZ-T30,FPQ-7053,SO-38634,DN-2303,Mozambique,PMO - US,From RDC,N/A - From RDC,Truck,1/24/2011,N/A - From RDC,30-Sep-11,15-Sep-11,15-Sep-11,ARV,Adult,SCMS from RDC,"Nevirapine 200mg, tablets, 60 Tabs",Nevirapine,Generic,200mg,Tablet,60,"1,890",4876.20,2.58,0.04,"Aurobindo Unit VII, IN",TRUE,183,$112.87 ,8.05
"86,532",151-NG-T30,FPQ-9968,SO-42680,DN-2947,Nigeria,PMO - US,From RDC,N/A - From RDC,Air,5/23/2012,N/A - From RDC,04-Dec-12,04-Dec-12,04-Dec-12,ARV,Adult,SCMS from RDC,"Lamivudine/Nevirapine/Zidovudine 150/200/300mg, tablets, 60 Tabs",Lamivudine/Nevirapine/Zidovudine,Generic,150/300/200mg,Tablet - FDC,60,"138,508",1332446.96,9.62,0.16,Mylan (formerly Matrix) Nashik,FALSE,See DN-2947 (ID#:83642),null,"1,868.09"
"84,665",104-CI-T30,FPQ-7659,SO-40110,DN-2311,Côte d'Ivoire,PMO - US,From RDC,N/A - From RDC,Air,05-03-11,N/A - From RDC,25-Oct-11,05-Aug-11,05-Aug-11,ARV,Pediatric,SCMS from RDC,"Abacavir 20mg/ml, oral solution w/syringe, Bottle, 240 ml",Abacavir,Generic,20mg/ml,Oral solution,240,576,7200.00,12.5,0.05,"Aurobindo Unit III, India",TRUE,212,"$1,771.26 ",11.88
"84,667",110-ZM-T30,FPQ-7233,SO-39030,DN-2338,Zambia,PMO - US,From RDC,N/A - From RDC,Truck,03-01-11,N/A - From RDC,26-Sep-11,26-Sep-11,26-Sep-11,ARV,Adult,SCMS from RDC,"Emtricitabine/Tenofovir Disoproxil Fumarate 200/300mg, tablets, 30 Tabs",Emtricitabine/Tenofovir Disoproxil Fumarate,Generic,200/300mg,Tablet - FDC,30,"169,985",1665853.00,9.8,0.33,Mylan (formerly Matrix) Nashik,TRUE,18994,"$21,077.51 ","2,748.66"
"84,668",110-ZM-T30,FPQ-7085,SO-38742,DN-2342,Zambia,PMO - US,From RDC,N/A - From RDC,Truck,02-03-11,N/A - From RDC,29-Sep-11,26-Sep-11,26-Sep-11,ARV,Adult,SCMS from RDC,"Lamivudine/Zidovudine 150/300mg, tablets, 60 Tabs",Lamivudine/Zidovudine,Generic,150/300mg,Tablet - FDC,60,"176,308",1456304.08,8.26,0.14,"Aurobindo Unit VII, IN",TRUE,17967,"$21,180.70 ","2,402.90"
"84,671",151-NG-T30,FPQ-7812,SO-39992,DN-2351,Nigeria,PMO - US,From RDC,N/A - From RDC,Air Charter,06-06-11,N/A - From RDC,03-Nov-11,28-Sep-11,28-Sep-11,ARV,Adult,SCMS from RDC,"Nevirapine 200mg, tablets, 60 Tabs",Nevirapine,Generic,200mg,Tablet,60,"164,398",412638.98,2.51,0.04,Hetero Unit III Hyderabad IN,TRUE,9988,"$18,495.90 ",680.85
"83,643",114-UG-T30,FPQ-10556,SO-43190,DN-2951,Uganda,PMO - US,From RDC,N/A - From RDC,Air,8/30/2012,N/A - From RDC,01-Feb-13,01-Feb-13,01-Feb-13,ARV,Adult,SCMS from RDC,"Lamivudine/Zidovudine 150/300mg, tablets, 60 Tabs",Lamivudine/Zidovudine,Generic,150/300mg,Tablet - FDC,60,"1,470",11348.40,7.72,0.13,Hetero Unit III Hyderabad IN,FALSE,See DN-2951 (ID#:82532),null,15.91
"84,673",105-GY-T30,FPQ-8024,SO-40450,DN-2361,Guyana,PMO - US,From RDC,N/A - From RDC,Air,8/19/2011,N/A - From RDC,15-Dec-11,28-Sep-11,28-Sep-11,ARV,Adult,SCMS from RDC,"Stavudine 15mg, capsules, 60 Caps",Stavudine,Generic,15mg,Capsule,60,21,27.72,1.32,0.02,"Aurobindo Unit III, India",TRUE,294,"$4,338.44 ",0.05
"84,674",104-CI-T30,FPQ-7659,SO-40123,DN-2369,Côte d'Ivoire,PMO - US,From RDC,N/A - From RDC,Air,05-03-11,N/A - From RDC,14-Oct-11,08-Oct-11,08-Oct-11,ARV,Adult,SCMS from RDC,"Efavirenz 600mg, tablets, 30 Tabs",Efavirenz,Generic,600mg,Tablet,30,"62,231",262614.82,4.22,0.14,"Strides, Bangalore, India.",TRUE,3789,"$13,956.38 ",433.31
"84,675",901-SZ-T30,FPQ-8360,SO-40591,DN-2371,Swaziland,PMO - US,From RDC,N/A - From RDC,Air,09-02-11,N/A - From RDC,30-Sep-11,29-Sep-11,29-Sep-11,ARV,Adult,SCMS from RDC,"Lamivudine/Nevirapine/Zidovudine 150/200/300mg, tablets, 60 Tabs",Lamivudine/Nevirapine/Zidovudine,Generic,150/300/200mg,Tablet - FDC,60,"19,100",214302.00,11.22,0.19,"Aurobindo Unit VII, IN",TRUE,2237,"$3,148.12 ",353.6
"84,676",109-TZ-T30,FPQ-6713,SO-40710,DN-2375,Tanzania,PMO - US,From RDC,N/A - From RDC,Truck,12-02-10,N/A - From RDC,29-Sep-11,23-Sep-11,23-Sep-11,ARV,Adult,SCMS from RDC,"Efavirenz/Emtricitabine/Tenofovir Disoproxil Fumarate 600/200/300mg, tablets, 30 Tabs",Efavirenz/Emtricitabine/Tenofovir Disoproxil Fumarate,Generic,600/200/300mg,Tablet - FDC,30,"68,235",1359241.20,19.92,0.66,Mylan (formerly Matrix) Nashik,TRUE,83,"$2,094.34 ","2,242.75"
"84,677",110-ZM-T30,FPQ-7085,SO-38730,DN-2385,Zambia,PMO - US,From RDC,N/A - From RDC,Truck,02-03-11,N/A - From RDC,31-Oct-11,04-Nov-11,04-Nov-11,ARV,Adult,SCMS from RDC,"Efavirenz 600mg, tablets, 30 Tabs",Efavirenz,Generic,600mg,Tablet,30,"72,974",315247.68,4.32,0.14,"Strides, Bangalore, India.",TRUE,4471,"$10,370.59 ",520.16
"84,678",113-ZW-T30,FPQ-7052,SO-38513,DN-2410,Zimbabwe,PMO - US,From RDC,N/A - From RDC,Truck,1/19/2011,N/A - From RDC,14-Nov-11,21-Nov-11,21-Nov-11,ARV,Adult,SCMS from RDC,"Lamivudine/Stavudine 150/30mg, tablets, 60 Tabs",Lamivudine/Stavudine,Generic,150/30mg,Tablet - FDC,60,76,224.20,2.95,0.05,"Cipla, Goa, India",TRUE,248,$481.71 ,0.37
"84,679",151-NG-T30,FPQ-8364,SO-40726,DN-2403,Nigeria,PMO - US,From RDC,N/A - From RDC,Air Charter,8/29/2011,N/A - From RDC,16-Mar-12,13-Oct-11,13-Oct-11,ARV,Adult,SCMS from RDC,"Lamivudine/Tenofovir Disoproxil Fumarate 300/300mg, tablets, 30 Tabs",Lamivudine/Tenofovir Disoproxil Fumarate,Generic,300/300mg,Tablet - FDC,30,"18,354",151053.42,8.23,0.27,Mylan (formerly Matrix) Nashik,TRUE,1794,"$21,326.70 ",249.24
"84,680",200-ZW-T30,FPQ-6483,SO-37900,DN-2411,Zimbabwe,PMO - US,From RDC,N/A - From RDC,Truck,10/13/2010,N/A - From RDC,30-Nov-11,21-Nov-11,21-Nov-11,ARV,Pediatric,SCMS from RDC,"Lamivudine/Nevirapine/Zidovudine 30/50/60mg, dispersible tablets, 60 Tabs",Lamivudine/Nevirapine/Zidovudine,Generic,30/50/60mg,Chewable/dispersible tablet - FDC,60,"30,060",127755.00,4.25,0.07,Mylan (formerly Matrix) Nashik,TRUE,1754,"$3,537.26 ",275.44
"84,681",104-CI-T30,FPQ-7659,SO-40090,DN-2419,Côte d'Ivoire,PMO - US,From RDC,N/A - From RDC,Air,05-03-11,N/A - From RDC,20-Dec-11,19-Nov-11,19-Nov-11,ARV,Pediatric,SCMS from RDC,"Didanosine 200mg, chewable/dispersible tablets, 60 Tabs",Didanosine,Generic,200mg,Chewable/dispersible tablet,60,"5,184",77760.00,15,0.25,"Aurobindo Unit III, India",TRUE,1103,"$3,296.34 ",128.3
"84,773",114-UG-T30,FPQ-10556,SO-43190,DN-2951,Uganda,PMO - US,From RDC,N/A - From RDC,Air,8/30/2012,N/A - From RDC,01-Feb-13,01-Feb-13,01-Feb-13,ARV,Adult,SCMS from RDC,"Nevirapine 200mg, tablets, 60 Tabs",Nevirapine,Generic,200mg,Tablet,60,"4,290",10381.80,2.42,0.04,Hetero Unit III Hyderabad IN,FALSE,See DN-2951 (ID#:82532),null,14.56
"84,683",900-SZ-T30,FPQ-8417,SO-40700,DN-2426,Swaziland,PMO - US,From RDC,N/A - From RDC,Air,9/14/2011,N/A - From RDC,17-Nov-11,07-Nov-11,07-Nov-11,ARV,Adult,SCMS from RDC,"Lamivudine/Nevirapine/Zidovudine 150/200/300mg, tablets, 60 Tabs",Lamivudine/Nevirapine/Zidovudine,Generic,150/300/200mg,Tablet - FDC,60,"45,113",506167.86,11.22,0.19,Mylan (formerly Matrix) Nashik,TRUE,5856,"$22,711.84 ",835.18
"84,684",110-ZM-T30,FPQ-7767,SO-40272,DN-2434,Zambia,PMO - US,From RDC,N/A - From RDC,Truck,7/26/2011,N/A - From RDC,28-Feb-12,28-Nov-11,28-Nov-11,ARV,Adult,SCMS from RDC,"Zidovudine 300mg, tablets, 60 Tabs",Zidovudine,Generic,300mg,Tablet,60,"6,376",44759.52,7.02,0.12,Hetero Unit III Hyderabad IN,TRUE,639,$889.94 ,73.85
"83,101",114-UG-T30,FPQ-10556,SO-43160,DN-2952,Uganda,PMO - US,From RDC,N/A - From RDC,Air,8/30/2012,N/A - From RDC,02-Feb-13,02-Feb-13,02-Feb-13,ARV,Adult,SCMS from RDC,"Lamivudine/Tenofovir Disoproxil Fumarate 300/300mg, tablets, 30 Tabs",Lamivudine/Tenofovir Disoproxil Fumarate,Generic,300/300mg,Tablet - FDC,30,"1,525",7335.25,4.81,0.16,"Cipla, Kurkumbh, India",FALSE,See DN-2952 (ID#:82537),null,10.28
"84,686",151-NG-T30,FPQ-7812,SO-40728,DN-2451,Nigeria,PMO - US,From RDC,N/A - From RDC,Air Charter,06-06-11,N/A - From RDC,20-Dec-11,18-Dec-11,18-Dec-11,ARV,Adult,SCMS from RDC,"Efavirenz 600mg, tablets, 30 Tabs",Efavirenz,Generic,600mg,Tablet,30,"15,802",66684.44,4.22,0.14,"Strides, Bangalore, India.",TRUE,1086,"$15,322.73 ",110.03
"84,779",114-UG-T30,FPQ-10556,SO-43160,DN-2952,Uganda,PMO - US,From RDC,N/A - From RDC,Air,8/30/2012,N/A - From RDC,02-Feb-13,02-Feb-13,02-Feb-13,ARV,Adult,SCMS from RDC,"Lamivudine/Zidovudine 150/300mg, tablets, 60 Tabs",Lamivudine/Zidovudine,Generic,150/300mg,Tablet - FDC,60,"1,485",11464.20,7.72,0.13,Mylan (formerly Matrix) Nashik,FALSE,See DN-2952 (ID#:82537),null,16.07
"85,924",114-UG-T30,FPQ-10556,SO-43160,DN-2952,Uganda,PMO - US,From RDC,N/A - From RDC,Air,8/30/2012,N/A - From RDC,02-Feb-13,02-Feb-13,02-Feb-13,ARV,Adult,SCMS from RDC,"Lamivudine/Nevirapine/Zidovudine 150/200/300mg, tablets, 60 Tabs",Lamivudine/Nevirapine/Zidovudine,Generic,150/300/200mg,Tablet - FDC,60,"3,235",31120.70,9.62,0.16,Hetero Unit III Hyderabad IN,FALSE,See DN-2952 (ID#:82537),null,43.63
"84,689",110-ZM-T30,FPQ-8383,SO-40740,DN-2476,Zambia,PMO - US,From RDC,N/A - From RDC,Truck,09-11-11,N/A - From RDC,19-Jan-12,23-Dec-11,23-Dec-11,ARV,Adult,SCMS from RDC,"Emtricitabine/Tenofovir Disoproxil Fumarate 200/300mg, tablets, 30 Tabs",Emtricitabine/Tenofovir Disoproxil Fumarate,Generic,200/300mg,Tablet - FDC,30,"113,925",1021907.25,8.97,0.3,Mylan (formerly Matrix) Nashik,TRUE,9875,"$14,325.71 ","1,686.15"
"84,690",109-TZ-T30,FPQ-8297,SO-40641,DN-2484,Tanzania,PMO - US,From RDC,N/A - From RDC,Truck,8/22/2011,N/A - From RDC,12-Mar-12,12-Mar-12,12-Mar-12,ARV,Adult,SCMS from RDC,"Abacavir 300mg, tablets, 60 Tabs",Abacavir,Generic,300mg,Tablet,60,"23,940",350242.20,14.63,0.24,Mylan (formerly Matrix) Nashik,TRUE,1500,"$1,698.83 ",577.9
"84,775",104-CI-T30,FPQ-9749,SO-42373,DN-2954,Côte d'Ivoire,PMO - US,From RDC,N/A - From RDC,Truck,4/19/2012,N/A - From RDC,31-Dec-12,06-Dec-12,06-Dec-12,ARV,Adult,SCMS from RDC,"Efavirenz 600mg, tablets, 30 Tabs",Efavirenz,Generic,600mg,Tablet,30,"7,640",27809.60,3.64,0.12,"Aurobindo Unit III, India",FALSE,See DN-2954 (ID#:82534),null,38.99
"86,533",104-CI-T30,FPQ-9749,SO-42373,DN-2954,Côte d'Ivoire,PMO - US,From RDC,N/A - From RDC,Truck,4/19/2012,N/A - From RDC,31-Dec-12,06-Dec-12,06-Dec-12,ARV,Adult,SCMS from RDC,"Efavirenz/Lamivudine/Tenofovir Disoproxil Fumarate 600/300/300mg, tablets, 30 Tabs",Efavirenz/Lamivudine/Tenofovir Disoproxil Fumarate,Generic,600/300/300mg,Tablet - FDC,30,"25,644",340295.88,13.27,0.44,Mylan (formerly Matrix) Nashik,FALSE,See DN-2954 (ID#:82534),null,477.09
"86,534",104-CI-T30,FPQ-10405,SO-42980,DN-2958,Côte d'Ivoire,PMO - US,From RDC,N/A - From RDC,Truck,7/24/2012,N/A - From RDC,01-Feb-13,14-Jan-13,14-Jan-13,ARV,Adult,SCMS from RDC,"Lamivudine/Zidovudine 150/300mg, tablets, 60 Tabs",Lamivudine/Zidovudine,Generic,150/300mg,Tablet - FDC,60,"25,740",198712.80,7.72,0.13,Hetero Unit III Hyderabad IN,FALSE,See DN-2958 (ID#:83097),null,278.6
"86,535",104-CI-T30,FPQ-10405,SO-42980,DN-2958,Côte d'Ivoire,PMO - US,From RDC,N/A - From RDC,Truck,7/24/2012,N/A - From RDC,01-Feb-13,14-Jan-13,14-Jan-13,ARV,Pediatric,SCMS from RDC,"Lamivudine/Zidovudine 30/60mg, tablets, 60 Tabs",Lamivudine/Zidovudine,Generic,30/60mg,Tablet - FDC,60,"6,800",18768.00,2.76,0.05,Mylan (formerly Matrix) Nashik,FALSE,See DN-2958 (ID#:83097),null,26.31
"84,210",107-RW-T30,FPQ-10119,SO-42710,DN-2961,Rwanda,PMO - US,From RDC,N/A - From RDC,Air,6/18/2012,N/A - From RDC,06-Feb-13,06-Feb-13,06-Feb-13,ARV,Adult,SCMS from RDC,"Lamivudine/Tenofovir Disoproxil Fumarate 300/300mg, tablets, 30 Tabs",Lamivudine/Tenofovir Disoproxil Fumarate,Generic,300/300mg,Tablet - FDC,30,"69,691",373543.76,5.36,0.18,Hetero Unit III Hyderabad IN,FALSE,See DN-2961 (ID#:83098),null,523.71
"86,537",109-TZ-T30,FPQ-10545,SO-43120,DN-2962,Tanzania,PMO - US,From RDC,N/A - From RDC,Truck,8/24/2012,N/A - From RDC,04-Mar-13,04-Mar-13,04-Mar-13,ARV,Adult,SCMS from RDC,"Lopinavir/Ritonavir 200/50mg, tablets, 120 Tabs",Lopinavir/Ritonavir,Generic,200/50mg,Tablet,120,"17,201",459266.70,26.7,0.22,Mylan (formerly Matrix) Nashik,FALSE,See DN-2962 (ID#:85320),null,643.89
"86,538",111-MZ-T30,FPQ-10210,SO-42832,DN-2965,Mozambique,PMO - US,From RDC,N/A - From RDC,Truck,6/28/2012,N/A - From RDC,11-Jan-13,11-Jan-13,11-Jan-13,ARV,Adult,SCMS from RDC,"Lamivudine/Nevirapine/Zidovudine 150/200/300mg, tablets, 60 Tabs",Lamivudine/Nevirapine/Zidovudine,Generic,150/300/200mg,Tablet - FDC,60,"67,609",650398.58,9.62,0.16,"Aurobindo Unit III, India",FALSE,See DN-2965 (ID#:85321),null,911.86
"84,211",104-CI-T30,FPQ-10633,SO-43320,DN-2967,Côte d'Ivoire,PMO - US,From RDC,N/A - From RDC,Truck,09-11-12,N/A - From RDC,28-Feb-13,25-Jan-13,25-Jan-13,ARV,Adult,SCMS from RDC,"Lopinavir/Ritonavir 200/50mg, tablets, 120 Tabs",Lopinavir/Ritonavir,Generic,200/50mg,Tablet,120,"10,000",267000.00,26.7,0.22,Mylan (formerly Matrix) Nashik,FALSE,See DN-2967 (ID#:84209),null,374.33
"85,921",104-CI-T30,FPQ-9749,SO-42370,DN-2970,Côte d'Ivoire,PMO - US,From RDC,N/A - From RDC,Truck,4/19/2012,N/A - From RDC,31-Jan-13,25-Jan-12,25-Jan-13,ARV,Adult,SCMS from RDC,"Lamivudine/Nevirapine/Zidovudine 150/200/300mg, tablets, 60 Tabs",Lamivudine/Nevirapine/Zidovudine,Generic,150/300/200mg,Tablet - FDC,60,"40,455",389177.10,9.62,0.16,Hetero Unit III Hyderabad IN,FALSE,See DN-2970 (ID#:83644),null,545.63
"85,922",114-UG-T30,FPQ-10780,SO-43470,DN-2971,Uganda,PMO - US,From RDC,N/A - From RDC,Air,10-10-12,N/A - From RDC,31-Jan-13,01-Feb-13,01-Feb-13,ARV,Adult,SCMS from RDC,"Nevirapine 200mg, tablets, 60 Tabs",Nevirapine,Generic,200mg,Tablet,60,699,1691.58,2.42,0.04,Hetero Unit III Hyderabad IN,FALSE,See DN-2971 (ID#:84212),null,2.37
"83,645",113-ZW-T30,FPQ-10632,SO-43221,DN-2975,Zimbabwe,PMO - US,From RDC,N/A - From RDC,Truck,09-11-12,N/A - From RDC,21-Dec-12,13-Dec-12,13-Dec-12,ARV,Adult,SCMS from RDC,"Efavirenz 600mg, tablets, 30 Tabs",Efavirenz,Generic,600mg,Tablet,30,252,897.12,3.56,0.12,"Emcure Plot No.P-2, I.T-B.T. Park, Phase II, MIDC, Hinjwadi, Pune, India",FALSE,See DN-2975 (ID#:82536),null,1.26
"84,740",107-RW-T30,FPQ-9888,SO-42134,DN-2797,Rwanda,PMO - US,From RDC,N/A - From RDC,Air,05-11-12,N/A - From RDC,31-Aug-12,23-Aug-12,23-Aug-12,ARV,Adult,SCMS from RDC,"Abacavir 300mg, tablets, 60 Tabs",Abacavir,Generic,300mg,Tablet,60,"6,985",91852.75,13.15,0.22,"Aurobindo Unit III, India",TRUE,718,"$12,688.85 ",128.78
"86,540",113-ZW-T30,FPQ-10632,SO-43221,DN-2975,Zimbabwe,PMO - US,From RDC,N/A - From RDC,Truck,09-11-12,N/A - From RDC,21-Dec-12,13-Dec-12,13-Dec-12,ARV,Adult,SCMS from RDC,"Efavirenz 600mg, tablets, 30 Tabs",Efavirenz,Generic,600mg,Tablet,30,"48,072",171136.32,3.56,0.12,Mylan (formerly Matrix) Nashik,FALSE,See DN-2975 (ID#:82536),null,239.93
"84,704",106-HT-T30,FPQ-9056,SO-41320,DN-2521,Haiti,PMO - US,From RDC,N/A - From RDC,Air,12/20/2011,N/A - From RDC,30-Mar-12,13-Feb-12,13-Feb-12,ARV,Adult,SCMS from RDC,"Lamivudine/Nevirapine/Stavudine 150/200/30mg, tablets, 60 Tabs",Lamivudine/Nevirapine/Stavudine,Generic,150/200/30mg,Tablet - FDC,60,180,968.40,5.38,0.09,"Strides, Bangalore, India.",TRUE,37,"$1,221.01 ",1.36
"84,705",101-CD-T30,FPQ-8840,SO-41384,DN-2525,"Congo, DRC",PMO - US,From RDC,N/A - From RDC,Air,11/21/2011,N/A - From RDC,22-Mar-12,22-Mar-12,22-Mar-12,ARV,Adult,SCMS from RDC,"Lamivudine 150mg, tablets, 60 Tabs",Lamivudine,Generic,150mg,Tablet,60,43,100.19,2.33,0.04,Hetero Unit III Hyderabad IN,TRUE,2,$91.42 ,0.14
"84,706",101-CD-T30,FPQ-8840,SO-41385,DN-2526,"Congo, DRC",PMO - US,From RDC,N/A - From RDC,Air,11/21/2011,N/A - From RDC,22-Mar-12,22-Mar-12,22-Mar-12,ARV,Adult,SCMS from RDC,"Lamivudine 150mg, tablets, 60 Tabs",Lamivudine,Generic,150mg,Tablet,60,23,53.59,2.33,0.04,Hetero Unit III Hyderabad IN,TRUE,1,$522.42 ,0.08
"84,707",101-CD-T30,FPQ-8840,SO-41386,DN-2527,"Congo, DRC",PMO - US,From RDC,N/A - From RDC,Air,11/21/2011,N/A - From RDC,22-Mar-12,22-Mar-12,22-Mar-12,ARV,Adult,SCMS from RDC,"Lamivudine 150mg, tablets, 60 Tabs",Lamivudine,Generic,150mg,Tablet,60,24,55.92,2.33,0.04,Hetero Unit III Hyderabad IN,TRUE,2,$522.42 ,0.08
"11,430",114-UG-T01,Pre-PQ Process,SO-895,DN-298,Uganda,PMO - US,From RDC,N/A - From RDC,Air,Pre-PQ Process,N/A - From RDC,27-Aug-07,27-Aug-07,27-Aug-07,ARV,Adult,SCMS from RDC,"Stavudine 30mg, capsules, 60 Caps",Stavudine,Generic,30mg,Capsule,60,"1,000",1520.00,1.52,0.03,"Strides, Bangalore, India.",FALSE,See DN-298 (ID#:10863),null,2.43
"82,539",101-CD-T30,FPQ-11054,SO-43680,DN-2981,"Congo, DRC",PMO - US,From RDC,N/A - From RDC,Air,11/16/2012,N/A - From RDC,11-Sep-13,11-Sep-13,11-Sep-13,ARV,Adult,SCMS from RDC,"Efavirenz/Lamivudine/Tenofovir Disoproxil Fumarate 600/300/300mg, tablets, 30 Tabs",Efavirenz/Lamivudine/Tenofovir Disoproxil Fumarate,Generic,600/300/300mg,Tablet - FDC,30,"2,952",35748.72,12.11,0.4,Mylan (formerly Matrix) Nashik,FALSE,See DN-2981 (ID#:82538),null,44.22
"84,711",109-TZ-T30,FPQ-8297,SO-40600,DN-2571,Tanzania,PMO - US,From RDC,N/A - From RDC,Truck,8/22/2011,N/A - From RDC,11-Apr-12,11-Apr-12,11-Apr-12,ARV,Adult,SCMS from RDC,"Efavirenz 600mg, tablets, 30 Tabs",Efavirenz,Generic,600mg,Tablet,30,"137,269",579275.18,4.22,0.14,"Strides, Bangalore, India.",TRUE,8474,"$3,279.25 ",955.8
"83,102",101-CD-T30,FPQ-11054,SO-43680,DN-2981,"Congo, DRC",PMO - US,From RDC,N/A - From RDC,Air,11/16/2012,N/A - From RDC,11-Sep-13,11-Sep-13,11-Sep-13,ARV,Adult,SCMS from RDC,"Efavirenz 600mg, tablets, 30 Tabs",Efavirenz,Generic,600mg,Tablet,30,568,2022.08,3.56,0.12,"Strides, Bangalore, India.",FALSE,See DN-2981 (ID#:82538),null,2.5
"83,647",101-CD-T30,FPQ-11054,SO-43680,DN-2981,"Congo, DRC",PMO - US,From RDC,N/A - From RDC,Air,11/16/2012,N/A - From RDC,11-Sep-13,11-Sep-13,11-Sep-13,ARV,Adult,SCMS from RDC,"Lopinavir/Ritonavir 200/50mg, tablets, 120 Tabs",Lopinavir/Ritonavir,Generic,200/50mg,Tablet,120,159,3936.84,24.76,0.21,"Aurobindo Unit III, India",FALSE,See DN-2981 (ID#:82538),null,4.87
"84,215",101-CD-T30,FPQ-11054,SO-43680,DN-2981,"Congo, DRC",PMO - US,From RDC,N/A - From RDC,Air,11/16/2012,N/A - From RDC,11-Sep-13,11-Sep-13,11-Sep-13,ARV,Adult,SCMS from RDC,"Lamivudine 150mg, tablets, 60 Tabs",Lamivudine,Generic,150mg,Tablet,60,123,244.77,1.99,0.03,Hetero Unit III Hyderabad IN,FALSE,See DN-2981 (ID#:82538),null,0.3
"84,715",114-UG-T30,FPQ-8522,SO-40932,DN-2602,Uganda,PMO - US,From RDC,N/A - From RDC,Truck,10-05-11,N/A - From RDC,16-Apr-12,27-Mar-12,27-Mar-12,ARV,Adult,SCMS from RDC,"Efavirenz 600mg, tablets, 30 Tabs",Efavirenz,Generic,600mg,Tablet,30,"24,657",101586.84,4.12,0.14,"Strides, Bangalore, India.",TRUE,1511,"$7,403.01 ",167.62
"84,716",114-UG-T30,FPQ-9354,SO-41640,DN-2609,Uganda,PMO - US,From RDC,N/A - From RDC,Air,2/20/2012,N/A - From RDC,21-Jun-12,27-Mar-12,27-Mar-12,ARV,Adult,SCMS from RDC,"Efavirenz/Emtricitabine/Tenofovir Disoproxil Fumarate 600/200/300mg, tablets, 30 Tabs",Efavirenz/Emtricitabine/Tenofovir Disoproxil Fumarate,Generic,600/200/300mg,Tablet - FDC,30,"11,852",198283.96,16.73,0.56,Mylan (formerly Matrix) Nashik,TRUE,1342,"$6,340.20 ",277.99
"85,323",101-CD-T30,FPQ-11054,SO-43680,DN-2981,"Congo, DRC",PMO - US,From RDC,N/A - From RDC,Air,11/16/2012,N/A - From RDC,11-Sep-13,11-Sep-13,11-Sep-13,ARV,Adult,SCMS from RDC,"Abacavir 300mg, tablets, 60 Tabs",Abacavir,Generic,300mg,Tablet,60,155,2008.80,12.96,0.22,Mylan (formerly Matrix) Nashik,FALSE,See DN-2981 (ID#:82538),null,2.48
"85,324",101-CD-T30,FPQ-11054,SO-43680,DN-2981,"Congo, DRC",PMO - US,From RDC,N/A - From RDC,Air,11/16/2012,N/A - From RDC,11-Sep-13,11-Sep-13,11-Sep-13,ARV,Pediatric,SCMS from RDC,"Nevirapine 10mg/ml, oral suspension w/syringe, Bottle, 240 ml",Nevirapine,Generic,10mg/ml,Oral suspension,240,"7,003",13655.85,1.95,0.01,"Aurobindo Unit III, India",FALSE,See DN-2981 (ID#:82538),null,16.89
"84,719",107-RW-T30,FPQ-9190,SO-41430,DN-2625,Rwanda,PMO - US,From RDC,N/A - From RDC,Air,1/27/2012,N/A - From RDC,29-Jun-12,17-Apr-12,17-Apr-12,ARV,Pediatric,SCMS from RDC,"Efavirenz 200mg, capsule, 90 Caps",Efavirenz,Generic,200mg,Capsule,90,487,4207.68,8.64,0.1,"Aurobindo Unit III, India",TRUE,66,$585.42 ,5.9
"85,325",101-CD-T30,FPQ-11054,SO-43680,DN-2981,"Congo, DRC",PMO - US,From RDC,N/A - From RDC,Air,11/16/2012,N/A - From RDC,11-Sep-13,11-Sep-13,11-Sep-13,ARV,Adult,SCMS from RDC,"Nevirapine 200mg, tablets, 60 Tabs",Nevirapine,Generic,200mg,Tablet,60,170,392.70,2.31,0.04,"Aurobindo Unit III, India",FALSE,See DN-2981 (ID#:82538),null,0.49
"85,925",101-CD-T30,FPQ-11054,SO-43680,DN-2981,"Congo, DRC",PMO - US,From RDC,N/A - From RDC,Air,11/16/2012,N/A - From RDC,11-Sep-13,11-Sep-13,11-Sep-13,ARV,Adult,SCMS from RDC,"Lamivudine/Nevirapine/Zidovudine 150/200/300mg, tablets, 60 Tabs",Lamivudine/Nevirapine/Zidovudine,Generic,150/300/200mg,Tablet - FDC,60,"24,391",218787.27,8.97,0.15,"Aurobindo Unit III, India",FALSE,See DN-2981 (ID#:82538),null,270.64
"86,541",101-CD-T30,FPQ-11054,SO-43680,DN-2981,"Congo, DRC",PMO - US,From RDC,N/A - From RDC,Air,11/16/2012,N/A - From RDC,11-Sep-13,11-Sep-13,11-Sep-13,ARV,Adult,SCMS from RDC,"Lamivudine/Tenofovir Disoproxil Fumarate 300/300mg, tablets, 30 Tabs",Lamivudine/Tenofovir Disoproxil Fumarate,Generic,300/300mg,Tablet - FDC,30,897,4314.57,4.81,0.16,"Cipla, Kurkumbh, India",FALSE,See DN-2981 (ID#:82538),null,5.34
"84,722",151-NG-T30,FPQ-8952,SO-41922,DN-2649,Nigeria,PMO - US,From RDC,N/A - From RDC,Air Charter,12-08-11,N/A - From RDC,20-Jun-12,30-Apr-12,30-Apr-12,ARV,Adult,SCMS from RDC,"Lamivudine/Tenofovir Disoproxil Fumarate 300/300mg, tablets, 30 Tabs",Lamivudine/Tenofovir Disoproxil Fumarate,Generic,300/300mg,Tablet - FDC,30,"140,273",777112.42,5.54,0.18,Mylan (formerly Matrix) Nashik,TRUE,11734,"$27,441.22 ","1,089.51"
"84,723",107-RW-T30,FPQ-9637,SO-41820,DN-2653,Rwanda,PMO - US,From RDC,N/A - From RDC,Air,3/28/2012,N/A - From RDC,29-Jun-12,15-May-12,15-May-12,ARV,Adult,SCMS from RDC,"Efavirenz 600mg, tablets, 30 Tabs",Efavirenz,Generic,600mg,Tablet,30,"24,126",94332.66,3.91,0.13,"Strides, Bangalore, India.",TRUE,1444,"$15,842.34 ",132.25
"84,724",107-RW-T30,FPQ-9911,SO-42090,DN-2670,Rwanda,PMO - US,From RDC,N/A - From RDC,Air,05-11-12,N/A - From RDC,08-Jun-12,01-Jun-12,01-Jun-12,ARV,Pediatric,SCMS from RDC,"Abacavir 20mg/ml, oral solution, Bottle, 240 ml",Abacavir,Generic,20mg/ml,Oral solution,240,"1,004",8534.00,8.5,0.04,"Cipla, Goa, India",TRUE,1,"$3,253.88 ",11.96
"86,543",114-UG-T30,FPQ-11143,SO-43930,DN-2986,Uganda,PMO - US,From RDC,N/A - From RDC,Air,12/13/2012,N/A - From RDC,22-Feb-13,25-Feb-13,25-Feb-13,ARV,Adult,SCMS from RDC,"Zidovudine 300mg, tablets, 60 Tabs",Zidovudine,Generic,300mg,Tablet,60,"2,250",15210.00,6.76,0.11,"Cipla, Goa, India",FALSE,See DN-2986 (ID#:85927),null,18.81
"84,726",107-RW-T30,FPQ-9912,SO-42150,DN-2674,Rwanda,PMO - US,From RDC,N/A - From RDC,Air,05-11-12,N/A - From RDC,29-Jun-12,01-Jun-12,01-Jun-12,ARV,Adult,SCMS from RDC,"Lamivudine/Zidovudine 150/300mg, tablets, 60 Tabs",Lamivudine/Zidovudine,Generic,150/300mg,Tablet - FDC,60,"30,480",237134.40,7.78,0.13,Mylan (formerly Matrix) Nashik,TRUE,698,"$26,845.35 ",332.46
"84,217",113-ZW-T30,FPQ-10632,SO-43220,DN-2989,Zimbabwe,PMO - US,From RDC,N/A - From RDC,Truck,09-11-12,N/A - From RDC,11-Feb-13,11-Feb-13,11-Feb-13,ARV,Adult,SCMS from RDC,"Nevirapine 200mg, tablets, 60 Tabs",Nevirapine,Generic,200mg,Tablet,60,"164,433",379840.23,2.31,0.04,"Aurobindo Unit III, India",FALSE,See DN-2989 (ID#:84216),null,532.54
"84,780",113-ZW-T30,FPQ-10632,SO-43220,DN-2989,Zimbabwe,PMO - US,From RDC,N/A - From RDC,Truck,09-11-12,N/A - From RDC,11-Feb-13,11-Feb-13,11-Feb-13,ARV,Adult,SCMS from RDC,"Efavirenz 600mg, tablets, 30 Tabs",Efavirenz,Generic,600mg,Tablet,30,636,2264.16,3.56,0.12,"Strides, Bangalore, India.",FALSE,See DN-2989 (ID#:84216),null,3.17
"84,729",107-RW-T30,FPQ-9888,SO-42110,DN-2673,Rwanda,PMO - US,From RDC,N/A - From RDC,Air,05-11-12,N/A - From RDC,15-Jun-12,01-Jun-12,01-Jun-12,ARV,Adult,SCMS from RDC,"Abacavir 300mg, tablets, 60 Tabs",Abacavir,Generic,300mg,Tablet,60,"12,000",157800.00,13.15,0.22,Mylan (formerly Matrix) Nashik,TRUE,1239,"$28,202 ",221.24
"84,730",105-GY-T30,FPQ-9819,SO-42030,DN-2700,Guyana,PMO - US,From RDC,N/A - From RDC,Air,05-04-12,N/A - From RDC,10-Jul-12,18-Jun-12,18-Jun-12,ARV,Adult,SCMS from RDC,"Zidovudine 300mg, tablets, 60 Tabs",Zidovudine,Generic,300mg,Tablet,60,852,5802.12,6.81,0.11,"Aurobindo Unit III, India",TRUE,46,"$1,255.62 ",8.13
"84,781",113-ZW-T30,FPQ-10632,SO-43220,DN-2989,Zimbabwe,PMO - US,From RDC,N/A - From RDC,Truck,09-11-12,N/A - From RDC,11-Feb-13,11-Feb-13,11-Feb-13,ARV,Adult,SCMS from RDC,"Lamivudine/Zidovudine 150/300mg, tablets, 60 Tabs",Lamivudine/Zidovudine,Generic,150/300mg,Tablet - FDC,60,"3,600",26172.00,7.27,0.12,"Cipla, Goa, India",FALSE,See DN-2989 (ID#:84216),null,36.69
"84,732",151-NG-T30,FPQ-9432,SO-42643,DN-2734,Nigeria,PMO - US,From RDC,N/A - From RDC,Air Charter,03-01-12,N/A - From RDC,02-Aug-12,10-Jul-12,10-Jul-12,ARV,Adult,SCMS from RDC,"Emtricitabine/Tenofovir Disoproxil Fumarate 200/300mg, tablets, 30 Tabs",Emtricitabine/Tenofovir Disoproxil Fumarate,Generic,200/300mg,Tablet - FDC,30,"53,000",376830.00,7.11,0.24,"Aurobindo Unit III, India",TRUE,5252,"$21,347.13 ",528.32
"84,782",113-ZW-T30,FPQ-10632,SO-43220,DN-2989,Zimbabwe,PMO - US,From RDC,N/A - From RDC,Truck,09-11-12,N/A - From RDC,11-Feb-13,11-Feb-13,11-Feb-13,ARV,Adult,SCMS from RDC,"Lamivudine/Tenofovir Disoproxil Fumarate 300/300mg, tablets, 30 Tabs",Lamivudine/Tenofovir Disoproxil Fumarate,Generic,300/300mg,Tablet - FDC,30,"119,481",574703.61,4.81,0.16,"Aurobindo Unit VII, IN",FALSE,See DN-2989 (ID#:84216),null,805.73
"85,326",113-ZW-T30,FPQ-10632,SO-43220,DN-2989,Zimbabwe,PMO - US,From RDC,N/A - From RDC,Truck,09-11-12,N/A - From RDC,11-Feb-13,11-Feb-13,11-Feb-13,ARV,Adult,SCMS from RDC,"Nevirapine 200mg, tablets, 60 Tabs",Nevirapine,Generic,200mg,Tablet,60,"131,487",318198.54,2.42,0.04,Hetero Unit III Hyderabad IN,FALSE,See DN-2989 (ID#:84216),null,446.11
"84,783",151-NG-T30,FPQ-10477,SO-43042,DN-2994,Nigeria,PMO - US,From RDC,N/A - From RDC,Air Charter,08-09-12,N/A - From RDC,11-Feb-13,11-Feb-13,11-Feb-13,ARV,Adult,SCMS from RDC,"Emtricitabine/Tenofovir Disoproxil Fumarate 200/300mg, tablets, 30 Tabs",Emtricitabine/Tenofovir Disoproxil Fumarate,Generic,200/300mg,Tablet - FDC,30,"8,326",53119.88,6.38,0.21,"Aurobindo Unit III, India",FALSE,See DN-2994 (ID#:82541),null,74.47
"84,736",110-ZM-T30,FPQ-9081,SO-41282,DN-2748,Zambia,PMO - US,From RDC,N/A - From RDC,Truck,12/22/2011,N/A - From RDC,31-Jul-12,30-Jul-12,30-Jul-12,ARV,Adult,SCMS from RDC,"Nevirapine 200mg, tablets, 60 Tabs",Nevirapine,Generic,200mg,Tablet,60,"16,947",41011.74,2.42,0.04,Mylan (formerly Matrix) Nashik,TRUE,1956,"$8,709 ",57.5
"84,737",104-CI-T30,FPQ-8790,SO-41202,DN-2752,Côte d'Ivoire,PMO - US,From RDC,N/A - From RDC,Air,11-11-11,N/A - From RDC,31-Jul-12,31-Jul-12,31-Jul-12,ARV,Adult,SCMS from RDC,"Lamivudine/Zidovudine 150/300mg, tablets, 60 Tabs",Lamivudine/Zidovudine,Generic,150/300mg,Tablet - FDC,60,336,2614.08,7.78,0.13,Mylan (formerly Matrix) Nashik,TRUE,27,"$1,845.31 ",3.66
"85,929",151-NG-T30,FPQ-10477,SO-43044,DN-2996,Nigeria,PMO - US,From RDC,N/A - From RDC,Air Charter,08-09-12,N/A - From RDC,11-Feb-13,11-Feb-13,11-Feb-13,ARV,Adult,SCMS from RDC,"Nevirapine 200mg, tablets, 60 Tabs",Nevirapine,Generic,200mg,Tablet,60,"107,500",248325.00,2.31,0.04,"Strides, Bangalore, India.",FALSE,See DN-2996 (ID#:84784),null,348.15
"84,739",151-NG-T30,FPQ-9432,SO-42932,DN-2793,Nigeria,PMO - US,From RDC,N/A - From RDC,Air Charter,03-01-12,N/A - From RDC,20-Aug-12,14-Aug-12,14-Aug-12,ARV,Adult,SCMS from RDC,"Emtricitabine/Tenofovir Disoproxil Fumarate 200/300mg, tablets, 30 Tabs",Emtricitabine/Tenofovir Disoproxil Fumarate,Generic,200/300mg,Tablet - FDC,30,"41,665",296238.15,7.11,0.24,"Aurobindo Unit III, India",TRUE,5110,"$18,461.22 ",415.33
"84,742",104-CI-T30,FPQ-9749,SO-42350,DN-2806,Côte d'Ivoire,PMO - US,From RDC,N/A - From RDC,Truck,4/19/2012,N/A - From RDC,01-Oct-12,27-Aug-12,27-Aug-12,ARV,Adult,SCMS from RDC,"Abacavir/Lamivudine/Zidovudine 300/150/300mg, tablets, 60 Tabs",Abacavir/Lamivudine/Zidovudine,Generic,300/150/300mg,Tablet - FDC,60,"2,050",57400.00,28,0.47,Mylan (formerly Matrix) Nashik,TRUE,312,"$2,128.15 ",80.47
"85,930",151-NG-T30,FPQ-10477,SO-43045,DN-2997,Nigeria,PMO - US,From RDC,N/A - From RDC,Air Charter,08-09-12,N/A - From RDC,11-Feb-13,11-Feb-13,11-Feb-13,ARV,Adult,SCMS from RDC,"Lamivudine/Zidovudine 150/300mg, tablets, 60 Tabs",Lamivudine/Zidovudine,Generic,150/300mg,Tablet - FDC,60,"162,827",1183752.29,7.27,0.12,"Aurobindo Unit III, India",FALSE,See DN-2997 (ID#:85328),null,"1,659.62"
"85,931",151-NG-T30,FPQ-10477,SO-43045,DN-2997,Nigeria,PMO - US,From RDC,N/A - From RDC,Air Charter,08-09-12,N/A - From RDC,11-Feb-13,11-Feb-13,11-Feb-13,ARV,Adult,SCMS from RDC,"Lamivudine/Zidovudine 150/300mg, tablets, 60 Tabs",Lamivudine/Zidovudine,Generic,150/300mg,Tablet - FDC,60,"44,383",322664.41,7.27,0.12,Mylan (formerly Matrix) Nashik,FALSE,See DN-2997 (ID#:85328),null,452.38
"84,745",104-CI-T30,FPQ-9749,SO-42401,DN-2814,Côte d'Ivoire,PMO - US,From RDC,N/A - From RDC,Truck,4/19/2012,N/A - From RDC,30-Oct-12,27-Aug-12,27-Aug-12,ARV,Adult,SCMS from RDC,"Efavirenz/Lamivudine/Tenofovir Disoproxil Fumarate 600/300/300mg, tablets, 30 Tabs",Efavirenz/Lamivudine/Tenofovir Disoproxil Fumarate,Generic,600/300/300mg,Tablet - FDC,30,"40,230",533852.10,13.27,0.44,Mylan (formerly Matrix) Nashik,TRUE,4525,"$11,874.85 ",748.46
"84,746",114-UG-T30,FPQ-9355,SO-41594,DN-2815,Uganda,PMO - US,From RDC,N/A - From RDC,Truck,2/20/2012,N/A - From RDC,30-Oct-12,30-Oct-12,30-Oct-12,ARV,Adult,SCMS from RDC,"Lamivudine/Zidovudine 150/300mg, tablets, 60 Tabs",Lamivudine/Zidovudine,Generic,150/300mg,Tablet - FDC,60,"5,154",39788.88,7.72,0.13,Hetero Unit III Hyderabad IN,TRUE,429,"$3,293.34 ",55.78
"84,747",104-CI-T30,FPQ-9063,SO-41360,DN-2816,Côte d'Ivoire,PMO - US,From RDC,N/A - From RDC,Truck,12/21/2011,N/A - From RDC,02-Oct-12,27-Aug-12,27-Aug-12,ARV,Adult,SCMS from RDC,"Lamivudine/Nevirapine/Zidovudine 150/200/300mg, tablets, 60 Tabs",Lamivudine/Nevirapine/Zidovudine,Generic,150/300/200mg,Tablet - FDC,60,"75,000",735750.00,9.81,0.16,Mylan (formerly Matrix) Nashik,TRUE,14413,"$11,874.85 ","1,031.52"
"11,092",100-CI-T01,Pre-PQ Process,SO-373,DN-30,Côte d'Ivoire,PMO - US,From RDC,N/A - From RDC,,Pre-PQ Process,N/A - From RDC,15-Mar-07,15-Mar-07,15-Mar-07,ARV,Adult,SCMS from RDC,"Saquinavir 200mg [Invirase], capsules, 270 Caps",Saquinavir,Invirase,200mg,Capsule,270,482,37596.00,78,0.29,Roche Basel,FALSE,See DN-30 (ID#:11091),null,
"84,749",900-TZ-T30,FPQ-10391,SO-43011,DN-2822,Tanzania,PMO - US,From RDC,N/A - From RDC,Air,7/26/2012,N/A - From RDC,26-Oct-12,26-Oct-12,26-Oct-12,ARV,Adult,SCMS from RDC,"Efavirenz 600mg, tablets, 30 Tabs",Efavirenz,Generic,600mg,Tablet,30,"90,000",342900.00,3.81,0.13,"Aurobindo Unit III, India",TRUE,7867,"$21,567.19 ",480.75
"84,750",900-UG-T30,FPQ-10048,SO-42620,DN-2824,Uganda,PMO - US,From RDC,N/A - From RDC,Air,06-06-12,N/A - From RDC,30-Oct-12,30-Oct-12,30-Oct-12,ARV,Adult,SCMS from RDC,"Nevirapine 200mg, tablets, 60 Tabs",Nevirapine,Generic,200mg,Tablet,60,"36,000",87840.00,2.44,0.04,"Strides, Bangalore, India.",TRUE,2026,"$10,095.90 ",123.15
"84,751",114-UG-T30,FPQ-9875,SO-42052,DN-2830,Uganda,PMO - US,From RDC,N/A - From RDC,Air,05-09-12,N/A - From RDC,18-Oct-12,18-Oct-12,18-Oct-12,ARV,Adult,SCMS from RDC,"Nevirapine 200mg, tablets, 60 Tabs",Nevirapine,Generic,200mg,Tablet,60,635,1549.40,2.44,0.04,"Strides, Bangalore, India.",TRUE,1779,"$9,325.16 ",2.17
"84,752",102-ZW-T30,FPQ-9927,SO-42281,DN-2835,Zimbabwe,PMO - US,From RDC,N/A - From RDC,Truck,5/15/2012,N/A - From RDC,25-Sep-12,03-Sep-12,03-Sep-12,ARV,Adult,SCMS from RDC,"Nevirapine 200mg, tablets, 60 Tabs",Nevirapine,Generic,200mg,Tablet,60,"60,794",147121.48,2.42,0.04,Mylan (formerly Matrix) Nashik,TRUE,6003,"$7,423.38 ",206.26
"84,753",104-CI-T30,FPQ-9063,SO-41361,DN-2851,Côte d'Ivoire,PMO - US,From RDC,N/A - From RDC,Truck,12/21/2011,N/A - From RDC,28-Sep-12,10-Sep-12,10-Sep-12,ARV,Adult,SCMS from RDC,"Efavirenz 600mg, tablets, 30 Tabs",Efavirenz,Generic,600mg,Tablet,30,"34,760",132435.60,3.81,0.13,"Aurobindo Unit III, India",TRUE,3367,"$12,589.74 ",185.67
"11,368",100-CI-T01,Pre-PQ Process,SO-373,DN-30,Côte d'Ivoire,PMO - US,From RDC,N/A - From RDC,,Pre-PQ Process,N/A - From RDC,15-Mar-07,15-Mar-07,15-Mar-07,ARV,Adult,SCMS from RDC,"Indinavir 400mg [Crixivan], capsules, 180 Caps",Indinavir,Crixivan,400mg,Capsule,180,370,18248.40,49.32,0.27,MSD Elkton USA,FALSE,See DN-30 (ID#:11091),null,
"11,369",100-CI-T01,Pre-PQ Process,SO-373,DN-30,Côte d'Ivoire,PMO - US,From RDC,N/A - From RDC,,Pre-PQ Process,N/A - From RDC,15-Mar-07,15-Mar-07,15-Mar-07,ARV,Adult,SCMS from RDC,"Abacavir 300mg, tablets, 60 Tabs",Abacavir,Generic,300mg,Tablet,60,33,1453.65,44.05,0.73,"Aurobindo Unit III, India",FALSE,See DN-30 (ID#:11091),null,
"84,756",111-MZ-T30,FPQ-10210,SO-42831,DN-2864,Mozambique,PMO - US,From RDC,N/A - From RDC,Truck,6/28/2012,N/A - From RDC,30-Nov-12,10-Oct-12,10-Oct-12,ARV,Adult,SCMS from RDC,"Efavirenz 600mg, tablets, 30 Tabs",Efavirenz,Generic,600mg,Tablet,30,"22,122",84284.82,3.81,0.13,"Strides, Bangalore, India.",TRUE,1409,"$3,855.95 ",118.17
"86,544",114-UG-T30,FPQ-10780,SO-43491,DN-3000,Uganda,PMO - US,From RDC,N/A - From RDC,Air,10-10-12,N/A - From RDC,11-Feb-13,07-Mar-13,07-Mar-13,ARV,Adult,SCMS from RDC,"Lamivudine/Tenofovir Disoproxil Fumarate 300/300mg, tablets, 30 Tabs",Lamivudine/Tenofovir Disoproxil Fumarate,Generic,300/300mg,Tablet - FDC,30,"13,620",65512.20,4.81,0.16,Hetero Unit III Hyderabad IN,FALSE,See DN-3000 (ID#:82542),null,91.85
"84,785",114-UG-T30,FPQ-11143,SO-43961,DN-3001,Uganda,PMO - US,From RDC,N/A - From RDC,Air,12/13/2012,N/A - From RDC,22-Feb-13,20-Feb-13,20-Feb-13,ARV,Adult,SCMS from RDC,"Lopinavir/Ritonavir 200/50mg, tablets, 120 Tabs",Lopinavir/Ritonavir,Generic,200/50mg,Tablet,120,"12,440",308014.40,24.76,0.21,"Aurobindo Unit III, India",FALSE,See DN-3001 (ID#:83651),null,381.01
"84,786",114-UG-T30,FPQ-11143,SO-43961,DN-3001,Uganda,PMO - US,From RDC,N/A - From RDC,Air,12/13/2012,N/A - From RDC,22-Feb-13,20-Feb-13,20-Feb-13,ARV,Adult,SCMS from RDC,"Tenofovir Disoproxil Fumarate 300mg, tablets, 30 Tabs",Tenofovir Disoproxil Fumarate,Generic,300mg,Tablet,30,240,969.60,4.04,0.13,Mylan (formerly Matrix) Nashik,FALSE,See DN-3001 (ID#:83651),null,1.2
"85,932",114-UG-T30,FPQ-11143,SO-43961,DN-3001,Uganda,PMO - US,From RDC,N/A - From RDC,Air,12/13/2012,N/A - From RDC,22-Feb-13,20-Feb-13,20-Feb-13,ARV,Adult,SCMS from RDC,"Efavirenz 600mg, tablets, 30 Tabs",Efavirenz,Generic,600mg,Tablet,30,"9,354",33300.24,3.56,0.12,"Aurobindo Unit III, India",FALSE,See DN-3001 (ID#:83651),null,41.19
"84,761",151-NG-T30,FPQ-9968,SO-42686,DN-2905,Nigeria,PMO - US,From RDC,N/A - From RDC,Air,5/23/2012,N/A - From RDC,06-Nov-12,06-Nov-12,06-Nov-12,ARV,Adult,SCMS from RDC,"Efavirenz 600mg, tablets, 30 Tabs",Efavirenz,Generic,600mg,Tablet,30,"120,954",440272.56,3.64,0.12,"Aurobindo Unit III, India",TRUE,11369,"$15,459.09 ",617.26
"84,762",151-NG-T30,FPQ-9968,SO-42687,DN-2906,Nigeria,PMO - US,From RDC,N/A - From RDC,Air,5/23/2012,N/A - From RDC,06-Nov-12,06-Nov-12,06-Nov-12,ARV,Pediatric,SCMS from RDC,"Efavirenz 200mg, capsule, 90 Caps",Efavirenz,Generic,200mg,Capsule,90,"2,548",21046.48,8.26,0.09,"Aurobindo Unit III, India",TRUE,370,"$15,459.09 ",29.51
"84,763",151-NG-T30,FPQ-9968,SO-42688,DN-2907,Nigeria,PMO - US,From RDC,N/A - From RDC,Air,5/23/2012,N/A - From RDC,06-Nov-12,06-Nov-12,06-Nov-12,ARV,Adult,SCMS from RDC,"Lamivudine 150mg, tablets, 60 Tabs",Lamivudine,Generic,150mg,Tablet,60,"12,847",27749.52,2.16,0.04,Hetero Unit III Hyderabad IN,TRUE,798,"$15,459.09 ",38.9
"84,764",103-ZW-T30,FPQ-9907,SO-42200,DN-2913,Zimbabwe,PMO - US,From RDC,N/A - From RDC,Truck,5/15/2012,N/A - From RDC,19-Nov-12,19-Nov-12,19-Nov-12,ARV,Pediatric,SCMS from RDC,"Lamivudine/Zidovudine 30/60mg, tablets, 60 Tabs",Lamivudine/Zidovudine,Generic,30/60mg,Tablet - FDC,60,"53,733",148303.08,2.76,0.05,Mylan (formerly Matrix) Nashik,TRUE,2232,"$6,933.76 ",207.92
"83,654",111-MZ-T30,FPQ-11033,SO-43760,DN-3012,Mozambique,PMO - US,From RDC,N/A - From RDC,Truck,11-12-12,N/A - From RDC,01-Apr-13,22-Mar-13,22-Mar-13,ARV,Adult,SCMS from RDC,"Nevirapine 200mg, tablets, 60 Tabs",Nevirapine,Generic,200mg,Tablet,60,"1,820",4204.20,2.31,0.04,Hetero Unit III Hyderabad IN,FALSE,See DN-3012 (ID#:83107),null,5.2
"84,766",114-UG-T30,FPQ-10780,SO-43510,DN-2926,Uganda,PMO - US,From RDC,N/A - From RDC,Air,10-10-12,N/A - From RDC,20-Dec-12,28-Nov-12,28-Nov-12,ARV,Adult,SCMS from RDC,"Abacavir 300mg, tablets, 60 Tabs",Abacavir,Generic,300mg,Tablet,60,"2,067",26788.32,12.96,0.22,Mylan (formerly Matrix) Nashik,TRUE,220,"$1,616.45 ",37.56
"84,767",113-ZW-T30,FPQ-7560,SO-39480,DN-2930,Zimbabwe,PMO - US,From RDC,N/A - From RDC,Truck,4/26/2011,N/A - From RDC,19-Dec-12,13-Dec-12,13-Dec-12,ARV,Adult,SCMS from RDC,"Zidovudine 300mg, tablets, 60 Tabs",Zidovudine,Generic,300mg,Tablet,60,"35,061",237012.36,6.76,0.11,"Cipla, Goa, India",TRUE,2247,"$8,194.09 ",391.07
"85,330",111-MZ-T30,FPQ-11033,SO-43760,DN-3012,Mozambique,PMO - US,From RDC,N/A - From RDC,Truck,11-12-12,N/A - From RDC,01-Apr-13,22-Mar-13,22-Mar-13,ARV,Adult,SCMS from RDC,"Lamivudine 150mg, tablets, 60 Tabs",Lamivudine,Generic,150mg,Tablet,60,"1,458",2901.42,1.99,0.03,Hetero Unit III Hyderabad IN,FALSE,See DN-3012 (ID#:83107),null,3.59
"84,222",106-HT-T30,FPQ-11281,SO-44410,DN-3014,Haiti,PMO - US,From RDC,N/A - From RDC,Air,1/16/2013,N/A - From RDC,09-Apr-13,03-Jan-13,03-Jan-13,ARV,Adult,SCMS from RDC,"Lamivudine/Nevirapine/Stavudine 150/200/30mg, tablets, 60 Tabs",Lamivudine/Nevirapine/Stavudine,Generic,150/200/30mg,Tablet - FDC,60,270,1269.00,4.7,0.08,"Strides, Bangalore, India.",FALSE,See DN-3014 (ID#:83655),null,1.57
"84,770",104-CI-T30,FPQ-10405,SO-42990,DN-2936,Côte d'Ivoire,PMO - US,From RDC,N/A - From RDC,Truck,7/24/2012,N/A - From RDC,13-Dec-12,03-Dec-12,03-Dec-12,ARV,Adult,SCMS from RDC,"Lamivudine/Zidovudine 150/300mg, tablets, 60 Tabs",Lamivudine/Zidovudine,Generic,150/300mg,Tablet - FDC,60,"36,180",279309.60,7.72,0.13,Mylan (formerly Matrix) Nashik,TRUE,2907,"$11,320.56 ",391.59
"84,787",106-HT-T30,FPQ-11281,SO-44410,DN-3014,Haiti,PMO - US,From RDC,N/A - From RDC,Air,1/16/2013,N/A - From RDC,09-Apr-13,03-Jan-13,03-Jan-13,ARV,Pediatric,SCMS from RDC,"Lamivudine/Nevirapine/Stavudine 30/50/6mg, dispersible tablets, 60 Tabs",Lamivudine/Nevirapine/Stavudine,Generic,30/50/6mg,Chewable/dispersible tablet - FDC,60,562,1292.60,2.3,0.04,"Cipla, Goa, India",FALSE,See DN-3014 (ID#:83655),null,1.6
"82,555",106-HT-T30,FPQ-11281,SO-44400,DN-3015,Haiti,PMO - US,From RDC,N/A - From RDC,Air,1/16/2013,N/A - From RDC,09-Apr-13,14-Mar-13,14-Mar-13,ARV,Adult,SCMS from RDC,"Tenofovir Disoproxil Fumarate 300mg, tablets, 30 Tabs",Tenofovir Disoproxil Fumarate,Generic,300mg,Tablet,30,192,775.68,4.04,0.13,Mylan (formerly Matrix) Nashik,FALSE,See DN-3015 (ID#:82554),null,0.96
"83,117",106-HT-T30,FPQ-11281,SO-44400,DN-3015,Haiti,PMO - US,From RDC,N/A - From RDC,Air,1/16/2013,N/A - From RDC,09-Apr-13,14-Mar-13,14-Mar-13,ARV,Adult,SCMS from RDC,"Lamivudine/Nevirapine/Zidovudine 150/200/300mg, tablets, 60 Tabs",Lamivudine/Nevirapine/Zidovudine,Generic,150/300/200mg,Tablet - FDC,60,"39,072",335237.76,8.58,0.14,Hetero Unit III Hyderabad IN,FALSE,See DN-3015 (ID#:82554),null,414.69
"83,661",106-HT-T30,FPQ-11281,SO-44400,DN-3015,Haiti,PMO - US,From RDC,N/A - From RDC,Air,1/16/2013,N/A - From RDC,09-Apr-13,14-Mar-13,14-Mar-13,ARV,Adult,SCMS from RDC,"Lopinavir/Ritonavir 200/50mg, tablets, 120 Tabs",Lopinavir/Ritonavir,Generic,200/50mg,Tablet,120,"6,160",152521.60,24.76,0.21,Mylan (formerly Matrix) Nashik,FALSE,See DN-3015 (ID#:82554),null,188.67
"83,662",106-HT-T30,FPQ-11281,SO-44400,DN-3015,Haiti,PMO - US,From RDC,N/A - From RDC,Air,1/16/2013,N/A - From RDC,09-Apr-13,14-Mar-13,14-Mar-13,ARV,Pediatric,SCMS from RDC,"Nevirapine 10mg/ml, oral suspension w/syringe, Bottle, 240 ml",Nevirapine,Generic,10mg/ml,Oral suspension,240,"1,716",3346.20,1.95,0.01,"Aurobindo Unit III, India",FALSE,See DN-3015 (ID#:82554),null,4.14
"84,776",109-TZ-T30,FPQ-10545,SO-43110,DN-2963,Tanzania,PMO - US,From RDC,N/A - From RDC,Truck,8/24/2012,N/A - From RDC,28-Feb-13,18-Feb-13,18-Feb-13,ARV,Pediatric,SCMS from RDC,"Lamivudine/Nevirapine/Stavudine 60/100/12mg, dispersible tablets, 60 Tabs",Lamivudine/Nevirapine/Stavudine,Generic,60/100/12mg,Chewable/dispersible tablet - FDC,60,"10,727",46126.10,4.3,0.07,"Cipla, Goa, India",TRUE,945,"$7,579.60 ",64.67
"84,777",110-ZM-T30,FPQ-10530,SO-43150,DN-2973,Zambia,PMO - US,From RDC,N/A - From RDC,Truck,8/21/2012,N/A - From RDC,09-Jan-13,07-Jan-13,07-Jan-13,ARV,Adult,SCMS from RDC,"Lamivudine 150mg, tablets, 60 Tabs",Lamivudine,Generic,150mg,Tablet,60,"70,647",156836.34,2.22,0.04,Hetero Unit III Hyderabad IN,TRUE,4067,"$14,050.13 ",219.88
"84,778",104-CI-T30,FPQ-9749,SO-42410,DN-2957,Côte d'Ivoire,PMO - US,From RDC,N/A - From RDC,Truck,4/19/2012,N/A - From RDC,31-Jan-13,14-Jan-13,14-Jan-13,ARV,Pediatric,SCMS from RDC,"Lamivudine/Nevirapine/Zidovudine 30/50/60mg, dispersible tablets, 60 Tabs",Lamivudine/Nevirapine/Zidovudine,Generic,30/50/60mg,Chewable/dispersible tablet - FDC,60,"5,701",23659.15,4.15,0.07,Mylan (formerly Matrix) Nashik,TRUE,338,"$3,487.55 ",33.17
"84,233",106-HT-T30,FPQ-11281,SO-44400,DN-3015,Haiti,PMO - US,From RDC,N/A - From RDC,Air,1/16/2013,N/A - From RDC,09-Apr-13,14-Mar-13,14-Mar-13,ARV,Adult,SCMS from RDC,"Stavudine 15mg, capsules, 60 Caps",Stavudine,Generic,15mg,Capsule,60,216,285.12,1.32,0.02,"Aurobindo Unit III, India",FALSE,See DN-3015 (ID#:82554),null,0.35
"84,793",106-HT-T30,FPQ-11281,SO-44400,DN-3015,Haiti,PMO - US,From RDC,N/A - From RDC,Air,1/16/2013,N/A - From RDC,09-Apr-13,14-Mar-13,14-Mar-13,ARV,Adult,SCMS from RDC,"Lamivudine 150mg, tablets, 60 Tabs",Lamivudine,Generic,150mg,Tablet,60,"1,980",3940.20,1.99,0.03,Hetero Unit III Hyderabad IN,FALSE,See DN-3015 (ID#:82554),null,4.87
"84,794",106-HT-T30,FPQ-11281,SO-44400,DN-3015,Haiti,PMO - US,From RDC,N/A - From RDC,Air,1/16/2013,N/A - From RDC,09-Apr-13,14-Mar-13,14-Mar-13,ARV,Pediatric,SCMS from RDC,"Lamivudine/Zidovudine 30/60mg, tablets, 60 Tabs",Lamivudine/Zidovudine,Generic,30/60mg,Tablet - FDC,60,"7,392",16705.92,2.26,0.04,"Aurobindo Unit III, India",FALSE,See DN-3015 (ID#:82554),null,20.67
"85,335",106-HT-T30,FPQ-11281,SO-44400,DN-3015,Haiti,PMO - US,From RDC,N/A - From RDC,Air,1/16/2013,N/A - From RDC,09-Apr-13,14-Mar-13,14-Mar-13,ARV,Pediatric,SCMS from RDC,"Efavirenz 200mg, scored tablets, 90 Tabs",Efavirenz,Generic,200mg,Tablet,90,"2,000",14600.00,7.3,0.08,"Strides, Bangalore, India.",FALSE,See DN-3015 (ID#:82554),null,18.06
"85,336",106-HT-T30,FPQ-11281,SO-44400,DN-3015,Haiti,PMO - US,From RDC,N/A - From RDC,Air,1/16/2013,N/A - From RDC,09-Apr-13,14-Mar-13,14-Mar-13,ARV,Pediatric,SCMS from RDC,"Stavudine 1mg/ml, powder for oral solution w/syringe, 200 ml",Stavudine,Generic,1mg/ml,Powder for oral solution,200,330,412.50,1.25,0.01,"Aurobindo Unit III, India",FALSE,See DN-3015 (ID#:82554),null,0.51
"84,784",151-NG-T30,FPQ-10477,SO-43044,DN-2996,Nigeria,PMO - US,From RDC,N/A - From RDC,Air Charter,08-09-12,N/A - From RDC,11-Feb-13,11-Feb-13,11-Feb-13,ARV,Adult,SCMS from RDC,"Nevirapine 200mg, tablets, 60 Tabs",Nevirapine,Generic,200mg,Tablet,60,"49,295",113871.45,2.31,0.04,"Aurobindo Unit III, India",TRUE,12032,"$29,780.50 ",159.65
"85,337",106-HT-T30,FPQ-11281,SO-44400,DN-3015,Haiti,PMO - US,From RDC,N/A - From RDC,Air,1/16/2013,N/A - From RDC,09-Apr-13,14-Mar-13,14-Mar-13,ARV,Adult,SCMS from RDC,"Lamivudine/Zidovudine 150/300mg, tablets, 60 Tabs",Lamivudine/Zidovudine,Generic,150/300mg,Tablet - FDC,60,"53,220",386909.40,7.27,0.12,Mylan (formerly Matrix) Nashik,FALSE,See DN-3015 (ID#:82554),null,478.61
"85,943",106-HT-T30,FPQ-11281,SO-44400,DN-3015,Haiti,PMO - US,From RDC,N/A - From RDC,Air,1/16/2013,N/A - From RDC,09-Apr-13,14-Mar-13,14-Mar-13,ARV,Adult,SCMS from RDC,"Abacavir 300mg, tablets, 60 Tabs",Abacavir,Generic,300mg,Tablet,60,"2,610",33825.60,12.96,0.22,"Aurobindo Unit III, India",FALSE,See DN-3015 (ID#:82554),null,41.84
"85,944",106-HT-T30,FPQ-11281,SO-44400,DN-3015,Haiti,PMO - US,From RDC,N/A - From RDC,Air,1/16/2013,N/A - From RDC,09-Apr-13,14-Mar-13,14-Mar-13,ARV,Pediatric,SCMS from RDC,"Zidovudine 10mg/ml, oral solution w/syringe, Bottle, 240 ml",Zidovudine,Generic,10mg/ml,Oral solution,240,"1,951",4097.10,2.1,0.01,"Aurobindo Unit III, India",FALSE,See DN-3015 (ID#:82554),null,5.07
"84,223",101-CD-T30,FPQ-11096,SO-43750,DN-3017,"Congo, DRC",PMO - US,From RDC,N/A - From RDC,Air,11/20/2012,N/A - From RDC,18-Mar-13,08-Aug-13,08-Aug-13,ARV,Pediatric,SCMS from RDC,"Lamivudine/Zidovudine 30/60mg, tablets, 60 Tabs",Lamivudine/Zidovudine,Generic,30/60mg,Tablet - FDC,60,"1,296",2928.96,2.26,0.04,"Aurobindo Unit III, India",FALSE,See DN-3017 (ID#:83108),null,3.62
"84,224",101-CD-T30,FPQ-11096,SO-43750,DN-3017,"Congo, DRC",PMO - US,From RDC,N/A - From RDC,Air,11/20/2012,N/A - From RDC,18-Mar-13,08-Aug-13,08-Aug-13,ARV,Adult,SCMS from RDC,"Lamivudine/Nevirapine/Zidovudine 150/200/300mg, tablets, 60 Tabs",Lamivudine/Nevirapine/Zidovudine,Generic,150/300/200mg,Tablet - FDC,60,990,8494.20,8.58,0.14,Hetero Unit III Hyderabad IN,FALSE,See DN-3017 (ID#:83108),null,10.51
"84,225",101-CD-T30,FPQ-11096,SO-43750,DN-3017,"Congo, DRC",PMO - US,From RDC,N/A - From RDC,Air,11/20/2012,N/A - From RDC,18-Mar-13,08-Aug-13,08-Aug-13,ARV,Pediatric,SCMS from RDC,"Abacavir/Lamivudine 60/30mg, tablets, 60 Tabs",Abacavir/Lamivudine,Generic,60/30mg,Tablet - FDC,60,54,248.40,4.6,0.08,"Aurobindo Unit III, India",FALSE,See DN-3017 (ID#:83108),null,0.31
"84,791",114-UG-T30,FPQ-11143,SO-43940,DN-3034,Uganda,PMO - US,From RDC,N/A - From RDC,Air,12/13/2012,N/A - From RDC,29-Mar-13,01-Mar-13,01-Mar-13,ARV,Adult,SCMS from RDC,"Lamivudine/Zidovudine 150/300mg, tablets, 60 Tabs",Lamivudine/Zidovudine,Generic,150/300mg,Tablet - FDC,60,"25,680",186693.60,7.27,0.12,"Aurobindo Unit III, India",TRUE,3988,"$39,037.70 ",230.94
"84,792",106-HT-T30,FPQ-11526,SO-44450,DN-3043,Haiti,PMO - US,From RDC,N/A - From RDC,Air,1/30/2013,N/A - From RDC,30-Apr-13,15-Mar-13,15-Mar-13,ARV,Adult,SCMS from RDC,"Stavudine 15mg, capsules, 60 Caps",Stavudine,Generic,15mg,Capsule,60,216,285.12,1.32,0.02,"Aurobindo Unit III, India",TRUE,165,"$3,048.08 ",0.35
"84,226",101-CD-T30,FPQ-11096,SO-43750,DN-3017,"Congo, DRC",PMO - US,From RDC,N/A - From RDC,Air,11/20/2012,N/A - From RDC,18-Mar-13,08-Aug-13,08-Aug-13,ARV,Pediatric,SCMS from RDC,"Efavirenz 200mg, scored tablets, 90 Tabs",Efavirenz,Generic,200mg,Tablet,90,228,1664.40,7.3,0.08,"Strides, Bangalore, India.",FALSE,See DN-3017 (ID#:83108),null,2.06
"85,331",101-CD-T30,FPQ-11096,SO-43750,DN-3017,"Congo, DRC",PMO - US,From RDC,N/A - From RDC,Air,11/20/2012,N/A - From RDC,18-Mar-13,08-Aug-13,08-Aug-13,ARV,Adult,SCMS from RDC,"Lamivudine/Zidovudine 150/300mg, tablets, 60 Tabs",Lamivudine/Zidovudine,Generic,150/300mg,Tablet - FDC,60,"1,296",9421.92,7.27,0.12,Mylan (formerly Matrix) Nashik,FALSE,See DN-3017 (ID#:83108),null,11.65
"85,938",101-CD-T30,FPQ-11096,SO-43750,DN-3017,"Congo, DRC",PMO - US,From RDC,N/A - From RDC,Air,11/20/2012,N/A - From RDC,18-Mar-13,08-Aug-13,08-Aug-13,ARV,Pediatric,SCMS from RDC,"Zidovudine 10mg/ml, oral solution w/syringe, Bottle, 240 ml",Zidovudine,Generic,10mg/ml,Oral solution,240,738,1549.80,2.1,0.01,"Aurobindo Unit III, India",FALSE,See DN-3017 (ID#:83108),null,1.92
"84,796",113-ZW-T30,FPQ-11002,SO-43701,DN-3049,Zimbabwe,PMO - US,From RDC,N/A - From RDC,Truck,11/16/2012,N/A - From RDC,30-Apr-13,23-Mar-13,23-Mar-13,ARV,Adult,SCMS from RDC,"Nevirapine 200mg, tablets, 60 Tabs",Nevirapine,Generic,200mg,Tablet,60,"40,869",92363.94,2.26,0.04,Hetero Unit III Hyderabad IN,TRUE,2520,"$15,000 ",114.25
"84,797",110-ZM-T30,FPQ-11553,SO-44473,DN-3053,Zambia,PMO - US,From RDC,N/A - From RDC,Truck,1/28/2013,N/A - From RDC,25-Jun-13,22-Mar-13,22-Mar-13,ARV,Adult,SCMS from RDC,"Nevirapine 200mg, tablets, 60 Tabs",Nevirapine,Generic,200mg,Tablet,60,"40,000",92400.00,2.31,0.04,Hetero Unit III Hyderabad IN,TRUE,2452,"$5,520.86 ",114.3
"84,859",105-GY-T30,FPQ-12047,SO-45051,DN-3344,Guyana,PMO - US,From RDC,N/A - From RDC,Air,4/15/2013,N/A - From RDC,30-Sep-13,11-Oct-13,11-Oct-13,ARV,Adult,SCMS from RDC,"Zidovudine 300mg, tablets, 60 Tabs",Zidovudine,Generic,300mg,Tablet,60,"1,300",8333.00,6.41,0.11,Hetero Unit III Hyderabad IN,TRUE,77,"$1,149.07 ",10.31
"84,798",113-ZW-T30,FPQ-10895,SO-43590,DN-3055,Zimbabwe,PMO - US,From RDC,N/A - From RDC,Truck,10/25/2012,N/A - From RDC,31-May-13,14-Mar-13,14-Mar-13,ARV,Adult,SCMS from RDC,"Efavirenz/Lamivudine/Tenofovir Disoproxil Fumarate 600/300/300mg, tablets, 30 Tabs",Efavirenz/Lamivudine/Tenofovir Disoproxil Fumarate,Generic,600/300/300mg,Tablet - FDC,30,"20,160",244137.60,12.11,0.4,Mylan (formerly Matrix) Nashik,TRUE,2268,"$9,405.80 ",302
"84,799",111-MZ-T30,FPQ-10211,SO-42860,DN-3063,Mozambique,PMO - US,From RDC,N/A - From RDC,Truck,6/28/2012,N/A - From RDC,08-Apr-13,16-Apr-13,16-Apr-13,ARV,Adult,SCMS from RDC,"Efavirenz/Lamivudine/Tenofovir Disoproxil Fumarate 600/300/300mg, tablets, 30 Tabs",Efavirenz/Lamivudine/Tenofovir Disoproxil Fumarate,Generic,600/300/300mg,Tablet - FDC,30,"97,351",1178920.61,12.11,0.4,Mylan (formerly Matrix) Nashik,TRUE,11667,"$4,120.70 ","1,652.85"
"86,548",101-CD-T30,FPQ-11096,SO-43750,DN-3017,"Congo, DRC",PMO - US,From RDC,N/A - From RDC,Air,11/20/2012,N/A - From RDC,18-Mar-13,08-Aug-13,08-Aug-13,ARV,Pediatric,SCMS from RDC,"Lamivudine/Nevirapine/Zidovudine 30/50/60mg, dispersible tablets, 60 Tabs",Lamivudine/Nevirapine/Zidovudine,Generic,30/50/60mg,Chewable/dispersible tablet - FDC,60,"3,960",16434.00,4.15,0.07,Mylan (formerly Matrix) Nashik,FALSE,See DN-3017 (ID#:83108),null,20.33
"86,549",101-CD-T30,FPQ-11096,SO-43750,DN-3017,"Congo, DRC",PMO - US,From RDC,N/A - From RDC,Air,11/20/2012,N/A - From RDC,18-Mar-13,08-Aug-13,08-Aug-13,ARV,Pediatric,SCMS from RDC,"Didanosine 200mg, delayed-release capsules, 30 Caps",Didanosine,Generic,200mg,Delayed-release capsules,30,42,462.00,11,0.37,"Aurobindo Unit III, India",FALSE,See DN-3017 (ID#:83108),null,0.57
"84,802",103-ZW-T30,FPQ-11478,SO-44300,DN-3093,Zimbabwe,PMO - US,From RDC,N/A - From RDC,Truck,1/16/2013,N/A - From RDC,31-May-13,08-Apr-13,08-Apr-13,ARV,Pediatric,SCMS from RDC,"Abacavir 20mg/ml, oral solution w/syringe, Bottle, 240 ml",Abacavir,Generic,20mg/ml,Oral solution,240,442,5339.36,12.08,0.05,"Aurobindo Unit III, India",TRUE,118,"$8,600 ",6.6
"86,550",104-CI-T30,FPQ-10633,SO-43321,DN-3019,Côte d'Ivoire,PMO - US,From RDC,N/A - From RDC,Truck,09-11-12,N/A - From RDC,28-Feb-13,28-Feb-13,28-Feb-13,ARV,Adult,SCMS from RDC,"Lamivudine/Nevirapine/Zidovudine 150/200/300mg, tablets, 60 Tabs",Lamivudine/Nevirapine/Zidovudine,Generic,150/300/200mg,Tablet - FDC,60,"64,160",550492.80,8.58,0.14,Hetero Unit III Hyderabad IN,FALSE,See DN-3019 (ID#:84227),null,771.79
"84,804",102-DO-T30,FPQ-11791,SO-44730,DN-3097,Dominican Republic,PMO - US,From RDC,N/A - From RDC,Air,03-04-13,N/A - From RDC,24-Apr-13,02-Apr-13,02-Apr-13,ARV,Pediatric,SCMS from RDC,"Lamivudine/Nevirapine/Zidovudine 30/50/60mg, dispersible tablets, 60 Tabs",Lamivudine/Nevirapine/Zidovudine,Generic,30/50/60mg,Chewable/dispersible tablet - FDC,60,"1,152",4780.80,4.15,0.07,Mylan (formerly Matrix) Nashik,TRUE,78,"$1,342.44 ",5.91
"85,939",104-CI-T30,FPQ-10626,SO-43300,DN-3021,Côte d'Ivoire,PMO - US,From RDC,N/A - From RDC,Truck,09-06-12,N/A - From RDC,28-Mar-13,28-Feb-13,28-Feb-13,ARV,Adult,SCMS from RDC,"Tenofovir Disoproxil Fumarate 300mg, tablets, 30 Tabs",Tenofovir Disoproxil Fumarate,Generic,300mg,Tablet,30,"5,800",23432.00,4.04,0.13,Mylan (formerly Matrix) Nashik,FALSE,See DN-3021 (ID#:82544),null,32.85
"84,788",104-CI-T30,FPQ-10405,SO-43000,DN-3023,Côte d'Ivoire,PMO - US,From RDC,N/A - From RDC,Truck,7/24/2012,N/A - From RDC,27-Mar-13,28-Feb-13,28-Feb-13,ARV,Adult,SCMS from RDC,"Efavirenz 600mg, tablets, 30 Tabs",Efavirenz,Generic,600mg,Tablet,30,"30,000",99900.00,3.33,0.11,"Hetero, Jadcherla, unit 5, IN",FALSE,See DN-3023 (ID#:83111),null,140.06
"84,228",114-UG-T30,FPQ-10780,SO-43490,DN-3024,Uganda,PMO - US,From RDC,N/A - From RDC,Air,10-10-12,N/A - From RDC,18-Mar-13,07-Mar-13,07-Mar-13,ARV,Adult,SCMS from RDC,"Lamivudine/Nevirapine/Zidovudine 150/200/300mg, tablets, 60 Tabs",Lamivudine/Nevirapine/Zidovudine,Generic,150/300/200mg,Tablet - FDC,60,"7,253",62230.74,8.58,0.14,"Cipla, Goa, India",FALSE,See DN-3024 (ID#:83112),null,87.25
"84,809",111-MZ-T30,FPQ-11882,SO-44830,DN-3110,Mozambique,PMO - US,From RDC,N/A - From RDC,Truck,3/19/2013,N/A - From RDC,06-Jun-13,20-Jun-13,20-Jun-13,ARV,Adult,SCMS from RDC,"Lamivudine/Zidovudine 150/300mg, tablets, 60 Tabs",Lamivudine/Zidovudine,Generic,150/300mg,Tablet - FDC,60,"100,000",727000.00,7.27,0.12,Hetero Unit III Hyderabad IN,TRUE,36920,"$7,852.98 ",899.3
"84,229",114-UG-T30,FPQ-10946,SO-43640,DN-3025,Uganda,PMO - US,From RDC,N/A - From RDC,Air,11-01-12,N/A - From RDC,04-Apr-13,07-Mar-13,07-Mar-13,ARV,Adult,SCMS from RDC,"Lamivudine/Tenofovir Disoproxil Fumarate 300/300mg, tablets, 30 Tabs",Lamivudine/Tenofovir Disoproxil Fumarate,Generic,300/300mg,Tablet - FDC,30,"32,298",151800.60,4.7,0.16,Hetero Unit III Hyderabad IN,FALSE,See DN-3025 (ID#:82546),null,187.78
"86,552",151-NG-T30,FPQ-10477,SO-43047,DN-3027,Nigeria,PMO - US,From RDC,N/A - From RDC,Air Charter,08-09-12,N/A - From RDC,15-Mar-13,25-Feb-13,25-Feb-13,ARV,Adult,SCMS from RDC,"Emtricitabine/Tenofovir Disoproxil Fumarate 200/300mg, tablets, 30 Tabs",Emtricitabine/Tenofovir Disoproxil Fumarate,Generic,200/300mg,Tablet - FDC,30,"52,546",318954.22,6.07,0.2,Hetero Unit III Hyderabad IN,FALSE,See DN-3027 (ID#:86551),null,447.17
"83,113",151-NG-T30,FPQ-10477,SO-44550,DN-3028,Nigeria,PMO - US,From RDC,N/A - From RDC,Air Charter,08-09-12,N/A - From RDC,15-Mar-13,21-Feb-13,21-Feb-13,ARV,Adult,SCMS from RDC,"Nevirapine 200mg, tablets, 60 Tabs",Nevirapine,Generic,200mg,Tablet,60,"99,999",225997.74,2.26,0.04,"Aurobindo Unit VII, IN",FALSE,See DN-3028 (ID#:82548),null,316.85
"84,813",900-SS-T30,FPQ-11637,SO-44690,DN-3134,South Sudan,PMO - US,From RDC,N/A - From RDC,Air,2/27/2013,N/A - From RDC,28-Jun-13,17-May-13,17-May-13,ARV,Adult,SCMS from RDC,"Lamivudine 150mg, tablets, 60 Tabs",Lamivudine,Generic,150mg,Tablet,60,270,537.30,1.99,0.03,Hetero Unit III Hyderabad IN,TRUE,15,$735.24 ,0.66
"84,814",151-NG-T30,FPQ-11022,SO-43851,DN-3143,Nigeria,PMO - US,From RDC,N/A - From RDC,Air Charter,11/15/2012,N/A - From RDC,04-Jun-13,03-May-13,03-May-13,ARV,Adult,SCMS from RDC,"Efavirenz 600mg, tablets, 30 Tabs",Efavirenz,Generic,600mg,Tablet,30,"80,000",266400.00,3.33,0.11,"Strides, Bangalore, India.",TRUE,4847,"$14,547.55 ",329.54
"82,557",151-NG-T30,FPQ-10477,SO-44560,DN-3029,Nigeria,PMO - US,From RDC,N/A - From RDC,Air Charter,08-09-12,N/A - From RDC,15-Mar-13,21-Feb-13,21-Feb-13,ARV,Adult,SCMS from RDC,"Lamivudine/Zidovudine 150/300mg, tablets, 60 Tabs",Lamivudine/Zidovudine,Generic,150/300mg,Tablet - FDC,60,"42,805",311192.35,7.27,0.12,"Cipla, Goa, India",FALSE,See DN-3029 (ID#:82556),null,436.29
"85,945",151-NG-T30,FPQ-10477,SO-44560,DN-3029,Nigeria,PMO - US,From RDC,N/A - From RDC,Air Charter,08-09-12,N/A - From RDC,15-Mar-13,21-Feb-13,21-Feb-13,ARV,Adult,SCMS from RDC,"Lamivudine/Zidovudine 150/300mg, tablets, 60 Tabs",Lamivudine/Zidovudine,Generic,150/300mg,Tablet - FDC,60,"50,000",363500.00,7.27,0.12,Hetero Unit III Hyderabad IN,FALSE,See DN-3029 (ID#:82556),null,509.63
"84,819",110-ZM-T30,FPQ-10728,SO-44770,DN-3161,Zambia,PMO - US,From RDC,N/A - From RDC,Truck,10-05-12,N/A - From RDC,31-May-13,28-May-13,28-May-13,ARV,Adult,SCMS from RDC,"Efavirenz/Emtricitabine/Tenofovir Disoproxil Fumarate 600/200/300mg, tablets, 30 Tabs",Efavirenz/Emtricitabine/Tenofovir Disoproxil Fumarate,Generic,600/200/300mg,Tablet - FDC,30,"249,965",3239546.40,12.96,0.43,Mylan (formerly Matrix) Nashik,TRUE,28182,"$17,650.15 ","4,541.84"
"84,820",151-NG-T30,FPQ-11022,SO-44261,DN-3163,Nigeria,PMO - US,From RDC,N/A - From RDC,Air Charter,11/15/2012,N/A - From RDC,28-May-13,03-May-13,03-May-13,ARV,Adult,SCMS from RDC,"Efavirenz/Lamivudine/Tenofovir Disoproxil Fumarate 600/300/300mg, tablets, 30 Tabs",Efavirenz/Lamivudine/Tenofovir Disoproxil Fumarate,Generic,600/300/300mg,Tablet - FDC,30,"100,000",1052000.00,10.52,0.35,Hetero Unit III Hyderabad IN,TRUE,14783,"$14,547.55 ","1,301.32"
"83,657",113-ZW-T30,FPQ-10632,SO-43210,DN-3030,Zimbabwe,PMO - US,From RDC,N/A - From RDC,Truck,09-11-12,N/A - From RDC,14-Mar-13,14-Mar-13,14-Mar-13,ARV,Adult,SCMS from RDC,"Efavirenz 600mg, tablets, 30 Tabs",Efavirenz,Generic,600mg,Tablet,30,"48,960",163036.80,3.33,0.11,"Strides, Bangalore, India.",FALSE,See DN-3030 (ID#:82549),null,228.58
"84,789",113-ZW-T30,FPQ-10632,SO-43210,DN-3030,Zimbabwe,PMO - US,From RDC,N/A - From RDC,Truck,09-11-12,N/A - From RDC,14-Mar-13,14-Mar-13,14-Mar-13,ARV,Adult,SCMS from RDC,"Lamivudine/Zidovudine 150/300mg, tablets, 60 Tabs",Lamivudine/Zidovudine,Generic,150/300mg,Tablet - FDC,60,"3,600",26172.00,7.27,0.12,"Aurobindo Unit III, India",FALSE,See DN-3030 (ID#:82549),null,36.69
"84,790",113-ZW-T30,FPQ-10632,SO-43210,DN-3030,Zimbabwe,PMO - US,From RDC,N/A - From RDC,Truck,09-11-12,N/A - From RDC,14-Mar-13,14-Mar-13,14-Mar-13,ARV,Adult,SCMS from RDC,"Nevirapine 200mg, tablets, 60 Tabs",Nevirapine,Generic,200mg,Tablet,60,"176,693",399326.18,2.26,0.04,Hetero Unit III Hyderabad IN,FALSE,See DN-3030 (ID#:82549),null,559.86
"84,825",104-CI-T30,FPQ-10633,SO-43310,DN-3200,Côte d'Ivoire,PMO - US,From RDC,N/A - From RDC,Truck,09-11-12,N/A - From RDC,06-Jul-13,19-Jul-13,19-Jul-13,ARV,Adult,SCMS from RDC,"Efavirenz/Lamivudine/Tenofovir Disoproxil Fumarate 600/300/300mg, tablets, 30 Tabs",Efavirenz/Lamivudine/Tenofovir Disoproxil Fumarate,Generic,600/300/300mg,Tablet - FDC,30,"46,600",490232.00,10.52,0.35,Hetero Unit III Hyderabad IN,TRUE,6107,"$23,753.64 ",687.31
"84,826",110-ZM-T30,FPQ-11553,SO-44476,DN-3202,Zambia,PMO - US,From RDC,N/A - From RDC,Truck,1/28/2013,N/A - From RDC,25-Jun-13,07-Jun-13,07-Jun-13,ARV,Adult,SCMS from RDC,"Nevirapine 200mg, tablets, 60 Tabs",Nevirapine,Generic,200mg,Tablet,60,"120,000",271200.00,2.26,0.04,"Aurobindo Unit III, India",TRUE,11419,"$11,941.65 ",335.47
"84,827",151-NG-T30,FPQ-11022,SO-45680,DN-3206,Nigeria,PMO - US,From RDC,N/A - From RDC,Air Charter,11/15/2012,N/A - From RDC,31-May-13,30-May-13,30-May-13,ARV,Adult,SCMS from RDC,"Lopinavir/Ritonavir 200/50mg, tablets, 120 Tabs",Lopinavir/Ritonavir,Generic,200/50mg,Tablet,120,"3,831",83439.18,21.78,0.18,"Aurobindo Unit III, India",TRUE,1094,"$20,761 ",103.21
"84,828",114-UG-T30,FPQ-10945,SO-43632,DN-3219,Uganda,PMO - US,From RDC,N/A - From RDC,Air,11-06-12,N/A - From RDC,31-Jul-13,18-Jul-13,18-Jul-13,ARV,Adult,SCMS from RDC,"Efavirenz/Lamivudine/Tenofovir Disoproxil Fumarate 600/300/300mg, tablets, 30 Tabs",Efavirenz/Lamivudine/Tenofovir Disoproxil Fumarate,Generic,600/300/300mg,Tablet - FDC,30,"10,415",109565.80,10.52,0.35,Hetero Unit III Hyderabad IN,TRUE,1400,"$5,718.69 ",135.53
"85,940",113-ZW-T30,FPQ-10632,SO-43210,DN-3030,Zimbabwe,PMO - US,From RDC,N/A - From RDC,Truck,09-11-12,N/A - From RDC,14-Mar-13,14-Mar-13,14-Mar-13,ARV,Adult,SCMS from RDC,"Nevirapine 200mg, tablets, 60 Tabs",Nevirapine,Generic,200mg,Tablet,60,"60,096",135816.96,2.26,0.04,"Aurobindo Unit III, India",FALSE,See DN-3030 (ID#:82549),null,190.42
"86,553",113-ZW-T30,FPQ-10632,SO-43210,DN-3030,Zimbabwe,PMO - US,From RDC,N/A - From RDC,Truck,09-11-12,N/A - From RDC,14-Mar-13,14-Mar-13,14-Mar-13,ARV,Adult,SCMS from RDC,"Lamivudine/Tenofovir Disoproxil Fumarate 300/300mg, tablets, 30 Tabs",Lamivudine/Tenofovir Disoproxil Fumarate,Generic,300/300mg,Tablet - FDC,30,"20,519",96439.30,4.7,0.16,"Aurobindo Unit VII, IN",FALSE,See DN-3030 (ID#:82549),null,135.21
"84,831",113-ZW-T30,FPQ-11545,SO-44340,DN-3231,Zimbabwe,PMO - US,From RDC,N/A - From RDC,Truck,1/24/2013,N/A - From RDC,31-Jul-13,06-Aug-13,06-Aug-13,ARV,Adult,SCMS from RDC,"Nevirapine 200mg, tablets, 60 Tabs",Nevirapine,Generic,200mg,Tablet,60,"23,090",52183.40,2.26,0.04,"Strides, Bangalore, India.",TRUE,394,"$11,133.66 ",64.55
"84,832",104-CI-T30,FPQ-11254,SO-44120,DN-3246,Côte d'Ivoire,PMO - US,From RDC,N/A - From RDC,Truck,12/14/2012,N/A - From RDC,01-Aug-13,23-Jul-13,23-Jul-13,ARV,Adult,SCMS from RDC,"Tenofovir Disoproxil Fumarate 300mg, tablets, 30 Tabs",Tenofovir Disoproxil Fumarate,Generic,300mg,Tablet,30,"3,000",12120.00,4.04,0.13,Mylan (formerly Matrix) Nashik,TRUE,188,"$1,478.35 ",14.99
"84,833",104-CI-T30,FPQ-11254,SO-44150,DN-3248,Côte d'Ivoire,PMO - US,From RDC,N/A - From RDC,Truck,12/14/2012,N/A - From RDC,31-Oct-13,21-Aug-13,21-Aug-13,ARV,Adult,SCMS from RDC,"Tenofovir Disoproxil Fumarate 300mg, tablets, 30 Tabs",Tenofovir Disoproxil Fumarate,Generic,300mg,Tablet,30,"1,644",6641.76,4.04,0.13,Mylan (formerly Matrix) Nashik,TRUE,97,"$1,620.19 ",8.22
"82,552",103-ZW-T30,FPQ-9907,SO-42260,DN-3032,Zimbabwe,PMO - US,From RDC,N/A - From RDC,Truck,5/15/2012,N/A - From RDC,31-Mar-13,14-Mar-13,14-Mar-13,ARV,Pediatric,SCMS from RDC,"Lamivudine/Nevirapine/Stavudine 30/50/6mg, dispersible tablets, 60 Tabs",Lamivudine/Nevirapine/Stavudine,Generic,30/50/6mg,Chewable/dispersible tablet - FDC,60,"28,220",64906.00,2.3,0.04,"Cipla, Goa, India",FALSE,See DN-3032 (ID#:82551),null,91
"85,941",103-ZW-T30,FPQ-9907,SO-42260,DN-3032,Zimbabwe,PMO - US,From RDC,N/A - From RDC,Truck,5/15/2012,N/A - From RDC,31-Mar-13,14-Mar-13,14-Mar-13,ARV,Pediatric,SCMS from RDC,"Lamivudine/Nevirapine/Zidovudine 30/50/60mg, dispersible tablets, 60 Tabs",Lamivudine/Nevirapine/Zidovudine,Generic,30/50/60mg,Chewable/dispersible tablet - FDC,60,"39,850",165377.50,4.15,0.07,Mylan (formerly Matrix) Nashik,FALSE,See DN-3032 (ID#:82551),null,231.86
"84,230",113-ZW-T30,FPQ-10895,SO-43580,DN-3033,Zimbabwe,PMO - US,From RDC,N/A - From RDC,Truck,10/25/2012,N/A - From RDC,31-Mar-13,14-Mar-13,14-Mar-13,ARV,Adult,SCMS from RDC,"Efavirenz/Lamivudine/Tenofovir Disoproxil Fumarate 600/300/300mg, tablets, 30 Tabs",Efavirenz/Lamivudine/Tenofovir Disoproxil Fumarate,Generic,600/300/300mg,Tablet - FDC,30,"20,160",244137.60,12.11,0.4,Mylan (formerly Matrix) Nashik,FALSE,See DN-3033 (ID#:83658),null,302
"84,838",900-SS-T30,FPQ-11637,SO-44701,DN-3259,South Sudan,PMO - US,From RDC,N/A - From RDC,Truck,2/27/2013,N/A - From RDC,26-Aug-13,26-Aug-13,26-Aug-13,ARV,Adult,SCMS from RDC,"Nevirapine 200mg, tablets, 60 Tabs",Nevirapine,Generic,200mg,Tablet,60,225,508.50,2.26,0.04,Hetero Unit III Hyderabad IN,TRUE,81,"$1,641 ",0.63
"84,839",102-BI-T30,FPQ-12065,SO-45152,DN-3261,Burundi,PMO - US,From RDC,N/A - From RDC,Air,4/22/2013,N/A - From RDC,16-Aug-13,22-Aug-13,22-Aug-13,ARV,Adult,SCMS from RDC,"Lamivudine/Nevirapine/Zidovudine 150/200/300mg, tablets, 60 Tabs",Lamivudine/Nevirapine/Zidovudine,Generic,150/300/200mg,Tablet - FDC,60,960,7958.40,8.29,0.14,"Strides, Bangalore, India.",TRUE,111,"$1,047.34 ",9.84
"84,231",113-ZW-T30,FPQ-10895,SO-43580,DN-3033,Zimbabwe,PMO - US,From RDC,N/A - From RDC,Truck,10/25/2012,N/A - From RDC,31-Mar-13,14-Mar-13,14-Mar-13,ARV,Adult,SCMS from RDC,"Lamivudine/Zidovudine 150/300mg, tablets, 60 Tabs",Lamivudine/Zidovudine,Generic,150/300mg,Tablet - FDC,60,"4,800",34896.00,7.27,0.12,"Aurobindo Unit III, India",FALSE,See DN-3033 (ID#:83658),null,43.17
"85,332",114-UG-T30,FPQ-11143,SO-43940,DN-3034,Uganda,PMO - US,From RDC,N/A - From RDC,Air,12/13/2012,N/A - From RDC,29-Mar-13,01-Mar-13,01-Mar-13,ARV,Adult,SCMS from RDC,"Efavirenz/Lamivudine/Tenofovir Disoproxil Fumarate 600/300/300mg, tablets, 30 Tabs",Efavirenz/Lamivudine/Tenofovir Disoproxil Fumarate,Generic,600/300/300mg,Tablet - FDC,30,"14,704",178065.44,12.11,0.4,Mylan (formerly Matrix) Nashik,FALSE,See DN-3034 (ID#:84791),null,220.27
"84,843",104-CI-T30,FPQ-10633,SO-43362,DN-3282,Côte d'Ivoire,PMO - US,From RDC,N/A - From RDC,Truck,09-11-12,N/A - From RDC,15-Aug-13,14-Aug-13,14-Aug-13,ARV,Adult,SCMS from RDC,"Lamivudine/Tenofovir Disoproxil Fumarate 300/300mg, tablets, 30 Tabs",Lamivudine/Tenofovir Disoproxil Fumarate,Generic,300/300mg,Tablet - FDC,30,"8,000",37600.00,4.7,0.16,Hetero Unit III Hyderabad IN,TRUE,315,"$10,807.98 ",52.72
"84,844",111-MZ-T30,FPQ-11884,SO-44863,DN-3289,Mozambique,PMO - US,From RDC,N/A - From RDC,Truck,3/19/2013,N/A - From RDC,13-Nov-13,13-Nov-13,02-Dec-13,ARV,Adult,SCMS from RDC,"Zidovudine 300mg, tablets, 60 Tabs",Zidovudine,Generic,300mg,Tablet,60,"43,680",285667.20,6.54,0.11,"Aurobindo Unit III, India",TRUE,6535,"$5,950.16 ",353.37
"85,942",114-UG-T30,FPQ-11143,SO-43940,DN-3034,Uganda,PMO - US,From RDC,N/A - From RDC,Air,12/13/2012,N/A - From RDC,29-Mar-13,01-Mar-13,01-Mar-13,ARV,Pediatric,SCMS from RDC,"Efavirenz 200mg, scored tablets, 90 Tabs",Efavirenz,Generic,200mg,Tablet,90,257,1876.10,7.3,0.08,"Strides, Bangalore, India.",FALSE,See DN-3034 (ID#:84791),null,2.32
"10,861",111-MZ-T01,Pre-PQ Process,SO-298,DN-304,Mozambique,PMO - US,From RDC,N/A - From RDC,Air,Pre-PQ Process,N/A - From RDC,21-Sep-07,21-Sep-07,21-Sep-07,ARV,Adult,SCMS from RDC,"Ritonavir 100mg [Norvir], capsules, cool, 4 x 84 Caps",Ritonavir,Norvir,100mg,Capsule,336,143,5485.48,38.36,0.11,ABBVIE (Abbott) Logis. UK,FALSE,See DN-304 (ID#:10589),null,8.78
"10,862",111-MZ-T01,Pre-PQ Process,SO-298,DN-304,Mozambique,PMO - US,From RDC,N/A - From RDC,Air,Pre-PQ Process,N/A - From RDC,21-Sep-07,21-Sep-07,21-Sep-07,ARV,Adult,SCMS from RDC,"Lamivudine/Nevirapine/Zidovudine 150/200/300mg, tablets, 60 Tabs",Lamivudine/Nevirapine/Zidovudine,Generic,150/300/200mg,Tablet - FDC,60,"17,191",300842.50,17.5,0.29,"Cipla, Goa, India",FALSE,See DN-304 (ID#:10589),null,481.35
"84,849",103-ZW-T30,FPQ-12086,SO-45131,DN-3319,Zimbabwe,PMO - US,From RDC,N/A - From RDC,Truck,4/19/2013,N/A - From RDC,30-Sep-13,20-Sep-13,20-Sep-13,ARV,Pediatric,SCMS from RDC,"Abacavir 20mg/ml, oral solution w/syringe, Bottle, 240 ml",Abacavir,Generic,20mg/ml,Oral solution,240,435,5254.80,12.08,0.05,"Aurobindo Unit III, India",TRUE,116,"$3,100 ",6.5
"11,154",111-MZ-T01,Pre-PQ Process,SO-298,DN-304,Mozambique,PMO - US,From RDC,N/A - From RDC,Air,Pre-PQ Process,N/A - From RDC,21-Sep-07,21-Sep-07,21-Sep-07,ARV,Pediatric,SCMS from RDC,"Efavirenz 200mg, capsule, 90 Caps",Efavirenz,Generic,200mg,Capsule,90,271,4593.45,16.95,0.19,"Aurobindo Unit III, India",FALSE,See DN-304 (ID#:10589),null,7.35
"84,851",110-ZM-T30,FPQ-12066,SO-45071,DN-3317,Zambia,PMO - US,From RDC,N/A - From RDC,Truck,4/19/2013,N/A - From RDC,22-Oct-13,22-Oct-13,18-Nov-13,ARV,Adult,SCMS from RDC,"Nevirapine 200mg, tablets, 60 Tabs",Nevirapine,Generic,200mg,Tablet,60,"52,483",118611.58,2.26,0.04,Hetero Unit III Hyderabad IN,TRUE,3832,"$4,356.74 ",146.72
"11,755",111-MZ-T01,Pre-PQ Process,SO-298,DN-304,Mozambique,PMO - US,From RDC,N/A - From RDC,Air,Pre-PQ Process,N/A - From RDC,21-Sep-07,21-Sep-07,21-Sep-07,ARV,Adult,SCMS from RDC,"Lamivudine/Nevirapine/Zidovudine 150/200/300mg, tablets, 60 Tabs",Lamivudine/Nevirapine/Zidovudine,Generic,150/300/200mg,Tablet - FDC,60,"9,838",172165.00,17.5,0.29,"Aurobindo Unit III, India",FALSE,See DN-304 (ID#:10589),null,275.46
"11,756",111-MZ-T01,Pre-PQ Process,SO-298,DN-304,Mozambique,PMO - US,From RDC,N/A - From RDC,Air,Pre-PQ Process,N/A - From RDC,21-Sep-07,21-Sep-07,21-Sep-07,ARV,Pediatric,SCMS from RDC,"Efavirenz 50mg, capsule, 30 Caps",Efavirenz,Generic,50mg,Capsule,30,"2,414",8255.88,3.42,0.11,"Aurobindo Unit III, India",FALSE,See DN-304 (ID#:10589),null,13.21
"84,854",151-NG-T30,FPQ-11864,SO-44931,DN-3324,Nigeria,PMO - US,From RDC,N/A - From RDC,Air Charter,3/14/2013,N/A - From RDC,18-Sep-13,12-Sep-13,12-Sep-13,ARV,Adult,SCMS from RDC,"Lamivudine/Nevirapine/Zidovudine 150/200/300mg, tablets, 60 Tabs",Lamivudine/Nevirapine/Zidovudine,Generic,150/300/200mg,Tablet - FDC,60,"17,782",152569.56,8.58,0.14,Hetero Unit III Hyderabad IN,TRUE,Weight Captured Separately,"$41,352.75 ",188.73
"84,855",104-CI-T30,FPQ-11253,SO-44190,DN-3330,Côte d'Ivoire,PMO - US,From RDC,N/A - From RDC,Truck,12/14/2012,N/A - From RDC,30-Sep-13,20-Sep-13,20-Sep-13,ARV,Adult,SCMS from RDC,"Lamivudine/Nevirapine/Zidovudine 150/200/300mg, tablets, 60 Tabs",Lamivudine/Nevirapine/Zidovudine,Generic,150/300/200mg,Tablet - FDC,60,"60,000",495600.00,8.26,0.14,Hetero Unit III Hyderabad IN,TRUE,8750,"$28,864.27 ",613.06
"84,856",105-GY-T30,FPQ-12619,SO-46080,DN-3334,Guyana,PMO - US,From RDC,N/A - From RDC,Air,7/16/2013,N/A - From RDC,14-Oct-13,07-Oct-13,22-Oct-13,ARV,Adult,SCMS from RDC,"Lamivudine 150mg, tablets, 60 Tabs",Lamivudine,Generic,150mg,Tablet,60,140,278.60,1.99,0.03,Hetero Unit III Hyderabad IN,TRUE,9,"$1,118.22 ",0.34
"12,088",111-MZ-T01,Pre-PQ Process,SO-298,DN-304,Mozambique,PMO - US,From RDC,N/A - From RDC,Air,Pre-PQ Process,N/A - From RDC,21-Sep-07,21-Sep-07,21-Sep-07,ARV,Adult,SCMS from RDC,"Abacavir/Lamivudine/Zidovudine 300/150/300mg [Trizivir], tablets, 60 Tabs",Abacavir/Lamivudine/Zidovudine,Trizivir,300/150/300mg,Tablet - FDC,60,530,37100.00,70,1.17,GSK Ware (UK),FALSE,See DN-304 (ID#:10589),null,59.36
"12,089",111-MZ-T01,Pre-PQ Process,SO-298,DN-304,Mozambique,PMO - US,From RDC,N/A - From RDC,Air,Pre-PQ Process,N/A - From RDC,21-Sep-07,21-Sep-07,21-Sep-07,ARV,Adult,SCMS from RDC,"Abacavir 300mg, tablets, 60 Tabs",Abacavir,Generic,300mg,Tablet,60,960,34080.00,35.5,0.59,"Aurobindo Unit III, India",FALSE,See DN-304 (ID#:10589),null,54.53
"84,860",109-TZ-T30,FPQ-12015,SO-44990,DN-3346,Tanzania,PMO - US,From RDC,N/A - From RDC,Truck,04-02-13,N/A - From RDC,28-Oct-13,01-Nov-13,06-Nov-13,ARV,Pediatric,SCMS from RDC,"Efavirenz 200mg, scored tablets, 90 Tabs",Efavirenz,Generic,200mg,Tablet,90,"5,117",47588.10,9.3,0.1,"Strides, Bangalore, India.",TRUE,333,"$1,956 ",58.87
"12,090",111-MZ-T01,Pre-PQ Process,SO-298,DN-304,Mozambique,PMO - US,From RDC,N/A - From RDC,Air,Pre-PQ Process,N/A - From RDC,21-Sep-07,21-Sep-07,21-Sep-07,ARV,Adult,SCMS from RDC,"Indinavir 400mg [Crixivan], capsules, 180 Caps",Indinavir,Crixivan,400mg,Capsule,180,740,36496.80,49.32,0.27,MSD Elkton USA,FALSE,See DN-304 (ID#:10589),null,58.39
"84,864",110-ZM-T30,FPQ-12066,SO-45081,DN-3360,Zambia,PMO - US,From RDC,N/A - From RDC,Truck,4/19/2013,N/A - From RDC,24-Jan-14,24-Jan-14,17-Mar-14,ARV,Adult,SCMS from RDC,"Efavirenz/Emtricitabine/Tenofovir Disoproxil Fumarate 600/200/300mg, tablets, 30 Tabs",Efavirenz/Emtricitabine/Tenofovir Disoproxil Fumarate,Generic,600/200/300mg,Tablet - FDC,30,"100,619",1237613.70,12.3,0.41,"Cipla, Goa, India",TRUE,47387,"$30,981.39 ","1,530.93"
"12,091",111-MZ-T01,Pre-PQ Process,SO-298,DN-304,Mozambique,PMO - US,From RDC,N/A - From RDC,Air,Pre-PQ Process,N/A - From RDC,21-Sep-07,21-Sep-07,21-Sep-07,ARV,Adult,SCMS from RDC,"Saquinavir 200mg [Invirase], capsules, 270 Caps",Saquinavir,Invirase,200mg,Capsule,270,521,39747.09,76.29,0.28,Roche Basel,FALSE,See DN-304 (ID#:10589),null,63.6
"12,092",111-MZ-T01,Pre-PQ Process,SO-298,DN-304,Mozambique,PMO - US,From RDC,N/A - From RDC,Air,Pre-PQ Process,N/A - From RDC,21-Sep-07,21-Sep-07,21-Sep-07,ARV,Adult,SCMS from RDC,"Tenofovir Disoproxil Fumarate 300mg [Viread], tablets, 30 Tabs",Tenofovir Disoproxil Fumarate,Viread,300mg,Tablet,30,"3,318",56406.00,17,0.57,Gilead(Nycomed) Oranienburg DE,FALSE,See DN-304 (ID#:10589),null,90.25
"84,867",151-NG-T30,FPQ-13091,SO-46780,DN-3374,Nigeria,PMO - US,From RDC,N/A - From RDC,Air Charter,10-10-13,N/A - From RDC,07-Nov-13,21-Oct-13,29-Oct-13,ARV,Adult,SCMS from RDC,"Zidovudine 300mg, tablets, 60 Tabs",Zidovudine,Generic,300mg,Tablet,60,"4,068",25425.00,6.25,0.1,"Aurobindo Unit III, India",TRUE,268,"$20,225.07 ",26.14
"12,093",111-MZ-T01,Pre-PQ Process,SO-298,DN-304,Mozambique,PMO - US,From RDC,N/A - From RDC,Air,Pre-PQ Process,N/A - From RDC,21-Sep-07,21-Sep-07,21-Sep-07,ARV,Adult,SCMS from RDC,"Lopinavir/Ritonavir 200/50mg [Aluvia], tablets, 120 Tabs",Lopinavir/Ritonavir,Aluvia,200/50mg,Tablet,120,"2,698",110887.80,41.1,0.34,ABBVIE Ludwigshafen Germany,FALSE,See DN-304 (ID#:10589),null,177.42
"12,094",111-MZ-T01,Pre-PQ Process,SO-298,DN-304,Mozambique,PMO - US,From RDC,N/A - From RDC,Air,Pre-PQ Process,N/A - From RDC,21-Sep-07,21-Sep-07,21-Sep-07,ARV,Adult,SCMS from RDC,"Efavirenz 600mg, tablets, 30 Tabs",Efavirenz,Generic,600mg,Tablet,30,"25,913",434042.75,16.75,0.56,"Cipla, Goa, India",FALSE,See DN-304 (ID#:10589),null,694.47
"12,395",111-MZ-T01,Pre-PQ Process,SO-298,DN-304,Mozambique,PMO - US,From RDC,N/A - From RDC,Air,Pre-PQ Process,N/A - From RDC,21-Sep-07,21-Sep-07,21-Sep-07,ARV,Pediatric,SCMS from RDC,"Lamivudine 10mg/ml, oral solution, Bottle, 240 ml",Lamivudine,Generic,10mg/ml,Oral solution,240,"2,744",6695.36,2.44,0.01,"Cipla, Goa, India",FALSE,See DN-304 (ID#:10589),null,10.71
"84,873",107-RW-T30,FPQ-12190,SO-45381,DN-3453,Rwanda,PMO - US,From RDC,N/A - From RDC,Truck,05-06-13,N/A - From RDC,17-Jan-14,17-Jan-14,27-Jan-14,ARV,Adult,SCMS from RDC,"Efavirenz/Lamivudine/Tenofovir Disoproxil Fumarate 600/300/300mg, tablets, 30 Tabs",Efavirenz/Lamivudine/Tenofovir Disoproxil Fumarate,Generic,600/300/300mg,Tablet - FDC,30,"64,500",719175.00,11.15,0.37,Mylan (formerly Matrix) Nashik,TRUE,7248,"$11,571.94 ",889.62
"12,396",111-MZ-T01,Pre-PQ Process,SO-298,DN-304,Mozambique,PMO - US,From RDC,N/A - From RDC,Air,Pre-PQ Process,N/A - From RDC,21-Sep-07,21-Sep-07,21-Sep-07,ARV,Pediatric,SCMS from RDC,"Zidovudine 10mg/ml, oral solution, Bottle, 240 ml",Zidovudine,Generic,10mg/ml,Oral solution,240,"2,185",8630.75,3.95,0.02,"Aurobindo Unit III, India",FALSE,See DN-304 (ID#:10589),null,13.81
"12,685",111-MZ-T01,Pre-PQ Process,SO-298,DN-304,Mozambique,PMO - US,From RDC,N/A - From RDC,Air,Pre-PQ Process,N/A - From RDC,21-Sep-07,21-Sep-07,21-Sep-07,ARV,Adult,SCMS from RDC,"Efavirenz 600mg, tablets, 30 Tabs",Efavirenz,Generic,600mg,Tablet,30,"2,933",49127.75,16.75,0.56,"Aurobindo Unit III, India",FALSE,See DN-304 (ID#:10589),null,78.6
"84,876",104-CI-T30,FPQ-12800,SO-46372,DN-3472,Côte d'Ivoire,PMO - US,From RDC,N/A - From RDC,Air,08-09-13,N/A - From RDC,31-Jan-14,10-Jan-14,15-Jan-14,ARV,Pediatric,SCMS from RDC,"Lamivudine/Nevirapine/Zidovudine 30/50/60mg, dispersible tablets, 60 Tabs",Lamivudine/Nevirapine/Zidovudine,Generic,30/50/60mg,Chewable/dispersible tablet - FDC,60,"2,200",8250.00,3.75,0.06,"Cipla, Goa, India",TRUE,192,"$3,649.76 ",10.21
"12,686",111-MZ-T01,Pre-PQ Process,SO-298,DN-304,Mozambique,PMO - US,From RDC,N/A - From RDC,Air,Pre-PQ Process,N/A - From RDC,21-Sep-07,21-Sep-07,21-Sep-07,ARV,Pediatric,SCMS from RDC,"Abacavir 20mg/ml, oral solution, Bottle, 240 ml",Abacavir,Generic,20mg/ml,Oral solution,240,59,1241.95,21.05,0.09,"Aurobindo Unit III, India",FALSE,See DN-304 (ID#:10589),null,1.99
"84,879",111-MZ-T30,FPQ-11884,SO-44840,DN-3485,Mozambique,PMO - US,From RDC,N/A - From RDC,Truck,3/19/2013,N/A - From RDC,20-Mar-14,28-Mar-14,04-Apr-14,ARV,Adult,SCMS from RDC,"Efavirenz/Lamivudine/Tenofovir Disoproxil Fumarate 600/300/300mg, tablets, 30 Tabs",Efavirenz/Lamivudine/Tenofovir Disoproxil Fumarate,Generic,600/300/300mg,Tablet - FDC,30,"70,000",780500.00,11.15,0.37,"Aurobindo Unit VII, IN",TRUE,18957,"$16,813.62 ",965.48
"84,880",103-ZW-T30,FPQ-12086,SO-45132,DN-3486,Zimbabwe,PMO - US,From RDC,N/A - From RDC,Truck,4/19/2013,N/A - From RDC,14-Feb-14,10-Feb-14,19-Mar-14,ARV,Pediatric,SCMS from RDC,"Lamivudine/Nevirapine/Zidovudine 30/50/60mg, dispersible tablets, 60 Tabs",Lamivudine/Nevirapine/Zidovudine,Generic,30/50/60mg,Chewable/dispersible tablet - FDC,60,841,3153.75,3.75,0.06,"Cipla, Goa, India",TRUE,73,"$1,500 ",3.9
"84,883",151-NG-T30,FPQ-12248,SO-45663,DN-3494,Nigeria,PMO - US,From RDC,N/A - From RDC,Air Charter,05-06-13,N/A - From RDC,17-Jan-14,10-Jan-14,15-Jan-14,ARV,Adult,SCMS from RDC,"Efavirenz/Lamivudine/Tenofovir Disoproxil Fumarate 600/300/300mg, tablets, 30 Tabs",Efavirenz/Lamivudine/Tenofovir Disoproxil Fumarate,Generic,600/300/300mg,Tablet - FDC,30,14,156.10,11.15,0.37,Hetero Unit III Hyderabad IN,TRUE,38142,"$49,199.75 ",0.19
"84,884",104-CI-T30,FPQ-12800,SO-46350,DN-3504,Côte d'Ivoire,PMO - US,From RDC,N/A - From RDC,Air,08-09-13,N/A - From RDC,31-Jan-14,18-Jan-14,04-Mar-14,ARV,Pediatric,SCMS from RDC,"Nevirapine 10mg/ml, oral suspension w/syringe, Bottle, 240 ml",Nevirapine,Generic,10mg/ml,Oral suspension,240,"4,000",7440.00,1.86,0.01,"Aurobindo Unit III, India",TRUE,1928,"$8,050.55 ",9.2
"84,887",102-CD-T30,FPQ-12577,SO-46160,DN-3514,"Congo, DRC",PMO - US,From RDC,N/A - From RDC,Air,08-09-13,N/A - From RDC,26-Mar-14,26-Mar-14,28-Apr-14,ARV,Adult,SCMS from RDC,"Lopinavir/Ritonavir 200/50mg, tablets, 120 Tabs",Lopinavir/Ritonavir,Generic,200/50mg,Tablet,120,"2,300",47104.00,20.48,0.17,Mylan (formerly Matrix) Nashik,TRUE,613,"$4,676.40 ",58.27
"84,889",109-TZ-T30,FPQ-12587,SO-45994,DN-3543,Tanzania,PMO - US,From RDC,N/A - From RDC,Truck,07-04-13,N/A - From RDC,29-May-14,07-May-14,13-Jun-14,ARV,Pediatric,SCMS from RDC,"Abacavir/Lamivudine 60/30mg, dispersible tablets, 60 Tabs",Abacavir/Lamivudine,Generic,60/30mg,Chewable/dispersible tablet - FDC,60,"25,000",157500.00,6.3,0.1,"Cipla, Patalganga, India",TRUE,2266,"$2,352.52 ",194.83
"84,890",109-TZ-T30,FPQ-13042,SO-46671,DN-3533,Tanzania,PMO - US,From RDC,N/A - From RDC,Truck,10-01-13,N/A - From RDC,14-Feb-14,21-Feb-14,07-Mar-14,ARV,Adult,SCMS from RDC,"Abacavir 300mg, tablets, 60 Tabs",Abacavir,Generic,300mg,Tablet,60,"16,357",185815.52,11.36,0.19,"Aurobindo Unit III, India",TRUE,1635,"$6,007.20 ",229.85
"84,891",114-UG-T30,FPQ-12253,SO-45531,DN-3534,Uganda,PMO - US,From RDC,N/A - From RDC,Truck,05-08-13,N/A - From RDC,31-Jan-14,19-Mar-14,20-Mar-14,ARV,Adult,SCMS from RDC,"Lamivudine/Tenofovir Disoproxil Fumarate 300/300mg, tablets, 30 Tabs",Lamivudine/Tenofovir Disoproxil Fumarate,Generic,300/300mg,Tablet - FDC,30,"52,800",248160.00,4.7,0.16,Hetero Unit III Hyderabad IN,TRUE,5412,"$6,951.84 ",306.97
"85,338",114-UG-T30,FPQ-11143,SO-43960,DN-3042,Uganda,PMO - US,From RDC,N/A - From RDC,Air,12/13/2012,N/A - From RDC,09-Mar-13,07-Mar-13,07-Mar-13,ARV,Adult,SCMS from RDC,"Nevirapine 200mg, tablets, 60 Tabs",Nevirapine,Generic,200mg,Tablet,60,"7,875",17797.50,2.26,0.04,"Aurobindo Unit III, India",FALSE,See DN-3042 (ID#:83663),null,22.02
"85,334",106-HT-T30,FPQ-11526,SO-44450,DN-3043,Haiti,PMO - US,From RDC,N/A - From RDC,Air,1/30/2013,N/A - From RDC,30-Apr-13,15-Mar-13,15-Mar-13,ARV,Pediatric,SCMS from RDC,"Lamivudine/Zidovudine 30/60mg, tablets, 60 Tabs",Lamivudine/Zidovudine,Generic,30/60mg,Tablet - FDC,60,"3,024",6834.24,2.26,0.04,"Aurobindo Unit III, India",FALSE,See DN-3043 (ID#:84792),null,8.45
"84,895",151-NG-T30,FPQ-12248,SO-45665,DN-3551,Nigeria,PMO - US,From RDC,N/A - From RDC,Air Charter,05-06-13,N/A - From RDC,28-Feb-14,10-Feb-14,19-Feb-14,ARV,Adult,SCMS from RDC,"Lamivudine/Nevirapine/Zidovudine 150/200/300mg, tablets, 60 Tabs",Lamivudine/Nevirapine/Zidovudine,Generic,150/300/200mg,Tablet - FDC,60,"255,001",2106308.26,8.26,0.14,Mylan (formerly Matrix) Nashik,TRUE,60779,"$30,936.10 ","2,605.50"
"84,896",103-ZW-T30,FPQ-13109,SO-46951,DN-3550,Zimbabwe,PMO - US,From RDC,N/A - From RDC,Truck,10/17/2013,N/A - From RDC,03-Mar-14,11-Feb-14,04-Mar-14,ARV,Pediatric,SCMS from RDC,"Efavirenz 200mg, scored tablets, 90 Tabs",Efavirenz,Generic,200mg,Tablet,90,"5,923",55083.90,9.3,0.1,"Strides, Bangalore, India.",TRUE,365,"$3,481.29 ",56.63
"83,660",106-HT-T30,FPQ-11526,SO-44440,DN-3044,Haiti,PMO - US,From RDC,N/A - From RDC,Air,1/30/2013,N/A - From RDC,30-Apr-13,21-Mar-13,21-Mar-13,ARV,Pediatric,SCMS from RDC,"Lamivudine/Nevirapine/Stavudine 30/50/6mg, dispersible tablets, 60 Tabs",Lamivudine/Nevirapine/Stavudine,Generic,30/50/6mg,Chewable/dispersible tablet - FDC,60,619,1423.70,2.3,0.04,"Cipla, Goa, India",FALSE,See DN-3044 (ID#:83116),null,1.76
"84,234",104-CI-T30,FPQ-10633,SO-43340,DN-3046,Côte d'Ivoire,PMO - US,From RDC,N/A - From RDC,Truck,09-11-12,N/A - From RDC,30-Apr-13,08-Mar-13,08-Mar-13,ARV,Adult,SCMS from RDC,"Lopinavir/Ritonavir 200/50mg, tablets, 120 Tabs",Lopinavir/Ritonavir,Generic,200/50mg,Tablet,120,"8,476",209865.76,24.76,0.21,"Aurobindo Unit III, India",FALSE,See DN-3046 (ID#:83119),null,294.23
"84,795",104-CI-T30,FPQ-10633,SO-43340,DN-3046,Côte d'Ivoire,PMO - US,From RDC,N/A - From RDC,Truck,09-11-12,N/A - From RDC,30-Apr-13,08-Mar-13,08-Mar-13,ARV,Adult,SCMS from RDC,"Tenofovir Disoproxil Fumarate 300mg, tablets, 30 Tabs",Tenofovir Disoproxil Fumarate,Generic,300mg,Tablet,30,"4,500",18180.00,4.04,0.13,Mylan (formerly Matrix) Nashik,FALSE,See DN-3046 (ID#:83119),null,25.49
"85,340",113-ZW-T30,FPQ-10632,SO-43212,DN-3048,Zimbabwe,PMO - US,From RDC,N/A - From RDC,Truck,09-11-12,N/A - From RDC,15-Apr-13,23-Mar-13,23-Mar-13,ARV,Adult,SCMS from RDC,"Nevirapine 200mg, tablets, 60 Tabs",Nevirapine,Generic,200mg,Tablet,60,"30,000",67800.00,2.26,0.04,"Strides, Bangalore, India.",FALSE,See DN-3048 (ID#:84235),null,95.06
"84,903",100-ZM-T30,FPQ-12497,SO-45940,DN-3565,Zambia,PMO - US,From RDC,N/A - From RDC,Truck,6/20/2013,N/A - From RDC,25-Mar-14,25-Mar-14,04-Apr-14,ARV,Adult,SCMS from RDC,"Lamivudine 150mg, tablets, 60 Tabs",Lamivudine,Generic,150mg,Tablet,60,"1,209",2696.07,2.23,0.04,"Micro labs, Verna, Goa, India",TRUE,609,"$3,526.69 ",3.34
"86,554",113-ZW-T30,FPQ-10632,SO-43212,DN-3048,Zimbabwe,PMO - US,From RDC,N/A - From RDC,Truck,09-11-12,N/A - From RDC,15-Apr-13,23-Mar-13,23-Mar-13,ARV,Adult,SCMS from RDC,"Nevirapine 200mg, tablets, 60 Tabs",Nevirapine,Generic,200mg,Tablet,60,"29,131",65836.06,2.26,0.04,Hetero Unit III Hyderabad IN,FALSE,See DN-3048 (ID#:84235),null,92.3
"84,237",105-GY-T30,FPQ-11546,SO-44530,DN-3059,Guyana,PMO - US,From RDC,N/A - From RDC,Truck,1/28/2013,N/A - From RDC,18-Apr-13,15-Mar-13,15-Mar-13,ARV,Pediatric,SCMS from RDC,"Lamivudine 10mg/ml, oral solution w/syringe, Bottle, 240 ml",Lamivudine,Generic,10mg/ml,Oral solution,240,225,416.25,1.85,0.01,"Aurobindo Unit III, India",FALSE,See DN-3059 (ID#:82560),null,0.51
"85,341",105-GY-T30,FPQ-11546,SO-44530,DN-3059,Guyana,PMO - US,From RDC,N/A - From RDC,Truck,1/28/2013,N/A - From RDC,18-Apr-13,15-Mar-13,15-Mar-13,ARV,Adult,SCMS from RDC,"Lamivudine 150mg, tablets, 60 Tabs",Lamivudine,Generic,150mg,Tablet,60,529,1052.71,1.99,0.03,Hetero Unit III Hyderabad IN,FALSE,See DN-3059 (ID#:82560),null,1.3
"83,666",105-GY-T30,FPQ-11546,SO-44520,DN-3060,Guyana,PMO - US,From RDC,N/A - From RDC,Air,1/28/2013,N/A - From RDC,18-Apr-13,15-Mar-13,15-Mar-13,ARV,Adult,SCMS from RDC,"Abacavir 300mg, tablets, 60 Tabs",Abacavir,Generic,300mg,Tablet,60,182,2358.72,12.96,0.22,Mylan (formerly Matrix) Nashik,FALSE,See DN-3060 (ID#:83121),null,2.92
"85,342",105-GY-T30,FPQ-11546,SO-44520,DN-3060,Guyana,PMO - US,From RDC,N/A - From RDC,Air,1/28/2013,N/A - From RDC,18-Apr-13,15-Mar-13,15-Mar-13,ARV,Adult,SCMS from RDC,"Lamivudine/Zidovudine 150/300mg, tablets, 60 Tabs",Lamivudine/Zidovudine,Generic,150/300mg,Tablet - FDC,60,487,3540.49,7.27,0.12,"Aurobindo Unit III, India",FALSE,See DN-3060 (ID#:83121),null,4.38
"86,556",105-GY-T30,FPQ-11546,SO-44520,DN-3060,Guyana,PMO - US,From RDC,N/A - From RDC,Air,1/28/2013,N/A - From RDC,18-Apr-13,15-Mar-13,15-Mar-13,ARV,Adult,SCMS from RDC,"Lopinavir/Ritonavir 200/50mg, tablets, 120 Tabs",Lopinavir/Ritonavir,Generic,200/50mg,Tablet,120,"2,871",71085.96,24.76,0.21,Mylan (formerly Matrix) Nashik,FALSE,See DN-3060 (ID#:83121),null,87.93
"84,910",109-TZ-T30,FPQ-13042,SO-46720,DN-3593,Tanzania,PMO - US,From RDC,N/A - From RDC,Truck,10-01-13,N/A - From RDC,15-May-14,07-May-14,13-Jun-14,ARV,Adult,SCMS from RDC,"Lopinavir/Ritonavir 200/50mg, tablets, 120 Tabs",Lopinavir/Ritonavir,Generic,200/50mg,Tablet,120,"33,086",664036.02,20.07,0.17,Mylan (formerly Matrix) Nashik,TRUE,5065,"$2,352.52 ",821.41
"85,948",111-MZ-T30,FPQ-10211,SO-42860,DN-3063,Mozambique,PMO - US,From RDC,N/A - From RDC,Truck,6/28/2012,N/A - From RDC,08-Apr-13,16-Apr-13,16-Apr-13,ARV,Adult,SCMS from RDC,"Lamivudine/Tenofovir Disoproxil Fumarate 300/300mg, tablets, 30 Tabs",Lamivudine/Tenofovir Disoproxil Fumarate,Generic,300/300mg,Tablet - FDC,30,"7,680",36096.00,4.7,0.16,"Aurobindo Unit VII, IN",FALSE,See DN-3063 (ID#:84799),null,50.61
"84,913",151-NG-T30,FPQ-11771,SO-44754,DN-3621,Nigeria,PMO - US,From RDC,N/A - From RDC,Air Charter,2/28/2013,N/A - From RDC,15-Apr-14,17-Apr-14,02-May-14,ARV,Adult,SCMS from RDC,"Lopinavir/Ritonavir 200/50mg [Aluvia], tablets, 120 Tabs",Lopinavir/Ritonavir,Aluvia,200/50mg,Tablet,120,"15,826",299111.40,18.9,0.16,ABBVIE Ludwigshafen Germany,TRUE,3814,"$29,674.92 ",370
"85,343",114-UG-T30,FPQ-11133,SO-43871,DN-3065,Uganda,PMO - US,From RDC,N/A - From RDC,Truck,12/13/2012,N/A - From RDC,28-Jun-13,20-Mar-13,20-Mar-13,ARV,Pediatric,SCMS from RDC,"Lamivudine/Zidovudine 30/60mg, tablets, 60 Tabs",Lamivudine/Zidovudine,Generic,30/60mg,Tablet - FDC,60,"2,125",4802.50,2.26,0.04,Mylan (formerly Matrix) Nashik,FALSE,See DN-3065 (ID#:83123),null,5.94
"84,241",114-UG-T30,FPQ-11143,SO-43941,DN-3069,Uganda,PMO - US,From RDC,N/A - From RDC,Air,12/13/2012,N/A - From RDC,25-Apr-13,25-Apr-13,25-Apr-13,ARV,Adult,SCMS from RDC,"Abacavir/Lamivudine 600/300mg, scored tablets, 30 Tabs",Abacavir/Lamivudine,Generic,600/300mg,Tablet - FDC,30,"7,051",98431.96,13.96,0.47,Mylan (formerly Matrix) Nashik,FALSE,See DN-3069 (ID#:83124),null,121.76
"84,916",104-CI-T30,FPQ-12800,SO-46423,DN-3630,Côte d'Ivoire,PMO - US,From RDC,N/A - From RDC,Air,08-09-13,N/A - From RDC,30-Apr-14,25-Apr-14,06-Jun-14,ARV,Adult,SCMS from RDC,"Tenofovir Disoproxil Fumarate 300mg, tablets, 30 Tabs",Tenofovir Disoproxil Fumarate,Generic,300mg,Tablet,30,"3,300",12474.00,3.78,0.13,Mylan (formerly Matrix) Nashik,TRUE,259,"$1,008.90 ",15.43
"84,800",114-UG-T30,FPQ-11143,SO-43941,DN-3069,Uganda,PMO - US,From RDC,N/A - From RDC,Air,12/13/2012,N/A - From RDC,25-Apr-13,25-Apr-13,25-Apr-13,ARV,Adult,SCMS from RDC,"Nevirapine 200mg, tablets, 60 Tabs",Nevirapine,Generic,200mg,Tablet,60,"1,276",2883.76,2.26,0.04,Hetero Unit III Hyderabad IN,FALSE,See DN-3069 (ID#:83124),null,3.57
"84,918",105-GY-T30,FPQ-13071,SO-46801,DN-3639,Guyana,PMO - US,From RDC,N/A - From RDC,Air,10-09-13,N/A - From RDC,05-May-14,25-Apr-14,13-May-14,ARV,Pediatric,SCMS from RDC,"Abacavir 20mg/ml, oral solution w/syringe, Bottle, 240 ml",Abacavir,Generic,20mg/ml,Oral solution,240,30,251.40,8.38,0.03,"Aurobindo Unit III, India",TRUE,11,$871.80 ,0.26
"84,243",104-CI-T30,FPQ-10633,SO-43330,DN-3075,Côte d'Ivoire,PMO - US,From RDC,N/A - From RDC,Truck,09-11-12,N/A - From RDC,28-Mar-13,30-Mar-13,30-Mar-13,ARV,Adult,SCMS from RDC,"Lamivudine/Nevirapine/Zidovudine 150/200/300mg, tablets, 60 Tabs",Lamivudine/Nevirapine/Zidovudine,Generic,150/300/200mg,Tablet - FDC,60,"38,722",332234.76,8.58,0.14,"Cipla, Goa, India",FALSE,See DN-3075 (ID#:83129),null,465.79
"84,805",104-CI-T30,FPQ-10633,SO-43330,DN-3075,Côte d'Ivoire,PMO - US,From RDC,N/A - From RDC,Truck,09-11-12,N/A - From RDC,28-Mar-13,30-Mar-13,30-Mar-13,ARV,Adult,SCMS from RDC,"Lamivudine/Zidovudine 150/300mg, tablets, 60 Tabs",Lamivudine/Zidovudine,Generic,150/300mg,Tablet - FDC,60,"86,152",626325.04,7.27,0.12,"Aurobindo Unit III, India",FALSE,See DN-3075 (ID#:83129),null,878.11
"85,347",104-CI-T30,FPQ-10633,SO-43330,DN-3075,Côte d'Ivoire,PMO - US,From RDC,N/A - From RDC,Truck,09-11-12,N/A - From RDC,28-Mar-13,30-Mar-13,30-Mar-13,ARV,Adult,SCMS from RDC,"Lamivudine/Nevirapine/Zidovudine 150/200/300mg, tablets, 60 Tabs",Lamivudine/Nevirapine/Zidovudine,Generic,150/300/200mg,Tablet - FDC,60,"50,000",429000.00,8.58,0.14,"Strides, Bangalore, India.",FALSE,See DN-3075 (ID#:83129),null,601.46
"84,922",104-CI-T30,FPQ-13142,SO-47150,DN-3656,Côte d'Ivoire,PMO - US,From RDC,N/A - From RDC,Truck,10/22/2013,N/A - From RDC,30-Apr-14,22-Apr-14,11-Jun-14,ARV,Adult,SCMS from RDC,"Lamivudine/Nevirapine/Zidovudine 150/200/300mg, tablets, 60 Tabs",Lamivudine/Nevirapine/Zidovudine,Generic,150/300/200mg,Tablet - FDC,60,"75,235",610155.85,8.11,0.14,"Strides, Bangalore, India.",TRUE,9080,"$34,551.83 ",627.24
"84,925",106-HT-T30,FPQ-13648,SO-47820,DN-3682,Haiti,PMO - US,From RDC,N/A - From RDC,Air,02-03-14,N/A - From RDC,30-Apr-14,12-May-14,24-Jun-14,ARV,Pediatric,SCMS from RDC,"Lamivudine/Nevirapine/Zidovudine 30/50/60mg, dispersible tablets, 60 Tabs",Lamivudine/Nevirapine/Zidovudine,Generic,30/50/60mg,Chewable/dispersible tablet - FDC,60,"2,581",9678.75,3.75,0.06,"Strides, Bangalore, India.",TRUE,110,"$1,955.22 ",9.95
"84,926",107-RW-T30,FPQ-12901,SO-46560,DN-3689,Rwanda,PMO - US,From RDC,N/A - From RDC,Truck,8/30/2013,N/A - From RDC,16-Jun-14,17-May-14,23-Jun-14,ARV,Adult,SCMS from RDC,"Efavirenz/Lamivudine/Tenofovir Disoproxil Fumarate 600/300/300mg, tablets, 30 Tabs",Efavirenz/Lamivudine/Tenofovir Disoproxil Fumarate,Generic,600/300/300mg,Tablet - FDC,30,"61,123",658905.94,10.78,0.36,Hetero Unit III Hyderabad IN,TRUE,8281,"$14,311 ",815.07
"84,927",104-CI-T30,FPQ-12800,SO-46390,DN-3692,Côte d'Ivoire,PMO - US,From RDC,N/A - From RDC,Truck,08-09-13,N/A - From RDC,30-Jun-14,16-May-14,30-Jun-14,ARV,Adult,SCMS from RDC,"Lopinavir/Ritonavir 200/50mg [Aluvia], tablets, 120 Tabs",Lopinavir/Ritonavir,Aluvia,200/50mg,Tablet,120,"54,000",1020600.00,18.9,0.16,ABBVIE Ludwigshafen Germany,TRUE,11971,"$44,448.75 ","1,262.48"
"84,928",113-ZW-T30,FPQ-12950,SO-46650,DN-3702,Zimbabwe,PMO - US,From RDC,N/A - From RDC,Truck,09-10-13,N/A - From RDC,30-May-14,30-May-14,23-Jun-14,ARV,Adult,SCMS from RDC,"Efavirenz/Lamivudine/Tenofovir Disoproxil Fumarate 600/300/300mg, tablets, 30 Tabs",Efavirenz/Lamivudine/Tenofovir Disoproxil Fumarate,Generic,600/300/300mg,Tablet - FDC,30,"225,000",2425500.00,10.78,0.36,"Aurobindo Unit VII, IN",TRUE,37973,"$15,873.95 ","3,000.34"
"84,929",107-RW-T30,FPQ-12190,SO-45391,DN-3714,Rwanda,PMO - US,From RDC,N/A - From RDC,Truck,05-06-13,N/A - From RDC,30-May-14,03-Jul-14,09-Jul-14,ARV,Adult,SCMS from RDC,"Nevirapine 200mg, tablets, 60 Tabs",Nevirapine,Generic,200mg,Tablet,60,"30,666",67771.86,2.21,0.04,Hetero Unit III Hyderabad IN,TRUE,1878,"$11,085.83 ",83.83
"84,930",151-NG-T30,FPQ-13293,SO-47283,DN-3718,Nigeria,PMO - US,From RDC,N/A - From RDC,Air Charter,11/19/2013,N/A - From RDC,30-Jun-14,09-May-14,23-May-14,ARV,Adult,SCMS from RDC,"Lamivudine/Zidovudine 150/300mg, tablets, 60 Tabs",Lamivudine/Zidovudine,Generic,150/300mg,Tablet - FDC,60,"92,125",608025.00,6.6,0.11,Mylan (formerly Matrix) Nashik,TRUE,7982,"$45,180.63 ",625.05
"84,931",151-NG-T30,FPQ-13293,SO-47300,DN-3720,Nigeria,PMO - US,From RDC,N/A - From RDC,Air Charter,11/19/2013,N/A - From RDC,30-Jun-14,09-May-14,23-May-14,ARV,Pediatric,SCMS from RDC,"Efavirenz 200mg, scored tablets, 90 Tabs",Efavirenz,Generic,200mg,Tablet,90,"10,534",97966.20,9.3,0.1,"Strides, Bangalore, India.",TRUE,2,"$45,180.62 ",100.71
"84,934",105-GY-T30,FPQ-14042,SO-48500,DN-3737,Guyana,PMO - US,From RDC,N/A - From RDC,Air,04-09-14,N/A - From RDC,30-Jun-14,03-Jun-14,18-Jul-14,ARV,Adult,SCMS from RDC,"Lopinavir/Ritonavir 200/50mg, tablets, 120 Tabs",Lopinavir/Ritonavir,Generic,200/50mg,Tablet,120,"1,031",20321.01,19.71,0.16,Mylan (formerly Matrix) Nashik,TRUE,298,"$4,353.04 ",20.89
"85,955",104-CI-T30,FPQ-10633,SO-43330,DN-3075,Côte d'Ivoire,PMO - US,From RDC,N/A - From RDC,Truck,09-11-12,N/A - From RDC,28-Mar-13,30-Mar-13,30-Mar-13,ARV,Adult,SCMS from RDC,"Lamivudine/Zidovudine 150/300mg, tablets, 60 Tabs",Lamivudine/Zidovudine,Generic,150/300mg,Tablet - FDC,60,"43,848",318774.96,7.27,0.12,"Cipla, Goa, India",FALSE,See DN-3075 (ID#:83129),null,446.92
"84,936",110-ZM-T30,FPQ-13574,SO-47790,DN-3753,Zambia,PMO - US,From RDC,N/A - From RDC,Air,1/16/2014,N/A - From RDC,16-Jun-14,17-Jun-14,17-Jul-14,ARV,Pediatric,SCMS from RDC,"Nevirapine 10mg/ml, oral suspension w/syringe, Bottle, 100 ml",Nevirapine,Generic,10mg/ml,Oral suspension,100,"6,778",8811.40,1.3,0.01,"Aurobindo Unit III, India",TRUE,1358,"$3,150.30 ",9.06
"84,801",103-SS-T30,FPQ-11489,SO-44620,DN-3080,South Sudan,PMO - US,From RDC,N/A - From RDC,Air,1/16/2013,N/A - From RDC,17-Apr-13,23-Apr-13,23-Apr-13,ARV,Pediatric,SCMS from RDC,"Efavirenz 200mg, scored tablets, 90 Tabs",Efavirenz,Generic,200mg,Tablet,90,66,481.80,7.3,0.08,"Strides, Bangalore, India.",FALSE,See DN-3080 (ID#:82562),null,0.6
"84,938",111-MZ-T30,FPQ-13166,SO-47611,DN-3697,Mozambique,PMO - US,From RDC,N/A - From RDC,Truck,10/21/2013,N/A - From RDC,09-Jul-14,18-Jul-14,07-Aug-14,ARV,Adult,SCMS from RDC,"Abacavir/Lamivudine 600/300mg, scored tablets, 30 Tabs",Abacavir/Lamivudine,Generic,600/300mg,Tablet - FDC,30,"2,555",34543.60,13.52,0.45,Mylan (formerly Matrix) Nashik,TRUE,227,$227.19 ,35.51
"84,939",111-MZ-T30,FPQ-13123,SO-47087,DN-3757,Mozambique,PMO - US,From RDC,N/A - From RDC,Truck,10/21/2013,N/A - From RDC,31-Jul-14,06-Oct-14,13-Oct-14,ARV,Adult,SCMS from RDC,"Efavirenz 600mg, tablets, 30 Tabs",Efavirenz,Generic,600mg,Tablet,30,"20,340",65291.40,3.21,0.11,"Strides, Bangalore, India.",TRUE,1242,"$9,384 ",67.12
"84,940",109-TZ-T30,FPQ-13042,SO-46721,DN-3758,Tanzania,PMO - US,From RDC,N/A - From RDC,Truck,10-01-13,N/A - From RDC,30-Jun-14,24-Jun-14,01-Jul-14,ARV,Adult,SCMS from RDC,"Lopinavir/Ritonavir 200/50mg [Aluvia], tablets, 120 Tabs",Lopinavir/Ritonavir,Aluvia,200/50mg,Tablet,120,"14,758",278926.20,18.9,0.16,ABBVIE Ludwigshafen Germany,TRUE,3030,"$2,994.62 ",345.03
"85,952",113-ZW-T30,FPQ-11002,SO-43700,DN-3084,Zimbabwe,PMO - US,From RDC,N/A - From RDC,Truck,11/16/2012,N/A - From RDC,30-Apr-13,08-Apr-13,08-Apr-13,ARV,Adult,SCMS from RDC,"Nevirapine 200mg, tablets, 60 Tabs",Nevirapine,Generic,200mg,Tablet,60,"86,515",195523.90,2.26,0.04,Hetero Unit III Hyderabad IN,FALSE,See DN-3084 (ID#:83125),null,241.86
"84,943",113-ZW-T30,FPQ-13508,SO-47541,DN-3771,Zimbabwe,PMO - US,From RDC,N/A - From RDC,Truck,12/24/2013,N/A - From RDC,30-Sep-14,20-Jun-14,07-Jul-14,ARV,Adult,SCMS from RDC,"Lamivudine/Tenofovir Disoproxil Fumarate 300/300mg, tablets, 30 Tabs",Lamivudine/Tenofovir Disoproxil Fumarate,Generic,300/300mg,Tablet - FDC,30,"153,560",721732.00,4.7,0.16,"Aurobindo Unit VII, IN",TRUE,18528,"$31,514.85 ",741.94
"84,944",113-ZW-T30,FPQ-13508,SO-47530,DN-3780,Zimbabwe,PMO - US,From RDC,N/A - From RDC,Truck,12/24/2013,N/A - From RDC,30-Jul-14,11-Jul-14,04-Aug-14,ARV,Adult,SCMS from RDC,"Nevirapine 200mg, tablets, 60 Tabs",Nevirapine,Generic,200mg,Tablet,60,"44,716",101058.16,2.26,0.04,Hetero Unit III Hyderabad IN,TRUE,5925,"$13,770.65 ",103.89
"85,346",102-ZW-T30,FPQ-10674,SO-43230,DN-3092,Zimbabwe,PMO - US,From RDC,N/A - From RDC,Truck,9/18/2012,N/A - From RDC,30-Mar-13,08-Apr-13,08-Apr-13,ARV,Adult,SCMS from RDC,"Lamivudine/Nevirapine/Zidovudine 150/200/300mg, tablets, 60 Tabs",Lamivudine/Nevirapine/Zidovudine,Generic,150/300/200mg,Tablet - FDC,60,"73,271",628665.18,8.58,0.14,Hetero Unit III Hyderabad IN,FALSE,See DN-3092 (ID#:83128),null,881.39
"84,803",102-BI-T30,FPQ-11661,SO-44640,DN-3096,Burundi,PMO - US,From RDC,N/A - From RDC,Air,2/20/2013,N/A - From RDC,02-May-13,10-May-13,10-May-13,ARV,Pediatric,SCMS from RDC,"Lamivudine 10mg/ml, oral solution w/syringe, Bottle, 240 ml",Lamivudine,Generic,10mg/ml,Oral solution,240,552,1021.20,1.85,0.01,"Aurobindo Unit III, India",FALSE,See DN-3096 (ID#:83671),null,1.26
"84,949",111-MZ-T30,FPQ-14226,SO-48871,DN-3805,Mozambique,PMO - US,From RDC,N/A - From RDC,Truck,05-02-14,N/A - From RDC,30-Sep-14,05-Sep-14,08-Sep-14,ARV,Adult,SCMS from RDC,"Tenofovir Disoproxil Fumarate 300mg, tablets, 30 Tabs",Tenofovir Disoproxil Fumarate,Generic,300mg,Tablet,30,800,3024.00,3.78,0.13,Hetero Unit III Hyderabad IN,TRUE,64,$166.96 ,3.11
"84,950",111-MZ-T30,FPQ-13124,SO-47040,DN-3809,Mozambique,PMO - US,From RDC,N/A - From RDC,Truck,10/21/2013,N/A - From RDC,15-Aug-14,15-Aug-14,25-Aug-14,ARV,Adult,SCMS from RDC,"Efavirenz 600mg, tablets, 30 Tabs",Efavirenz,Generic,600mg,Tablet,30,"108,650",348766.50,3.21,0.11,"Strides, Bangalore, India.",TRUE,9741,"$9,360.14 ",358.53
"84,806",105-GY-T30,FPQ-11546,SO-44500,DN-3099,Guyana,PMO - US,From RDC,N/A - From RDC,Air,1/28/2013,N/A - From RDC,18-Apr-13,19-Apr-13,19-Apr-13,ARV,Pediatric,SCMS from RDC,"Nevirapine 10mg/ml, oral suspension w/syringe, Bottle, 240 ml",Nevirapine,Generic,10mg/ml,Oral suspension,240,583,1136.85,1.95,0.01,"Aurobindo Unit III, India",FALSE,See DN-3099 (ID#:82566),null,1.41
"84,952",111-MZ-T30,FPQ-13123,SO-47090,DN-3826,Mozambique,PMO - US,From RDC,N/A - From RDC,Truck,10/21/2013,N/A - From RDC,29-Aug-14,05-Nov-14,07-Nov-14,ARV,Adult,SCMS from RDC,"Lamivudine/Stavudine 150/30mg, tablets, 60 Tabs",Lamivudine/Stavudine,Generic,150/30mg,Tablet - FDC,60,"26,700",66483.00,2.49,0.04,"Strides, Bangalore, India.",TRUE,1307,"$1,482.70 ",68.34
"84,953",110-ZM-T30,FPQ-14105,SO-48660,DN-3832,Zambia,PMO - US,From RDC,N/A - From RDC,Truck,4/16/2014,N/A - From RDC,31-Jul-14,25-Jul-14,31-Jul-14,ARV,Adult,SCMS from RDC,"Lamivudine/Zidovudine 150/300mg, tablets, 60 Tabs",Lamivudine/Zidovudine,Generic,150/300mg,Tablet - FDC,60,"100,000",652000.00,6.52,0.11,Hetero Unit III Hyderabad IN,TRUE,8528,"$8,635.96 ",670.26
"84,955",110-ZM-T30,FPQ-14162,SO-48671,DN-3839,Zambia,PMO - US,From RDC,N/A - From RDC,Truck,4/24/2014,N/A - From RDC,30-Aug-14,25-Jul-14,31-Jul-14,ARV,Adult,SCMS from RDC,"Nevirapine 200mg, tablets, 60 Tabs",Nevirapine,Generic,200mg,Tablet,60,"39,132",86481.72,2.21,0.04,Hetero Unit III Hyderabad IN,TRUE,2426,"$2,413.89 ",88.9
"85,348",105-GY-T30,FPQ-11546,SO-44500,DN-3099,Guyana,PMO - US,From RDC,N/A - From RDC,Air,1/28/2013,N/A - From RDC,18-Apr-13,19-Apr-13,19-Apr-13,ARV,Pediatric,SCMS from RDC,"Zidovudine 10mg/ml, oral solution w/syringe, Bottle, 240 ml",Zidovudine,Generic,10mg/ml,Oral solution,240,397,833.70,2.1,0.01,"Aurobindo Unit III, India",FALSE,See DN-3099 (ID#:82566),null,1.03
"84,244",109-TZ-T30,FPQ-11393,SO-44381,DN-3101,Tanzania,PMO - US,From RDC,N/A - From RDC,Truck,12/30/2012,N/A - From RDC,31-May-13,14-May-13,14-May-13,ARV,Pediatric,SCMS from RDC,"Lamivudine/Nevirapine/Stavudine 30/50/6mg, dispersible tablets, 60 Tabs",Lamivudine/Nevirapine/Stavudine,Generic,30/50/6mg,Chewable/dispersible tablet - FDC,60,"11,606",26693.80,2.3,0.04,"Cipla, Goa, India",FALSE,See DN-3101 (ID#:83672),null,33.02
"84,966",107-RW-T30,FPQ-14111,SO-48760,DN-3857,Rwanda,PMO - US,From RDC,N/A - From RDC,Air,4/22/2014,N/A - From RDC,30-Jul-14,01-Aug-14,22-Aug-14,ARV,Pediatric,SCMS from RDC,"Lamivudine/Nevirapine/Zidovudine 30/50/60mg, dispersible tablets, 60 Tabs",Lamivudine/Nevirapine/Zidovudine,Generic,30/50/60mg,Chewable/dispersible tablet - FDC,60,"2,274",8527.50,3.75,0.06,"Strides, Bangalore, India.",TRUE,100,"$1,511.40 ",8.77
"85,956",109-TZ-T30,FPQ-11393,SO-44381,DN-3101,Tanzania,PMO - US,From RDC,N/A - From RDC,Truck,12/30/2012,N/A - From RDC,31-May-13,14-May-13,14-May-13,ARV,Adult,SCMS from RDC,"Efavirenz/Emtricitabine/Tenofovir Disoproxil Fumarate 600/200/300mg, tablets, 30 Tabs",Efavirenz/Emtricitabine/Tenofovir Disoproxil Fumarate,Generic,600/200/300mg,Tablet - FDC,30,"19,014",260301.66,13.69,0.46,Mylan (formerly Matrix) Nashik,FALSE,See DN-3101 (ID#:83672),null,321.99
"84,968",109-TZ-T30,FPQ-13042,SO-46674,DN-3867,Tanzania,PMO - US,From RDC,N/A - From RDC,Truck,10-01-13,N/A - From RDC,29-Aug-14,29-Sep-14,06-Oct-14,ARV,Pediatric,SCMS from RDC,"Lamivudine/Nevirapine/Zidovudine 30/50/60mg, dispersible tablets, 60 Tabs",Lamivudine/Nevirapine/Zidovudine,Generic,30/50/60mg,Chewable/dispersible tablet - FDC,60,"20,000",74600.00,3.73,0.06,Mylan (formerly Matrix) Nashik,TRUE,3431,"$19,379.94 ",92.28
"84,969",110-ZM-T30,FPQ-13221,SO-47205,DN-3869,Zambia,PMO - US,From RDC,N/A - From RDC,Truck,10/31/2013,N/A - From RDC,29-Aug-14,02-Sep-14,17-Oct-14,ARV,Adult,SCMS from RDC,"Lopinavir/Ritonavir 200/50mg, tablets, 120 Tabs",Lopinavir/Ritonavir,Generic,200/50mg,Tablet,120,"32,905",648557.55,19.71,0.16,Mylan (formerly Matrix) Nashik,TRUE,5111,"$10,944.73 ",666.72
"84,970",111-MZ-T30,FPQ-13575,SO-47704,DN-3874,Mozambique,PMO - US,From RDC,N/A - From RDC,Truck,1/17/2014,N/A - From RDC,31-Aug-14,27-Oct-14,07-Nov-14,ARV,Adult,SCMS from RDC,"Lamivudine/Nevirapine/Zidovudine 150/200/300mg, tablets, 60 Tabs",Lamivudine/Nevirapine/Zidovudine,Generic,150/300/200mg,Tablet - FDC,60,"74,930",607682.30,8.11,0.14,Mylan (formerly Matrix) Nashik,TRUE,9100,"$6,507.33 ",624.7
"84,971",101-CD-T30,FPQ-14252,SO-48851,DN-3901,"Congo, DRC",PMO - US,From RDC,N/A - From RDC,Air,05-07-14,N/A - From RDC,30-Sep-14,24-Oct-14,10-Nov-14,ARV,Pediatric,SCMS from RDC,"Zidovudine 10mg/ml, oral solution w/syringe, Bottle, 240 ml",Zidovudine,Generic,10mg/ml,Oral solution,240,"1,090",2289.00,2.1,0.01,"Cipla, Goa, India",TRUE,408,"$5,580.44 ",2.35
"84,972",107-RW-T30,FPQ-12190,SO-45350,DN-3902,Rwanda,PMO - US,From RDC,N/A - From RDC,Air,05-06-13,N/A - From RDC,15-Sep-14,19-Sep-14,19-Sep-14,ARV,Pediatric,SCMS from RDC,"Zidovudine 10mg/ml, oral solution w/syringe, Bottle, 240 ml",Zidovudine,Generic,10mg/ml,Oral solution,240,"2,125",4462.50,2.1,0.01,"Cipla, Goa, India",TRUE,796,"$5,603.78 ",5.52
"84,974",101-CD-T30,FPQ-14252,SO-48853,DN-3909,"Congo, DRC",PMO - US,From RDC,N/A - From RDC,Air,05-07-14,N/A - From RDC,27-Nov-14,27-Nov-14,23-Dec-14,ARV,Adult,SCMS from RDC,"Zidovudine 300mg, tablets, 60 Tabs",Zidovudine,Generic,300mg,Tablet,60,"2,651",14421.44,5.44,0.09,"Aurobindo Unit III, India",TRUE,155,"$3,028.36 ",14.83
"85,074",104-CI-T30,FPQ-4187,SO-33471,DN-1534,Côte d'Ivoire,PMO - US,From RDC,N/A - From RDC,Air,09-09-09,N/A - From RDC,01-Dec-09,02-Dec-09,02-Dec-09,ARV,Pediatric,SCMS from RDC,"Efavirenz 50mg, capsule, 30 Caps",Efavirenz,Generic,50mg,Capsule,30,"3,444",7714.56,2.24,0.07,"Aurobindo Unit III, India",TRUE,200,"$1,211.48 ",15.12
"84,256",111-MZ-T30,FPQ-11033,SO-43790,DN-3102,Mozambique,PMO - US,From RDC,N/A - From RDC,Truck,11-12-12,N/A - From RDC,01-Aug-13,01-Aug-13,01-Aug-13,ARV,Pediatric,SCMS from RDC,"Zidovudine 10mg/ml, oral solution w/syringe, Bottle, 240 ml",Zidovudine,Generic,10mg/ml,Oral solution,240,"13,603",28566.30,2.1,0.01,"Aurobindo Unit III, India",FALSE,See DN-3102 (ID#:82573),null,35.34
"84,978",114-UG-T30,FPQ-13693,SO-47840,DN-3930,Uganda,PMO - US,From RDC,N/A - From RDC,Truck,02-07-14,N/A - From RDC,31-Oct-14,25-Sep-14,26-Sep-14,ARV,Pediatric,SCMS from RDC,"Lamivudine/Zidovudine 30/60mg, dispersible tablets, 60 Tabs",Lamivudine/Zidovudine,Generic,30/60mg,Chewable/dispersible tablet - FDC,60,"4,000",8600.00,2.15,0.04,"Cipla, Goa, India",TRUE,474,"$1,332.70 ",8.84
"84,257",111-MZ-T30,FPQ-11033,SO-43790,DN-3102,Mozambique,PMO - US,From RDC,N/A - From RDC,Truck,11-12-12,N/A - From RDC,01-Aug-13,01-Aug-13,01-Aug-13,ARV,Adult,SCMS from RDC,"Lamivudine/Nevirapine/Zidovudine 150/200/300mg, tablets, 60 Tabs",Lamivudine/Nevirapine/Zidovudine,Generic,150/300/200mg,Tablet - FDC,60,"25,400",217932.00,8.58,0.14,"Cipla, Goa, India",FALSE,See DN-3102 (ID#:82573),null,269.58
"84,980",110-ZM-T30,FPQ-13221,SO-47207,DN-3941,Zambia,PMO - US,From RDC,N/A - From RDC,Truck,10/31/2013,N/A - From RDC,30-Sep-14,02-Oct-14,22-Oct-14,ARV,Adult,SCMS from RDC,"Lamivudine/Tenofovir Disoproxil Fumarate 300/300mg, tablets, 30 Tabs",Lamivudine/Tenofovir Disoproxil Fumarate,Generic,300/300mg,Tablet - FDC,30,"11,536",54219.20,4.7,0.16,Ranbaxy per Shasun Pharma,TRUE,1046,"$1,157.78 ",55.74
"84,981",110-ZM-T30,FPQ-14575,SO-49281,DN-3943,Zambia,PMO - US,From RDC,N/A - From RDC,Truck,07-11-14,N/A - From RDC,30-Nov-14,23-Sep-14,17-Oct-14,ARV,Pediatric,SCMS from RDC,"Nevirapine 10mg/ml, oral suspension w/syringe, Bottle, 240 ml",Nevirapine,Generic,10mg/ml,Oral suspension,240,"10,000",13000.00,1.3,0.01,"Aurobindo Unit III, India",TRUE,3731,"$4,329.61 ",13.36
"84,982",105-GY-T30,FPQ-14042,SO-48522,DN-3945,Guyana,PMO - US,From RDC,N/A - From RDC,Air,04-09-14,N/A - From RDC,30-Sep-14,31-Oct-14,14-Nov-14,ARV,Pediatric,SCMS from RDC,"Abacavir 20mg/ml, oral solution w/syringe, Bottle, 240 ml",Abacavir,Generic,20mg/ml,Oral solution,240,100,838.00,8.38,0.03,"Aurobindo Unit III, India",TRUE,44,$863.24 ,0.86
"86,568",111-MZ-T30,FPQ-11033,SO-43790,DN-3102,Mozambique,PMO - US,From RDC,N/A - From RDC,Truck,11-12-12,N/A - From RDC,01-Aug-13,01-Aug-13,01-Aug-13,ARV,Adult,SCMS from RDC,"Lamivudine/Nevirapine/Zidovudine 150/200/300mg, tablets, 60 Tabs",Lamivudine/Nevirapine/Zidovudine,Generic,150/300/200mg,Tablet - FDC,60,"108,700",932646.00,8.58,0.14,Mylan (formerly Matrix) Nashik,FALSE,See DN-3102 (ID#:82573),null,"1,153.68"
"84,988",103-ZW-T30,FPQ-14459,SO-49181,DN-3973,Zimbabwe,PMO - US,From RDC,N/A - From RDC,Truck,6/13/2014,N/A - From RDC,24-Nov-14,30-Oct-14,07-Nov-14,ARV,Pediatric,SCMS from RDC,"Lamivudine/Zidovudine 30/60mg, dispersible tablets, 60 Tabs",Lamivudine/Zidovudine,Generic,30/60mg,Chewable/dispersible tablet - FDC,60,"15,000",29850.00,1.99,0.03,"Cipla, Goa, India",TRUE,1037,$891.65 ,30.69
"84,808",111-MZ-T30,FPQ-11882,SO-44810,DN-3108,Mozambique,PMO - US,From RDC,N/A - From RDC,Air,3/19/2013,N/A - From RDC,04-Jul-13,04-Jul-13,04-Jul-13,ARV,Adult,SCMS from RDC,"Lamivudine/Stavudine 150/30mg, tablets, 60 Tabs",Lamivudine/Stavudine,Generic,150/30mg,Tablet - FDC,60,"8,807",22898.20,2.6,0.04,Hetero Unit III Hyderabad IN,FALSE,See DN-3108 (ID#:82568),null,28.33
"85,958",111-MZ-T30,FPQ-11882,SO-44830,DN-3110,Mozambique,PMO - US,From RDC,N/A - From RDC,Truck,3/19/2013,N/A - From RDC,06-Jun-13,20-Jun-13,20-Jun-13,ARV,Adult,SCMS from RDC,"Zidovudine 300mg, tablets, 60 Tabs",Zidovudine,Generic,300mg,Tablet,60,"2,151",14067.54,6.54,0.11,"Aurobindo Unit III, India",FALSE,See DN-3110 (ID#:84809),null,17.4
"85,959",111-MZ-T30,FPQ-11882,SO-44830,DN-3110,Mozambique,PMO - US,From RDC,N/A - From RDC,Truck,3/19/2013,N/A - From RDC,06-Jun-13,20-Jun-13,20-Jun-13,ARV,Adult,SCMS from RDC,"Zidovudine 300mg, tablets, 60 Tabs",Zidovudine,Generic,300mg,Tablet,60,567,3708.18,6.54,0.11,Hetero Unit III Hyderabad IN,FALSE,See DN-3110 (ID#:84809),null,4.59
"84,995",109-TZ-T30,FPQ-13566,SO-47656,DN-4006,Tanzania,PMO - US,From RDC,N/A - From RDC,Truck,1/15/2014,N/A - From RDC,30-Jan-15,23-Jan-15,28-Jan-15,ARV,Adult,SCMS from RDC,"Efavirenz/Emtricitabine/Tenofovir Disoproxil Fumarate 600/200/300mg, tablets, 30 Tabs",Efavirenz/Emtricitabine/Tenofovir Disoproxil Fumarate,Generic,600/200/300mg,Tablet - FDC,30,"12,783",151989.87,11.89,0.4,Mylan (formerly Matrix) Nashik,TRUE,1371,"$7,585.82 ",156.25
"84,996",104-CI-T30,FPQ-13628,SO-47882,DN-4016,Côte d'Ivoire,PMO - US,From RDC,N/A - From RDC,Truck,1/29/2014,N/A - From RDC,28-Nov-14,02-Dec-14,08-Dec-14,ARV,Pediatric,SCMS from RDC,"Abacavir/Lamivudine 60/30mg, dispersible tablets, 60 Tabs",Abacavir/Lamivudine,Generic,60/30mg,Chewable/dispersible tablet - FDC,60,137,697.33,5.09,0.08,"Cipla, Patalganga, India",TRUE,2014,"$7,726.12 ",0.72
"84,997",104-CI-T30,FPQ-14370,SO-49051,DN-4017,Côte d'Ivoire,PMO - US,From RDC,N/A - From RDC,Truck,5/23/2014,N/A - From RDC,28-Nov-14,02-Dec-14,08-Dec-14,ARV,Adult,SCMS from RDC,"Efavirenz 600mg, tablets, 30 Tabs",Efavirenz,Generic,600mg,Tablet,30,"64,445",206868.45,3.21,0.11,"Strides, Bangalore, India.",TRUE,5678,"$20,052.11 ",212.66
"84,999",104-CI-T30,FPQ-13628,SO-47890,DN-4027,Côte d'Ivoire,PMO - US,From RDC,N/A - From RDC,Truck,1/29/2014,N/A - From RDC,30-Jan-15,19-Dec-14,23-Dec-14,ARV,Adult,SCMS from RDC,"Lamivudine/Zidovudine 150/300mg, tablets, 60 Tabs",Lamivudine/Zidovudine,Generic,150/300mg,Tablet - FDC,60,"126,840",853633.20,6.73,0.11,Hetero Unit III Hyderabad IN,TRUE,11283,"$42,947.44 ",877.53
"86,561",111-MZ-T30,FPQ-11882,SO-44830,DN-3110,Mozambique,PMO - US,From RDC,N/A - From RDC,Truck,3/19/2013,N/A - From RDC,06-Jun-13,20-Jun-13,20-Jun-13,ARV,Adult,SCMS from RDC,"Lamivudine/Zidovudine 150/300mg, tablets, 60 Tabs",Lamivudine/Zidovudine,Generic,150/300mg,Tablet - FDC,60,660,4798.20,7.27,0.12,"Cipla, Goa, India",FALSE,See DN-3110 (ID#:84809),null,5.94
"86,562",111-MZ-T30,FPQ-11882,SO-44830,DN-3110,Mozambique,PMO - US,From RDC,N/A - From RDC,Truck,3/19/2013,N/A - From RDC,06-Jun-13,20-Jun-13,20-Jun-13,ARV,Adult,SCMS from RDC,"Zidovudine 300mg, tablets, 60 Tabs",Zidovudine,Generic,300mg,Tablet,60,184,1203.36,6.54,0.11,"Cipla, Goa, India",FALSE,See DN-3110 (ID#:84809),null,1.49
"85,002",114-UG-T30,FPQ-14396,SO-48992,DN-4034,Uganda,PMO - US,From RDC,N/A - From RDC,Truck,06-04-14,N/A - From RDC,30-Jan-15,05-Jan-15,06-Jan-15,ARV,Adult,SCMS from RDC,"Efavirenz/Lamivudine/Tenofovir Disoproxil Fumarate 600/300/300mg, tablets, 30 Tabs",Efavirenz/Lamivudine/Tenofovir Disoproxil Fumarate,Generic,600/300/300mg,Tablet - FDC,30,"45,000",485100.00,10.78,0.36,Mylan (formerly Matrix) Nashik,TRUE,5083,"$6,948.04 ",498.68
"84,250",110-ZM-T30,FPQ-11969,SO-44910,DN-3116,Zambia,PMO - US,From RDC,N/A - From RDC,Air,3/26/2013,N/A - From RDC,28-Jun-13,13-May-13,13-May-13,ARV,Adult,SCMS from RDC,"Emtricitabine/Tenofovir Disoproxil Fumarate 200/300mg, tablets, 30 Tabs",Emtricitabine/Tenofovir Disoproxil Fumarate,Generic,200/300mg,Tablet - FDC,30,"20,537",124659.59,6.07,0.2,Hetero Unit III Hyderabad IN,FALSE,See DN-3116 (ID#:84248),null,154.2
"85,004",151-NG-T30,FPQ-14156,SO-48907,DN-4054,Nigeria,PMO - US,From RDC,N/A - From RDC,Air Charter,4/25/2014,N/A - From RDC,30-Jan-15,29-Dec-14,06-Jan-15,ARV,Adult,SCMS from RDC,"Lamivudine/Zidovudine 150/300mg, tablets, 60 Tabs",Lamivudine/Zidovudine,Generic,150/300mg,Tablet - FDC,60,"33,147",218770.20,6.6,0.11,Hetero Unit III Hyderabad IN,TRUE,32,"$5,798.14 ",224.9
"85,005",151-NG-T30,FPQ-14156,SO-48892,DN-4052,Nigeria,PMO - US,From RDC,N/A - From RDC,Air Charter,4/25/2014,N/A - From RDC,30-Jan-15,29-Dec-14,06-Jan-15,ARV,Adult,SCMS from RDC,"Lamivudine/Nevirapine/Zidovudine 150/200/300mg, tablets, 60 Tabs",Lamivudine/Nevirapine/Zidovudine,Generic,150/300/200mg,Tablet - FDC,60,"320,300",2472716.00,7.72,0.13,Mylan (formerly Matrix) Nashik,TRUE,87076,"$194,623.44 ","2,541.95"
"85,352",102-DO-T30,FPQ-11791,SO-44740,DN-3117,Dominican Republic,PMO - US,From RDC,N/A - From RDC,Air,03-04-13,N/A - From RDC,24-Apr-13,21-May-13,21-May-13,ARV,Adult,SCMS from RDC,"Lamivudine/Tenofovir Disoproxil Fumarate 300/300mg, tablets, 30 Tabs",Lamivudine/Tenofovir Disoproxil Fumarate,Generic,300/300mg,Tablet - FDC,30,"8,250",38775.00,4.7,0.16,Hetero Unit III Hyderabad IN,FALSE,See DN-3117 (ID#:83132),null,47.96
"85,008",110-ZM-T30,FPQ-14162,SO-48680,DN-4082,Zambia,PMO - US,From RDC,N/A - From RDC,Truck,4/24/2014,N/A - From RDC,30-Jan-15,19-Feb-15,20-Feb-15,ARV,Adult,SCMS from RDC,"Lamivudine/Zidovudine 150/300mg, tablets, 60 Tabs",Lamivudine/Zidovudine,Generic,150/300mg,Tablet - FDC,60,"132,000",871200.00,6.6,0.11,Mylan (formerly Matrix) Nashik,TRUE,10615,"$22,520.71 ",895.59
"85,009",151-NG-T30,FPQ-14156,SO-48908,DN-4097,Nigeria,PMO - US,From RDC,N/A - From RDC,Air Charter,4/25/2014,N/A - From RDC,30-Jan-15,14-Jan-15,20-Jan-15,ARV,Adult,SCMS from RDC,"Lamivudine/Tenofovir Disoproxil Fumarate 300/300mg, tablets, 30 Tabs",Lamivudine/Tenofovir Disoproxil Fumarate,Generic,300/300mg,Tablet - FDC,30,4,18.44,4.61,0.15,"Cipla, Kurkumbh, India",TRUE,34119,"$69,737 ",0.02
"85,010",114-UG-T30,FPQ-15294,SO-50060,DN-4103,Uganda,PMO - US,From RDC,N/A - From RDC,Truck,11-03-14,N/A - From RDC,16-Feb-15,30-Jan-15,02-Feb-15,ARV,Pediatric,SCMS from RDC,"Lamivudine/Zidovudine 30/60mg, dispersible tablets, 60 Tabs",Lamivudine/Zidovudine,Generic,30/60mg,Chewable/dispersible tablet - FDC,60,"6,000",11940.00,1.99,0.03,"Cipla, Goa, India",TRUE,404,"$2,055.25 ",14.05
"85,011",109-TZ-T30,FPQ-14135,SO-48920,DN-4104,Tanzania,PMO - US,From RDC,N/A - From RDC,Truck,4/24/2014,N/A - From RDC,16-Feb-15,12-Mar-15,16-Mar-15,ARV,Pediatric,SCMS from RDC,"Lamivudine/Zidovudine 30/60mg, dispersible tablets, 60 Tabs",Lamivudine/Zidovudine,Generic,30/60mg,Chewable/dispersible tablet - FDC,60,"19,389",38778.00,2,0.03,"Cipla, Goa, India",TRUE,1293,"$4,916 ",39.86
"85,012",151-NG-T30,FPQ-14766,SO-49682,DN-4122,Nigeria,PMO - US,From RDC,N/A - From RDC,Air Charter,8/13/2014,N/A - From RDC,28-Feb-15,05-Feb-15,10-Feb-15,ARV,Adult,SCMS from RDC,"Lamivudine/Nevirapine/Zidovudine 150/200/300mg, tablets, 60 Tabs",Lamivudine/Nevirapine/Zidovudine,Generic,150/300/200mg,Tablet - FDC,60,"3,194",24657.68,7.72,0.13,Hetero Unit III Hyderabad IN,TRUE,23220,"$51,645.79 ",25.35
"85,013",114-UG-T30,FPQ-15638,SO-50620,DN-4095,Uganda,PMO - US,From RDC,N/A - From RDC,Air,12/22/2014,N/A - From RDC,03-Feb-15,10-Feb-15,16-Feb-15,ARV,Adult,SCMS from RDC,"Lopinavir/Ritonavir 200/50mg [Aluvia], tablets, 120 Tabs",Lopinavir/Ritonavir,Aluvia,200/50mg,Tablet,120,"11,607",219372.30,18.9,0.16,ABBVIE Ludwigshafen Germany,TRUE,2653,"$14,056.46 ",258.2
"83,133",102-BI-T30,FPQ-11661,SO-44670,DN-3118,Burundi,PMO - US,From RDC,N/A - From RDC,Air,2/20/2013,N/A - From RDC,31-May-13,23-May-13,23-May-13,ARV,Adult,SCMS from RDC,"Lamivudine/Zidovudine 150/300mg, tablets, 60 Tabs",Lamivudine/Zidovudine,Generic,150/300mg,Tablet - FDC,60,"2,940",21373.80,7.27,0.12,Hetero Unit III Hyderabad IN,FALSE,See DN-3118 (ID#:82569),null,26.44
"85,019",107-RW-T30,FPQ-15632,SO-50740,DN-4150,Rwanda,PMO - US,From RDC,N/A - From RDC,Air,12/23/2014,N/A - From RDC,31-Mar-15,20-Mar-15,23-Mar-15,ARV,Pediatric,SCMS from RDC,"Lamivudine/Zidovudine 30/60mg, dispersible tablets, 60 Tabs",Lamivudine/Zidovudine,Generic,30/60mg,Chewable/dispersible tablet - FDC,60,"1,700",3315.00,1.95,0.03,"Mylan,  H-12 & H-13, India",TRUE,268,"$1,061.37 ",3.9
"85,020",151-NG-T30,FPQ-14156,SO-51030,DN-4170,Nigeria,PMO - US,From RDC,N/A - From RDC,Air Charter,4/25/2014,N/A - From RDC,02-Mar-15,10-Mar-15,17-Mar-15,ARV,Adult,SCMS from RDC,"Lamivudine/Zidovudine 150/300mg, tablets, 60 Tabs",Lamivudine/Zidovudine,Generic,150/300mg,Tablet - FDC,60,"51,431",335330.12,6.52,0.11,Hetero Unit III Hyderabad IN,TRUE,19196,"$43,055.82 ",344.72
"85,022",110-ZM-T30,FPQ-15448,SO-50480,DN-4182,Zambia,PMO - US,From RDC,N/A - From RDC,Truck,11/25/2014,N/A - From RDC,15-May-15,25-May-15,22-Jun-15,ARV,Adult,SCMS from RDC,"Efavirenz 600mg, tablets, 30 Tabs",Efavirenz,Generic,600mg,Tablet,30,"108,856",339630.72,3.12,0.1,"Strides, Bangalore, India.",TRUE,6431,"$43,219.06 ",399.75
"84,247",102-BI-T30,FPQ-11661,SO-44670,DN-3118,Burundi,PMO - US,From RDC,N/A - From RDC,Air,2/20/2013,N/A - From RDC,31-May-13,23-May-13,23-May-13,ARV,Adult,SCMS from RDC,"Lopinavir/Ritonavir 200/50mg, tablets, 120 Tabs",Lopinavir/Ritonavir,Generic,200/50mg,Tablet,120,240,5942.40,24.76,0.21,Mylan (formerly Matrix) Nashik,FALSE,See DN-3118 (ID#:82569),null,7.35
"85,025",101-CD-T30,FPQ-15787,SO-50900,DN-4196,"Congo, DRC",PMO - US,From RDC,N/A - From RDC,Air,1/26/2015,N/A - From RDC,16-Jun-15,25-May-15,15-Jun-15,ARV,Pediatric,SCMS from RDC,"Abacavir 20mg/ml, oral solution, Bottle, 240 ml",Abacavir,Generic,20mg/ml,Oral solution,240,140,956.20,6.83,0.03,"Aurobindo Unit III, India",TRUE,139,$973.20 ,1.13
"85,353",102-BI-T30,FPQ-11661,SO-44670,DN-3118,Burundi,PMO - US,From RDC,N/A - From RDC,Air,2/20/2013,N/A - From RDC,31-May-13,23-May-13,23-May-13,ARV,Adult,SCMS from RDC,"Nevirapine 200mg, tablets, 60 Tabs",Nevirapine,Generic,200mg,Tablet,60,450,1017.00,2.26,0.04,Hetero Unit III Hyderabad IN,FALSE,See DN-3118 (ID#:82569),null,1.26
"85,027",151-NG-T30,FPQ-14989,SO-49934,DN-4230,Nigeria,PMO - US,From RDC,N/A - From RDC,Air Charter,9/19/2014,N/A - From RDC,30-Jun-15,15-Apr-15,20-Apr-15,ARV,Pediatric,SCMS from RDC,"Lamivudine/Nevirapine/Zidovudine 30/50/60mg, dispersible tablets, 60 Tabs",Lamivudine/Nevirapine/Zidovudine,Generic,30/50/60mg,Chewable/dispersible tablet - FDC,60,912,3283.20,3.6,0.06,Mylan (formerly Matrix) Nashik,TRUE,71,$134 ,3.38
"84,811",114-UG-T30,FPQ-10946,SO-43650,DN-3121,Uganda,PMO - US,From RDC,N/A - From RDC,Air,11-01-12,N/A - From RDC,09-Aug-13,09-Aug-13,09-Aug-13,ARV,Adult,SCMS from RDC,"Lamivudine/Tenofovir Disoproxil Fumarate 300/300mg, tablets, 30 Tabs",Lamivudine/Tenofovir Disoproxil Fumarate,Generic,300/300mg,Tablet - FDC,30,"1,613",7581.10,4.7,0.16,"Aurobindo Unit VII, IN",FALSE,See DN-3121 (ID#:83677),null,9.38
"86,563",114-UG-T30,FPQ-10946,SO-43650,DN-3121,Uganda,PMO - US,From RDC,N/A - From RDC,Air,11-01-12,N/A - From RDC,09-Aug-13,09-Aug-13,09-Aug-13,ARV,Adult,SCMS from RDC,"Nevirapine 200mg, tablets, 60 Tabs",Nevirapine,Generic,200mg,Tablet,60,"32,298",72993.48,2.26,0.04,Hetero Unit III Hyderabad IN,FALSE,See DN-3121 (ID#:83677),null,90.29
"84,810",114-UG-T30,FPQ-11133,SO-43890,DN-3122,Uganda,PMO - US,From RDC,N/A - From RDC,Truck,12/13/2012,N/A - From RDC,07-Jun-13,07-Jun-13,07-Jun-13,ARV,Adult,SCMS from RDC,"Tenofovir Disoproxil Fumarate 300mg, tablets, 30 Tabs",Tenofovir Disoproxil Fumarate,Generic,300mg,Tablet,30,192,775.68,4.04,0.13,Mylan (formerly Matrix) Nashik,FALSE,See DN-3122 (ID#:82570),null,0.96
"85,032",151-NG-T30,FPQ-14989,SO-49937,DN-4263,Nigeria,PMO - US,From RDC,N/A - From RDC,Air Charter,9/19/2014,N/A - From RDC,30-Jun-15,29-Apr-15,29-Apr-15,ARV,Pediatric,SCMS from RDC,"Lamivudine/Nevirapine/Zidovudine 30/50/60mg, dispersible tablets, 60 Tabs",Lamivudine/Nevirapine/Zidovudine,Generic,30/50/60mg,Chewable/dispersible tablet - FDC,60,"13,660",49176.00,3.6,0.06,Mylan (formerly Matrix) Nashik,TRUE,849,"$1,871.34 ",50.55
"85,354",114-UG-T30,FPQ-11133,SO-43890,DN-3122,Uganda,PMO - US,From RDC,N/A - From RDC,Truck,12/13/2012,N/A - From RDC,07-Jun-13,07-Jun-13,07-Jun-13,ARV,Adult,SCMS from RDC,"Efavirenz 600mg, tablets, 30 Tabs",Efavirenz,Generic,600mg,Tablet,30,"24,912",82956.96,3.33,0.11,"Strides, Bangalore, India.",FALSE,See DN-3122 (ID#:82570),null,102.62
"85,164",110-ZM-T30,FPQ-5702,SO-36851,DN-2053,Zambia,PMO - US,From RDC,N/A - From RDC,Truck,5/20/2010,N/A - From RDC,26-Nov-10,03-Dec-10,03-Dec-10,ARV,Adult,SCMS from RDC,"Abacavir 300mg, tablets, 60 Tabs",Abacavir,Generic,300mg,Tablet,60,"17,045",270845.05,15.89,0.26,"Cipla, Patalganga, India",TRUE,20752,"$17,520.43 ",583.94
"85,036",151-NG-T30,FPQ-14989,SO-51428,DN-4291,Nigeria,PMO - US,From RDC,N/A - From RDC,Air Charter,9/19/2014,N/A - From RDC,30-Jun-15,02-Jun-15,17-Jun-15,ARV,Adult,SCMS from RDC,"Efavirenz/Lamivudine/Tenofovir Disoproxil Fumarate 600/300/300mg, tablets, 30 Tabs",Efavirenz/Lamivudine/Tenofovir Disoproxil Fumarate,Generic,600/300/300mg,Tablet - FDC,30,"121,000",1161600.00,9.6,0.32,Hetero Unit III Hyderabad IN,TRUE,35884,"$68,103.71 ","1,194.12"
"85,355",114-UG-T30,FPQ-11133,SO-43890,DN-3122,Uganda,PMO - US,From RDC,N/A - From RDC,Truck,12/13/2012,N/A - From RDC,07-Jun-13,07-Jun-13,07-Jun-13,ARV,Adult,SCMS from RDC,"Lamivudine/Nevirapine/Zidovudine 150/200/300mg, tablets, 60 Tabs",Lamivudine/Nevirapine/Zidovudine,Generic,150/300/200mg,Tablet - FDC,60,"68,736",589754.88,8.58,0.14,Hetero Unit III Hyderabad IN,FALSE,See DN-3122 (ID#:82570),null,729.53
"85,038",114-UG-T30,FPQ-15294,SO-50053,DN-4298,Uganda,PMO - US,From RDC,N/A - From RDC,Truck,11-03-14,N/A - From RDC,15-Jul-15,09-Jul-15,13-Jul-15,ARV,Pediatric,SCMS from RDC,"Abacavir/Lamivudine 60/30mg, dispersible tablets, 60 Tabs",Abacavir/Lamivudine,Generic,60/30mg,Chewable/dispersible tablet - FDC,60,"14,476",57180.20,3.95,0.07,"Cipla, Patalganga, India",TRUE,839,"$8,402.24 ",67.3
"85,039",103-CM-T30,FPQ-16209,SO-51470,DN-4305,Cameroon,PMO - US,From RDC,N/A - From RDC,Air,4/16/2015,N/A - From RDC,16-Jul-15,28-Jun-15,29-Jun-15,ARV,Pediatric,SCMS from RDC,"Efavirenz 200mg, scored tablets, 90 Tabs",Efavirenz,Generic,200mg,Tablet,90,"3,101",28839.30,9.3,0.1,"Strides, Bangalore, India.",TRUE,195,"$4,257.91 ",33.94
"83,678",103-SS-T30,FPQ-11489,SO-44630,DN-3125,South Sudan,PMO - US,From RDC,N/A - From RDC,Air,1/16/2013,N/A - From RDC,30-Apr-13,24-Apr-13,24-Apr-13,ARV,Adult,SCMS from RDC,"Lamivudine/Nevirapine/Zidovudine 150/200/300mg, tablets, 60 Tabs",Lamivudine/Nevirapine/Zidovudine,Generic,150/300/200mg,Tablet - FDC,60,"3,746",32140.68,8.58,0.14,Hetero Unit III Hyderabad IN,FALSE,See DN-3125 (ID#:82571),null,39.76
"83,679",103-SS-T30,FPQ-11489,SO-44630,DN-3125,South Sudan,PMO - US,From RDC,N/A - From RDC,Air,1/16/2013,N/A - From RDC,30-Apr-13,24-Apr-13,24-Apr-13,ARV,Adult,SCMS from RDC,"Nevirapine 200mg, tablets, 60 Tabs",Nevirapine,Generic,200mg,Tablet,60,378,854.28,2.26,0.04,Hetero Unit III Hyderabad IN,FALSE,See DN-3125 (ID#:82571),null,1.06
"85,356",103-SS-T30,FPQ-11489,SO-44630,DN-3125,South Sudan,PMO - US,From RDC,N/A - From RDC,Air,1/16/2013,N/A - From RDC,30-Apr-13,24-Apr-13,24-Apr-13,ARV,Adult,SCMS from RDC,"Efavirenz/Lamivudine/Tenofovir Disoproxil Fumarate 600/300/300mg, tablets, 30 Tabs",Efavirenz/Lamivudine/Tenofovir Disoproxil Fumarate,Generic,600/300/300mg,Tablet - FDC,30,"1,278",13444.56,10.52,0.35,Hetero Unit III Hyderabad IN,FALSE,See DN-3125 (ID#:82571),null,16.63
"85,960",103-SS-T30,FPQ-11489,SO-44630,DN-3125,South Sudan,PMO - US,From RDC,N/A - From RDC,Air,1/16/2013,N/A - From RDC,30-Apr-13,24-Apr-13,24-Apr-13,ARV,Adult,SCMS from RDC,"Lopinavir/Ritonavir 200/50mg, tablets, 120 Tabs",Lopinavir/Ritonavir,Generic,200/50mg,Tablet,120,507,12553.32,24.76,0.21,"Aurobindo Unit III, India",FALSE,See DN-3125 (ID#:82571),null,15.53
"85,961",103-SS-T30,FPQ-11489,SO-44630,DN-3125,South Sudan,PMO - US,From RDC,N/A - From RDC,Air,1/16/2013,N/A - From RDC,30-Apr-13,24-Apr-13,24-Apr-13,ARV,Pediatric,SCMS from RDC,"Lamivudine/Zidovudine 30/60mg, tablets, 60 Tabs",Lamivudine/Zidovudine,Generic,30/60mg,Tablet - FDC,60,132,298.32,2.26,0.04,Mylan (formerly Matrix) Nashik,FALSE,See DN-3125 (ID#:82571),null,0.37
"86,564",103-SS-T30,FPQ-11489,SO-44630,DN-3125,South Sudan,PMO - US,From RDC,N/A - From RDC,Air,1/16/2013,N/A - From RDC,30-Apr-13,24-Apr-13,24-Apr-13,ARV,Adult,SCMS from RDC,"Efavirenz 600mg, tablets, 30 Tabs",Efavirenz,Generic,600mg,Tablet,30,"2,100",6993.00,3.33,0.11,"Strides, Bangalore, India.",FALSE,See DN-3125 (ID#:82571),null,8.65
"86,565",103-SS-T30,FPQ-11489,SO-44630,DN-3125,South Sudan,PMO - US,From RDC,N/A - From RDC,Air,1/16/2013,N/A - From RDC,30-Apr-13,24-Apr-13,24-Apr-13,ARV,Adult,SCMS from RDC,"Lamivudine/Zidovudine 150/300mg, tablets, 60 Tabs",Lamivudine/Zidovudine,Generic,150/300mg,Tablet - FDC,60,"1,702",12373.54,7.27,0.12,"Cipla, Goa, India",FALSE,See DN-3125 (ID#:82571),null,15.31
"84,251",102-BI-T30,FPQ-11661,SO-44660,DN-3129,Burundi,PMO - US,From RDC,N/A - From RDC,Air,2/20/2013,N/A - From RDC,30-Jun-13,09-May-13,09-May-13,ARV,Adult,SCMS from RDC,"Emtricitabine/Tenofovir Disoproxil Fumarate 200/300mg, tablets, 30 Tabs",Emtricitabine/Tenofovir Disoproxil Fumarate,Generic,200/300mg,Tablet - FDC,30,"1,080",6555.60,6.07,0.2,Mylan (formerly Matrix) Nashik,FALSE,See DN-3129 (ID#:83135),null,8.11
"86,566",151-NG-T30,FPQ-11022,SO-43843,DN-3130,Nigeria,PMO - US,From RDC,N/A - From RDC,Air Charter,11/15/2012,N/A - From RDC,21-May-13,03-May-13,03-May-13,ARV,Adult,SCMS from RDC,"Lopinavir/Ritonavir 200/50mg, tablets, 120 Tabs",Lopinavir/Ritonavir,Generic,200/50mg,Tablet,120,"50,000",1089000.00,21.78,0.18,"Aurobindo Unit III, India",FALSE,See DN-3130 (ID#:84252),null,"1,347.09"
"83,680",113-ZW-T30,FPQ-11002,SO-43710,DN-3131,Zimbabwe,PMO - US,From RDC,N/A - From RDC,Truck,11/16/2012,N/A - From RDC,06-May-13,29-Apr-13,29-Apr-13,ARV,Adult,SCMS from RDC,"Nevirapine 200mg, tablets, 60 Tabs",Nevirapine,Generic,200mg,Tablet,60,"91,000",205660.00,2.26,0.04,Hetero Unit III Hyderabad IN,FALSE,See DN-3131 (ID#:83136),null,254.4
"84,253",113-ZW-T30,FPQ-11002,SO-43710,DN-3131,Zimbabwe,PMO - US,From RDC,N/A - From RDC,Truck,11/16/2012,N/A - From RDC,06-May-13,29-Apr-13,29-Apr-13,ARV,Adult,SCMS from RDC,"Lamivudine/Tenofovir Disoproxil Fumarate 300/300mg, tablets, 30 Tabs",Lamivudine/Tenofovir Disoproxil Fumarate,Generic,300/300mg,Tablet - FDC,30,"2,014",9465.80,4.7,0.16,"Aurobindo Unit VII, IN",FALSE,See DN-3131 (ID#:83136),null,11.71
"84,812",113-ZW-T30,FPQ-11002,SO-43710,DN-3131,Zimbabwe,PMO - US,From RDC,N/A - From RDC,Truck,11/16/2012,N/A - From RDC,06-May-13,29-Apr-13,29-Apr-13,ARV,Adult,SCMS from RDC,"Lamivudine/Tenofovir Disoproxil Fumarate 300/300mg, tablets, 30 Tabs",Lamivudine/Tenofovir Disoproxil Fumarate,Generic,300/300mg,Tablet - FDC,30,"100,000",470000.00,4.7,0.16,Hetero Unit III Hyderabad IN,FALSE,See DN-3131 (ID#:83136),null,581.39
"85,962",113-ZW-T30,FPQ-11002,SO-43720,DN-3132,Zimbabwe,PMO - US,From RDC,N/A - From RDC,Truck,11/16/2012,N/A - From RDC,30-May-13,29-Apr-13,29-Apr-13,ARV,Adult,SCMS from RDC,"Nevirapine 200mg, tablets, 60 Tabs",Nevirapine,Generic,200mg,Tablet,60,"131,520",297235.20,2.26,0.04,"Cipla, Goa, India",FALSE,See DN-3132 (ID#:83681),null,367.68
"85,358",111-MZ-T30,FPQ-11033,SO-43820,DN-3133,Mozambique,PMO - US,From RDC,N/A - From RDC,Truck,11-12-12,N/A - From RDC,21-Jul-13,26-Jul-13,26-Jul-13,ARV,Pediatric,SCMS from RDC,"Zidovudine 10mg/ml, oral solution w/syringe, Bottle, 240 ml",Zidovudine,Generic,10mg/ml,Oral solution,240,"13,150",27615.00,2.1,0.01,"Aurobindo Unit III, India",FALSE,See DN-3133 (ID#:84254),null,34.16
"11,758",104-CI-T01,Pre-PQ Process,SO-589,DN-314,Côte d'Ivoire,PMO - US,From RDC,N/A - From RDC,,Pre-PQ Process,N/A - From RDC,24-Aug-07,24-Aug-07,24-Aug-07,ARV,Pediatric,SCMS from RDC,"Efavirenz 50mg [Stocrin/Sustiva], capsule, 30 Caps",Efavirenz,Stocrin/Sustiva,50mg,Capsule,30,"4,515",15667.05,3.47,0.12,"MSD, Haarlem, NL",FALSE,See DN-314 (ID#:11757),null,25.07
"12,397",104-CI-T01,Pre-PQ Process,SO-589,DN-314,Côte d'Ivoire,PMO - US,From RDC,N/A - From RDC,,Pre-PQ Process,N/A - From RDC,24-Aug-07,24-Aug-07,24-Aug-07,ARV,Pediatric,SCMS from RDC,"Efavirenz 50mg [Stocrin/Sustiva], capsule, 30 Caps",Efavirenz,Stocrin/Sustiva,50mg,Capsule,30,738,2560.86,3.47,0.12,"MSD, Haarlem, NL",FALSE,See DN-314 (ID#:11757),null,4.1
"85,072",104-CI-T30,FPQ-4187,SO-33490,DN-1526,Côte d'Ivoire,PMO - US,From RDC,N/A - From RDC,Air,09-09-09,N/A - From RDC,04-Dec-09,02-Dec-09,02-Dec-09,ARV,Pediatric,SCMS from RDC,"Nevirapine 10mg/ml, oral suspension, Bottle, 240 ml",Nevirapine,Generic,10mg/ml,Oral suspension,240,"4,464",8570.88,1.92,0.01,"Aurobindo Unit III, India",TRUE,1655,"$1,211.48 ",16.8
"84,259",151-NG-T30,FPQ-11022,SO-43842,DN-3148,Nigeria,PMO - US,From RDC,N/A - From RDC,Air Charter,11/15/2012,N/A - From RDC,21-May-13,06-May-13,06-May-13,ARV,Adult,SCMS from RDC,"Nevirapine 200mg, tablets, 60 Tabs",Nevirapine,Generic,200mg,Tablet,60,"14,344",32417.44,2.26,0.04,"Aurobindo Unit III, India",FALSE,See DN-3148 (ID#:82574),null,40.1
"83,140",114-UG-T30,FPQ-11133,SO-43873,DN-3153,Uganda,PMO - US,From RDC,N/A - From RDC,Truck,12/13/2012,N/A - From RDC,28-Jun-13,07-Jun-13,07-Jun-13,ARV,Adult,SCMS from RDC,"Lamivudine/Zidovudine 150/300mg, tablets, 60 Tabs",Lamivudine/Zidovudine,Generic,150/300mg,Tablet - FDC,60,"18,547",129829.00,7,0.12,Hetero Unit III Hyderabad IN,FALSE,See DN-3153 (ID#:82575),null,160.6
"85,076",114-UG-T30,FPQ-4470,SO-34010,DN-1548,Uganda,PMO - US,From RDC,N/A - From RDC,Air,8/17/2009,N/A - From RDC,30-Nov-09,02-Dec-09,02-Dec-09,ARV,Adult,SCMS from RDC,"Efavirenz 600mg, tablets, 30 Tabs",Efavirenz,Generic,600mg,Tablet,30,"5,000",28900.00,5.78,0.19,"Aurobindo Unit III, India",TRUE,907,"$9,044.65 ",56.64
"85,077",123-NG-T30,FPQ-4014,SO-32974,DN-1570,Nigeria,PMO - US,From RDC,N/A - From RDC,Air Charter,7/27/2009,N/A - From RDC,18-Dec-09,18-Dec-09,18-Dec-09,ARV,Adult,SCMS from RDC,"Abacavir 300mg, tablets, 60 Tabs",Abacavir,Generic,300mg,Tablet,60,755,16172.10,21.42,0.36,Mylan (formerly Matrix) Nashik,TRUE,75,"$11,637.64 ",31.7
"85,078",112-NG-T30,FPQ-4040,SO-32982,DN-1571,Nigeria,PMO - US,From RDC,N/A - From RDC,Air Charter,7/29/2009,N/A - From RDC,18-Dec-09,18-Dec-09,18-Dec-09,ARV,Adult,SCMS from RDC,"Efavirenz 600mg, tablets, 30 Tabs",Efavirenz,Generic,600mg,Tablet,30,168,971.04,5.78,0.19,"Aurobindo Unit III, India",TRUE,15,"$11,637.64 ",1.9
"85,079",106-HT-T30,FPQ-4469,SO-35190,DN-1592,Haiti,PMO - US,From RDC,N/A - From RDC,Air,9/23/2009,N/A - From RDC,25-Dec-09,21-Dec-09,21-Dec-09,ARV,Pediatric,SCMS from RDC,"Efavirenz 50mg, capsule, 30 Caps",Efavirenz,Generic,50mg,Capsule,30,572,1281.28,2.24,0.07,"Aurobindo Unit III, India",TRUE,33,"$1,062.95 ",2.76
"85,080",114-UG-T30,FPQ-4495,SO-34960,DN-1596,Uganda,PMO - US,From RDC,N/A - From RDC,Air,10/28/2009,N/A - From RDC,15-Feb-10,15-Jan-10,15-Jan-10,ARV,Adult,SCMS from RDC,"Lamivudine/Tenofovir Disoproxil Fumarate 300/300mg, tablets, 30 Tabs",Lamivudine/Tenofovir Disoproxil Fumarate,Generic,300/300mg,Tablet - FDC,30,"2,000",20000.00,10,0.33,Mylan (formerly Matrix) Nashik,TRUE,168,"$2,990.92 ",43.12
"85,081",151-NG-T30,FPQ-4105,SO-33145,DN-1614,Nigeria,PMO - US,From RDC,N/A - From RDC,Air,8/13/2009,N/A - From RDC,29-Jan-10,22-Jan-10,22-Jan-10,ARV,Adult,SCMS from RDC,"Lamivudine/Nevirapine/Zidovudine 150/200/300mg, tablets, 60 Tabs",Lamivudine/Nevirapine/Zidovudine,Generic,150/300/200mg,Tablet - FDC,60,"40,080",454908.00,11.35,0.19,"Aurobindo Unit III, India",TRUE,4498,"$19,480.97 ",891.62
"84,816",114-UG-T30,FPQ-11133,SO-43873,DN-3153,Uganda,PMO - US,From RDC,N/A - From RDC,Truck,12/13/2012,N/A - From RDC,28-Jun-13,07-Jun-13,07-Jun-13,ARV,Adult,SCMS from RDC,"Lamivudine/Zidovudine 150/300mg, tablets, 60 Tabs",Lamivudine/Zidovudine,Generic,150/300mg,Tablet - FDC,60,"3,173",22211.00,7,0.12,"Cipla, Goa, India",FALSE,See DN-3153 (ID#:82575),null,27.48
"85,084",106-HT-T30,FPQ-4384,SO-34680,DN-1627,Haiti,PMO - US,From RDC,N/A - From RDC,Air,10/23/2009,N/A - From RDC,05-Mar-10,03-Mar-10,03-Mar-10,ARV,Adult,SCMS from RDC,"Efavirenz 600mg, tablets, 30 Tabs",Efavirenz,Generic,600mg,Tablet,30,"26,712",154395.36,5.78,0.19,"Aurobindo Unit III, India",TRUE,2342,"$12,016.69 ",332.88
"84,817",109-TZ-T30,FPQ-12015,SO-44981,DN-3155,Tanzania,PMO - US,From RDC,N/A - From RDC,Truck,04-02-13,N/A - From RDC,23-Aug-13,14-May-13,14-May-13,ARV,Pediatric,SCMS from RDC,"Lamivudine/Nevirapine/Stavudine 60/100/12mg, dispersible tablets, 60 Tabs",Lamivudine/Nevirapine/Stavudine,Generic,60/100/12mg,Chewable/dispersible tablet - FDC,60,"12,106",52055.80,4.3,0.07,"Cipla, Goa, India",FALSE,See DN-3155 (ID#:84260),null,64.39
"84,262",151-NG-T30,FPQ-11022,SO-43849,DN-3171,Nigeria,PMO - US,From RDC,N/A - From RDC,Air Charter,11/15/2012,N/A - From RDC,21-May-13,10-May-13,10-May-13,ARV,Adult,SCMS from RDC,"Lamivudine/Zidovudine 150/300mg, tablets, 60 Tabs",Lamivudine/Zidovudine,Generic,150/300mg,Tablet - FDC,60,"41,222",288554.00,7,0.12,"Cipla, Goa, India",FALSE,See DN-3171 (ID#:83685),null,356.94
"86,572",151-NG-T30,FPQ-11022,SO-43849,DN-3171,Nigeria,PMO - US,From RDC,N/A - From RDC,Air Charter,11/15/2012,N/A - From RDC,21-May-13,10-May-13,10-May-13,ARV,Adult,SCMS from RDC,"Lamivudine/Zidovudine 150/300mg, tablets, 60 Tabs",Lamivudine/Zidovudine,Generic,150/300mg,Tablet - FDC,60,"54,005",378035.00,7,0.12,Hetero Unit III Hyderabad IN,FALSE,See DN-3171 (ID#:83685),null,467.63
"85,088",104-CI-T30,FPQ-4659,SO-35820,DN-1647,Côte d'Ivoire,PMO - US,From RDC,N/A - From RDC,Air,12-08-09,N/A - From RDC,10-May-10,19-Feb-10,19-Feb-10,ARV,Adult,SCMS from RDC,"Nevirapine 200mg, tablets, 60 Tabs",Nevirapine,Generic,200mg,Tablet,60,"9,876",26961.48,2.73,0.05,"Aurobindo Unit III, India",TRUE,941,"$7,779.96 ",58.13
"85,089",104-CI-T30,FPQ-4416,SO-34770,DN-1652,Côte d'Ivoire,PMO - US,From RDC,N/A - From RDC,Air,09-09-09,N/A - From RDC,10-Mar-10,02-Mar-10,02-Mar-10,ARV,Adult,SCMS from RDC,"Emtricitabine/Tenofovir Disoproxil Fumarate 200/300mg [Truvada], tablets, 30 Tabs",Emtricitabine/Tenofovir Disoproxil Fumarate,Truvada,300/200mg,Tablet - FDC,30,"6,464",169680.00,26.25,0.88,"Aspen-OSD, Port Elizabeth, SA",TRUE,571,"$1,949.41 ",365.83
"85,969",151-NG-T30,FPQ-11022,SO-43852,DN-3173,Nigeria,PMO - US,From RDC,N/A - From RDC,Air Charter,11/15/2012,N/A - From RDC,04-Jun-13,10-May-13,10-May-13,ARV,Adult,SCMS from RDC,"Efavirenz 600mg, tablets, 30 Tabs",Efavirenz,Generic,600mg,Tablet,30,"47,091",156813.03,3.33,0.11,"Strides, Bangalore, India.",FALSE,See DN-3173 (ID#:83687),null,193.98
"85,970",151-NG-T30,FPQ-11022,SO-43852,DN-3173,Nigeria,PMO - US,From RDC,N/A - From RDC,Air Charter,11/15/2012,N/A - From RDC,04-Jun-13,10-May-13,10-May-13,ARV,Adult,SCMS from RDC,"Efavirenz 600mg, tablets, 30 Tabs",Efavirenz,Generic,600mg,Tablet,30,"120,000",399600.00,3.33,0.11,"Hetero, Jadcherla, unit 5, IN",FALSE,See DN-3173 (ID#:83687),null,494.31
"84,821",110-ZM-T30,FPQ-10728,SO-43460,DN-3186,Zambia,PMO - US,From RDC,N/A - From RDC,Truck,10-05-12,N/A - From RDC,28-Jun-13,07-Jun-13,07-Jun-13,ARV,Adult,SCMS from RDC,"Lamivudine/Zidovudine 150/300mg, tablets, 60 Tabs",Lamivudine/Zidovudine,Generic,150/300mg,Tablet - FDC,60,"87,384",611688.00,7,0.12,"Aurobindo Unit III, India",FALSE,See DN-3186 (ID#:83688),null,857.59
"85,367",110-ZM-T30,FPQ-10728,SO-43460,DN-3186,Zambia,PMO - US,From RDC,N/A - From RDC,Truck,10-05-12,N/A - From RDC,28-Jun-13,07-Jun-13,07-Jun-13,ARV,Adult,SCMS from RDC,"Lamivudine/Zidovudine 150/300mg, tablets, 60 Tabs",Lamivudine/Zidovudine,Generic,150/300mg,Tablet - FDC,60,"92,492",647444.00,7,0.12,Hetero Unit III Hyderabad IN,FALSE,See DN-3186 (ID#:83688),null,907.72
"86,575",110-ZM-T30,FPQ-10728,SO-43460,DN-3186,Zambia,PMO - US,From RDC,N/A - From RDC,Truck,10-05-12,N/A - From RDC,28-Jun-13,07-Jun-13,07-Jun-13,ARV,Adult,SCMS from RDC,"Lamivudine/Zidovudine 150/300mg, tablets, 60 Tabs",Lamivudine/Zidovudine,Generic,150/300mg,Tablet - FDC,60,"12,873",90111.00,7,0.12,"Cipla, Goa, India",FALSE,See DN-3186 (ID#:83688),null,126.34
"12,400",110-ZM-T01,Pre-PQ Process,SO-908,DN-319,Zambia,PMO - US,From RDC,N/A - From RDC,Air,Pre-PQ Process,N/A - From RDC,29-Aug-07,29-Aug-07,29-Aug-07,ARV,Adult,SCMS from RDC,"Lamivudine 150mg, tablets, 60 Tabs",Lamivudine,Generic,150mg,Tablet,60,"30,000",91200.00,3.04,0.05,"Aurobindo Unit III, India",FALSE,See DN-319 (ID#:11765),null,145.92
"86,577",151-NG-T30,FPQ-11022,SO-43840,DN-3197,Nigeria,PMO - US,From RDC,N/A - From RDC,Air Charter,11/15/2012,N/A - From RDC,31-May-13,28-May-13,28-May-13,ARV,Adult,SCMS from RDC,"Lopinavir/Ritonavir 200/50mg, tablets, 120 Tabs",Lopinavir/Ritonavir,Generic,200/50mg,Tablet,120,"19,000",413820.00,21.78,0.18,Hetero Unit III Hyderabad IN,FALSE,See DN-3197 (ID#:84271),null,511.9
"85,097",111-MZ-T30,FPQ-4471,SO-35490,DN-1698,Mozambique,PMO - US,From RDC,N/A - From RDC,Truck,9/14/2009,N/A - From RDC,17-May-10,14-Apr-10,14-Apr-10,ARV,Adult,SCMS from RDC,"Lamivudine/Nevirapine/Zidovudine 150/200/300mg, tablets, 60 Tabs",Lamivudine/Nevirapine/Zidovudine,Generic,150/300/200mg,Tablet - FDC,60,"30,315",340134.30,11.22,0.19,"Aurobindo Unit III, India",TRUE,3563,"$3,423.26 ",666.66
"84,824",151-NG-T30,FPQ-11022,SO-43850,DN-3199,Nigeria,PMO - US,From RDC,N/A - From RDC,Air Charter,11/15/2012,N/A - From RDC,04-Jun-13,29-May-13,29-May-13,ARV,Adult,SCMS from RDC,"Efavirenz 600mg, tablets, 30 Tabs",Efavirenz,Generic,600mg,Tablet,30,"63,610",211821.30,3.33,0.11,"Aurobindo Unit III, India",FALSE,See DN-3199 (ID#:84270),null,262.02
"85,369",151-NG-T30,FPQ-11022,SO-43850,DN-3199,Nigeria,PMO - US,From RDC,N/A - From RDC,Air Charter,11/15/2012,N/A - From RDC,04-Jun-13,29-May-13,29-May-13,ARV,Adult,SCMS from RDC,"Efavirenz 600mg, tablets, 30 Tabs",Efavirenz,Generic,600mg,Tablet,30,"1,428",4755.24,3.33,0.11,"Aurobindo Unit VII, IN",FALSE,See DN-3199 (ID#:84270),null,5.88
"85,370",151-NG-T30,FPQ-11022,SO-43850,DN-3199,Nigeria,PMO - US,From RDC,N/A - From RDC,Air Charter,11/15/2012,N/A - From RDC,04-Jun-13,29-May-13,29-May-13,ARV,Adult,SCMS from RDC,"Efavirenz 600mg, tablets, 30 Tabs",Efavirenz,Generic,600mg,Tablet,30,"60,000",199800.00,3.33,0.11,"Hetero, Jadcherla, unit 5, IN",FALSE,See DN-3199 (ID#:84270),null,247.15
"85,101",114-UG-T30,FPQ-4496,SO-34990,DN-1749,Uganda,PMO - US,From RDC,N/A - From RDC,Truck,10/28/2009,N/A - From RDC,26-Mar-10,25-Mar-10,25-Mar-10,ARV,Adult,SCMS from RDC,"Lamivudine/Tenofovir Disoproxil Fumarate 300/300mg, tablets, 30 Tabs",Lamivudine/Tenofovir Disoproxil Fumarate,Generic,300/300mg,Tablet - FDC,30,"3,680",36800.00,10,0.33,Mylan (formerly Matrix) Nashik,TRUE,328,"$3,522.52 ",79.34
"10,865",104-CI-T01,Pre-PQ Process,SO-959,DN-320,Côte d'Ivoire,PMO - US,From RDC,N/A - From RDC,,Pre-PQ Process,N/A - From RDC,30-Aug-07,30-Aug-07,30-Aug-07,ARV,Pediatric,SCMS from RDC,"Efavirenz 30mg/ml [Stocrin/Sustiva], oral solution, Bottle, 180 ml",Efavirenz,Stocrin/Sustiva,30mg/ml,Oral solution,180,508,8620.76,16.97,0.09,"MSD Patheon, Canada",FALSE,See DN-320 (ID#:10593),null,13.79
"85,103",114-UG-T30,FPQ-5239,SO-36110,DN-1772,Uganda,PMO - US,From RDC,N/A - From RDC,Air,03-02-10,N/A - From RDC,02-Jun-10,22-Apr-10,22-Apr-10,ARV,Adult,SCMS from RDC,"Lamivudine/Zidovudine 150/300mg, tablets, 60 Tabs",Lamivudine/Zidovudine,Generic,150/300mg,Tablet - FDC,60,"1,600",14016.00,8.76,0.15,Hetero Unit III Hyderabad IN,TRUE,13,"$1,758.60 ",30.22
"85,104",151-NG-T30,FPQ-4537,SO-34916,DN-1779,Nigeria,PMO - US,From RDC,N/A - From RDC,Air Charter,11-06-09,N/A - From RDC,31-May-10,18-May-10,18-May-10,ARV,Adult,SCMS from RDC,"Efavirenz 600mg, tablets, 30 Tabs",Efavirenz,Generic,600mg,Tablet,30,"3,500",16625.00,4.75,0.16,"Aurobindo Unit III, India",TRUE,309,"$9,736.10 ",35.84
"85,105",151-NG-T30,FPQ-4537,SO-34915,DN-1781,Nigeria,PMO - US,From RDC,N/A - From RDC,Air Charter,11-06-09,N/A - From RDC,31-May-10,18-May-10,18-May-10,ARV,Adult,SCMS from RDC,"Efavirenz 600mg, tablets, 30 Tabs",Efavirenz,Generic,600mg,Tablet,30,188,893.00,4.75,0.16,"Aurobindo Unit III, India",TRUE,17,"$9,736.10 ",1.93
"85,106",151-NG-T30,FPQ-4537,SO-35111,DN-1786,Nigeria,PMO - US,From RDC,N/A - From RDC,Air Charter,11-06-09,N/A - From RDC,31-May-10,18-May-10,18-May-10,ARV,Adult,SCMS from RDC,"Lamivudine/Zidovudine+Efavirenz 150/300mg+600mg, tablets, co-blister 60+30 Tabs",Lamivudine/Zidovudine+Efavirenz,Generic,150/300mg+600mg,Tablet - FDC + co-blister,90,250,6875.00,27.5,0.31,"Aurobindo Unit III, India",TRUE,42,"$9,736.10 ",14.82
"10,866",104-CI-T01,Pre-PQ Process,SO-959,DN-320,Côte d'Ivoire,PMO - US,From RDC,N/A - From RDC,,Pre-PQ Process,N/A - From RDC,30-Aug-07,30-Aug-07,30-Aug-07,ARV,Adult,SCMS from RDC,"Nevirapine 200mg, tablets, 60 Tabs",Nevirapine,Generic,200mg,Tablet,60,"25,799",87716.60,3.4,0.06,"Strides, Bangalore, India.",FALSE,See DN-320 (ID#:10593),null,140.35
"85,108",151-NG-T30,FPQ-4537,SO-36010,DN-1810,Nigeria,PMO - US,From RDC,N/A - From RDC,Air Charter,11-06-09,N/A - From RDC,31-May-10,18-May-10,18-May-10,ARV,Adult,SCMS from RDC,"Lamivudine/Tenofovir Disoproxil Fumarate 300/300mg, tablets, 30 Tabs",Lamivudine/Tenofovir Disoproxil Fumarate,Generic,300/300mg,Tablet - FDC,30,"9,852",98520.00,10,0.33,Mylan (formerly Matrix) Nashik,TRUE,1078,"$9,736.10 ",212.41
"85,109",105-GY-T30,FPQ-5470,SO-36641,DN-1811,Guyana,PMO - US,From RDC,N/A - From RDC,Air,04-07-10,N/A - From RDC,30-Jun-10,25-May-10,25-May-10,ARV,Pediatric,SCMS from RDC,"Didanosine 100mg, chewable/dispersible tablets, 60 Tabs",Didanosine,Generic,100mg,Chewable/dispersible tablet,60,330,2547.60,7.72,0.13,"Aurobindo Unit III, India",TRUE,71,"$1,721.53 ",5.49
"85,110",114-UG-T30,FPQ-4496,SO-34981,DN-1816,Uganda,PMO - US,From RDC,N/A - From RDC,Air,10/28/2009,N/A - From RDC,03-May-10,03-May-10,03-May-10,ARV,Adult,SCMS from RDC,"Lamivudine/Nevirapine/Zidovudine 150/200/300mg, tablets, 60 Tabs",Lamivudine/Nevirapine/Zidovudine,Generic,150/300/200mg,Tablet - FDC,60,"17,000",190740.00,11.22,0.19,Mylan (formerly Matrix) Nashik,TRUE,2156,"$14,467.75 ",411.24
"85,111",114-UG-T30,FPQ-5275,SO-36280,DN-1820,Uganda,PMO - US,From RDC,N/A - From RDC,Air,03-04-10,N/A - From RDC,11-Jun-10,03-May-10,03-May-10,ARV,Adult,SCMS from RDC,"Lamivudine/Zidovudine 150/300mg, tablets, 60 Tabs",Lamivudine/Zidovudine,Generic,150/300mg,Tablet - FDC,60,"5,000",43800.00,8.76,0.15,Hetero Unit III Hyderabad IN,TRUE,338,"$4,159.73 ",94.43
"85,112",109-TZ-T30,FPQ-5436,SO-36590,DN-1824,Tanzania,PMO - US,From RDC,N/A - From RDC,Air,04-01-10,N/A - From RDC,29-Jul-10,25-May-10,25-May-10,ARV,Pediatric,SCMS from RDC,"Didanosine 100mg, chewable/dispersible tablets, 60 Tabs",Didanosine,Generic,100mg,Chewable/dispersible tablet,60,"2,159",16667.48,7.72,0.13,"Aurobindo Unit III, India",TRUE,454,"$3,219.93 ",35.94
"11,435",104-CI-T01,Pre-PQ Process,SO-959,DN-320,Côte d'Ivoire,PMO - US,From RDC,N/A - From RDC,,Pre-PQ Process,N/A - From RDC,30-Aug-07,30-Aug-07,30-Aug-07,ARV,Adult,SCMS from RDC,"Indinavir 400mg [Crixivan], capsules, 180 Caps",Indinavir,Crixivan,400mg,Capsule,180,"7,839",391950.00,50,0.28,MSD Elkton USA,FALSE,See DN-320 (ID#:10593),null,627.12
"11,436",104-CI-T01,Pre-PQ Process,SO-959,DN-320,Côte d'Ivoire,PMO - US,From RDC,N/A - From RDC,,Pre-PQ Process,N/A - From RDC,30-Aug-07,30-Aug-07,30-Aug-07,ARV,Adult,SCMS from RDC,"Lopinavir/Ritonavir 200/50mg [Aluvia], tablets, 120 Tabs",Lopinavir/Ritonavir,Aluvia,200/50mg,Tablet,120,726,29838.60,41.1,0.34,ABBVIE Ludwigshafen Germany,FALSE,See DN-320 (ID#:10593),null,47.74
"11,766",104-CI-T01,Pre-PQ Process,SO-959,DN-320,Côte d'Ivoire,PMO - US,From RDC,N/A - From RDC,,Pre-PQ Process,N/A - From RDC,30-Aug-07,30-Aug-07,30-Aug-07,ARV,Pediatric,SCMS from RDC,"Lamivudine 10mg/ml, oral solution, Bottle, 240 ml",Lamivudine,Generic,10mg/ml,Oral solution,240,"2,523",4970.31,1.97,0.01,"Cipla, Goa, India",FALSE,See DN-320 (ID#:10593),null,7.95
"11,767",104-CI-T01,Pre-PQ Process,SO-959,DN-320,Côte d'Ivoire,PMO - US,From RDC,N/A - From RDC,,Pre-PQ Process,N/A - From RDC,30-Aug-07,30-Aug-07,30-Aug-07,ARV,Adult,SCMS from RDC,"Zidovudine 300mg, tablets, 60 Tabs",Zidovudine,Generic,300mg,Tablet,60,"7,586",61825.90,8.15,0.14,"Aurobindo Unit III, India",FALSE,See DN-320 (ID#:10593),null,98.92
"12,688",104-CI-T01,Pre-PQ Process,SO-959,DN-320,Côte d'Ivoire,PMO - US,From RDC,N/A - From RDC,,Pre-PQ Process,N/A - From RDC,30-Aug-07,30-Aug-07,30-Aug-07,ARV,Adult,SCMS from RDC,"Abacavir 300mg, tablets, 60 Tabs",Abacavir,Generic,300mg,Tablet,60,"6,000",165180.00,27.53,0.46,"Cipla, Patalganga, India",FALSE,See DN-320 (ID#:10593),null,264.29
"85,981",104-CI-T30,FPQ-11253,SO-44220,DN-3216,Côte d'Ivoire,PMO - US,From RDC,N/A - From RDC,Truck,12/14/2012,N/A - From RDC,31-Jul-13,06-Aug-13,06-Aug-13,ARV,Pediatric,SCMS from RDC,"Zidovudine 10mg/ml, oral solution w/syringe, Bottle, 240 ml",Zidovudine,Generic,10mg/ml,Oral solution,240,"2,000",4200.00,2.1,0.01,"Aurobindo Unit III, India",FALSE,See DN-3216 (ID#:83701),null,5.2
"12,680",119-NA-T01,Pre-PQ Process,SO-884,DN-322,Namibia,PMO - US,From RDC,N/A - From RDC,,Pre-PQ Process,N/A - From RDC,07-Sep-07,07-Sep-07,07-Sep-07,HRDT,HIV test,SCMS from RDC,"HIV 1/2, Determine Complete HIV Kit, 100 Tests","HIV 1/2, Determine Complete HIV Kit",Determine,,Test kit,100,300,24000.00,80,0.8,ABBVIE GmbH & Co.KG Wiesbaden,FALSE,See DN-322 (ID#:10587),null,38.4
"84,830",901-CM-T30,FPQ-12520,SO-45820,DN-3227,Cameroon,PMO - US,From RDC,N/A - From RDC,Air Charter,6/21/2013,N/A - From RDC,22-Jul-13,31-Jul-13,31-Jul-13,ARV,Adult,SCMS from RDC,"Lamivudine/Nevirapine/Zidovudine 150/200/300mg, tablets, 60 Tabs",Lamivudine/Nevirapine/Zidovudine,Generic,150/300/200mg,Tablet - FDC,60,"70,000",600600.00,8.58,0.14,"Aurobindo Unit III, India",FALSE,See DN-3227 (ID#:82589),null,742.94
"85,121",114-UG-T30,FPQ-5239,SO-36141,DN-1852,Uganda,PMO - US,From RDC,N/A - From RDC,Air,03-02-10,N/A - From RDC,30-Jun-10,22-Jun-10,22-Jun-10,ARV,Adult,SCMS from RDC,"Emtricitabine/Tenofovir Disoproxil Fumarate 200/300mg, tablets, 30 Tabs",Emtricitabine/Tenofovir Disoproxil Fumarate,Generic,200/300mg,Tablet - FDC,30,"1,500",17625.00,11.75,0.39,Mylan (formerly Matrix) Nashik,TRUE,109,"$2,288.29 ",38
"85,122",151-NG-T30,FPQ-4537,SO-35055,DN-1855,Nigeria,PMO - US,From RDC,N/A - From RDC,Air,11-06-09,N/A - From RDC,31-May-10,18-May-10,18-May-10,ARV,Adult,SCMS from RDC,"Lamivudine/Zidovudine 150/300mg, tablets, 60 Tabs",Lamivudine/Zidovudine,Generic,150/300mg,Tablet - FDC,60,"176,143",1543012.68,8.76,0.15,Hetero Unit III Hyderabad IN,TRUE,15200,"$9,735.95 ","3,326.74"
"85,123",114-UG-T30,FPQ-5239,SO-36132,DN-1858,Uganda,PMO - US,From RDC,N/A - From RDC,Air,03-02-10,N/A - From RDC,30-Jun-10,15-Jun-10,15-Jun-10,ARV,Adult,SCMS from RDC,"Nevirapine 200mg, tablets, 60 Tabs",Nevirapine,Generic,200mg,Tablet,60,"2,500",6825.00,2.73,0.05,"Strides, Bangalore, India.",TRUE,132,"$3,661.42 ",14.71
"85,977",901-CM-T30,FPQ-12520,SO-45820,DN-3227,Cameroon,PMO - US,From RDC,N/A - From RDC,Air Charter,6/21/2013,N/A - From RDC,22-Jul-13,31-Jul-13,31-Jul-13,ARV,Adult,SCMS from RDC,"Efavirenz/Lamivudine/Tenofovir Disoproxil Fumarate 600/300/300mg, tablets, 30 Tabs",Efavirenz/Lamivudine/Tenofovir Disoproxil Fumarate,Generic,600/300/300mg,Tablet - FDC,30,"45,000",473400.00,10.52,0.35,Hetero Unit III Hyderabad IN,FALSE,See DN-3227 (ID#:82589),null,585.6
"86,582",901-CM-T30,FPQ-12520,SO-45820,DN-3227,Cameroon,PMO - US,From RDC,N/A - From RDC,Air Charter,6/21/2013,N/A - From RDC,22-Jul-13,31-Jul-13,31-Jul-13,ARV,Adult,SCMS from RDC,"Efavirenz 600mg, tablets, 30 Tabs",Efavirenz,Generic,600mg,Tablet,30,"33,000",109890.00,3.33,0.11,"Strides, Bangalore, India.",FALSE,See DN-3227 (ID#:82589),null,135.93
"84,829",901-CM-T30,FPQ-12520,SO-45830,DN-3228,Cameroon,PMO - US,From RDC,N/A - From RDC,Air Charter,6/21/2013,N/A - From RDC,22-Jul-13,14-Jul-13,14-Jul-13,ARV,Adult,SCMS from RDC,"Lamivudine/Tenofovir Disoproxil Fumarate 300/300mg, tablets, 30 Tabs",Lamivudine/Tenofovir Disoproxil Fumarate,Generic,300/300mg,Tablet - FDC,30,"5,800",27260.00,4.7,0.16,"Aurobindo Unit VII, IN",FALSE,See DN-3228 (ID#:82588),null,33.72
"10,857",104-CI-T01,Pre-PQ Process,SO-963,DN-323,Côte d'Ivoire,PMO - US,From RDC,N/A - From RDC,,Pre-PQ Process,N/A - From RDC,14-Sep-07,14-Sep-07,14-Sep-07,ARV,Adult,SCMS from RDC,"Stavudine 30mg, capsules, 60 Caps",Stavudine,Generic,30mg,Capsule,60,"3,285",4993.20,1.52,0.03,"Strides, Bangalore, India.",FALSE,See DN-323 (ID#:10588),null,7.99
"12,411",104-CI-T01,Pre-PQ Process,SO-963,DN-323,Côte d'Ivoire,PMO - US,From RDC,N/A - From RDC,,Pre-PQ Process,N/A - From RDC,14-Sep-07,14-Sep-07,14-Sep-07,ARV,Pediatric,SCMS from RDC,"Didanosine 100mg, chewable/dispersible tablets, 60 Tabs",Didanosine,Generic,100mg,Chewable/dispersible tablet,60,"1,696",13144.00,7.75,0.13,"Aurobindo Unit III, India",FALSE,See DN-323 (ID#:10588),null,21.03
"12,710",104-CI-T01,Pre-PQ Process,SO-963,DN-323,Côte d'Ivoire,PMO - US,From RDC,N/A - From RDC,,Pre-PQ Process,N/A - From RDC,14-Sep-07,14-Sep-07,14-Sep-07,ARV,Pediatric,SCMS from RDC,"Abacavir 20mg/ml, oral solution, Bottle, 240 ml",Abacavir,Generic,20mg/ml,Oral solution,240,"1,500",24750.00,16.5,0.07,"Aurobindo Unit III, India",FALSE,See DN-323 (ID#:10588),null,39.6
"86,585",111-MZ-T30,FPQ-11033,SO-43774,DN-3230,Mozambique,PMO - US,From RDC,N/A - From RDC,Truck,11-12-12,N/A - From RDC,01-Aug-13,01-Aug-13,01-Aug-13,ARV,Adult,SCMS from RDC,"Efavirenz/Lamivudine/Tenofovir Disoproxil Fumarate 600/300/300mg, tablets, 30 Tabs",Efavirenz/Lamivudine/Tenofovir Disoproxil Fumarate,Generic,600/300/300mg,Tablet - FDC,30,"1,000",10520.00,10.52,0.35,Mylan (formerly Matrix) Nashik,FALSE,See DN-3230 (ID#:86584),null,13.01
"85,376",113-ZW-T30,FPQ-11545,SO-44340,DN-3231,Zimbabwe,PMO - US,From RDC,N/A - From RDC,Truck,1/24/2013,N/A - From RDC,31-Jul-13,06-Aug-13,06-Aug-13,ARV,Adult,SCMS from RDC,"Nevirapine 200mg, tablets, 60 Tabs",Nevirapine,Generic,200mg,Tablet,60,"10,227",23113.02,2.26,0.04,Hetero Unit III Hyderabad IN,FALSE,See DN-3231 (ID#:84831),null,28.59
"85,377",113-ZW-T30,FPQ-11545,SO-44340,DN-3231,Zimbabwe,PMO - US,From RDC,N/A - From RDC,Truck,1/24/2013,N/A - From RDC,31-Jul-13,06-Aug-13,06-Aug-13,ARV,Adult,SCMS from RDC,"Nevirapine 200mg, tablets, 60 Tabs",Nevirapine,Generic,200mg,Tablet,60,"98,203",221938.78,2.26,0.04,"Cipla, Goa, India",FALSE,See DN-3231 (ID#:84831),null,274.54
"85,978",113-ZW-T30,FPQ-11545,SO-44340,DN-3231,Zimbabwe,PMO - US,From RDC,N/A - From RDC,Truck,1/24/2013,N/A - From RDC,31-Jul-13,06-Aug-13,06-Aug-13,ARV,Adult,SCMS from RDC,"Lamivudine/Tenofovir Disoproxil Fumarate 300/300mg, tablets, 30 Tabs",Lamivudine/Tenofovir Disoproxil Fumarate,Generic,300/300mg,Tablet - FDC,30,"131,520",618144.00,4.7,0.16,"Aurobindo Unit VII, IN",FALSE,See DN-3231 (ID#:84831),null,764.64
"85,979",103-ZW-T30,FPQ-11478,SO-44290,DN-3232,Zimbabwe,PMO - US,From RDC,N/A - From RDC,Truck,1/16/2013,N/A - From RDC,30-Jul-13,06-Aug-13,06-Aug-13,ARV,Pediatric,SCMS from RDC,"Lamivudine/Nevirapine/Zidovudine 30/50/60mg, dispersible tablets, 60 Tabs",Lamivudine/Nevirapine/Zidovudine,Generic,30/50/60mg,Chewable/dispersible tablet - FDC,60,"14,217",59000.55,4.15,0.07,Mylan (formerly Matrix) Nashik,FALSE,See DN-3232 (ID#:85378),null,72.98
"85,135",151-NG-T30,FPQ-5023,SO-36439,DN-1958,Nigeria,PMO - US,From RDC,N/A - From RDC,Air Charter,02-10-10,N/A - From RDC,16-Aug-10,17-Aug-10,17-Aug-10,ARV,Adult,SCMS from RDC,"Lamivudine/Nevirapine/Zidovudine 150/200/300mg, tablets, 60 Tabs",Lamivudine/Nevirapine/Zidovudine,Generic,150/300/200mg,Tablet - FDC,60,"5,000",56100.00,11.22,0.19,"Aurobindo Unit III, India",TRUE,659,"$6,147.18 ",120.95
"85,136",151-NG-T30,FPQ-5023,SO-36411,DN-1966,Nigeria,PMO - US,From RDC,N/A - From RDC,Air Charter,02-10-10,N/A - From RDC,09-Aug-10,17-Aug-10,17-Aug-10,ARV,Adult,SCMS from RDC,"Emtricitabine/Tenofovir Disoproxil Fumarate 200/300mg, tablets, 30 Tabs",Emtricitabine/Tenofovir Disoproxil Fumarate,Generic,200/300mg,Tablet - FDC,30,"3,000",35250.00,11.75,0.39,Mylan (formerly Matrix) Nashik,TRUE,270,"$6,147.18 ",76
"85,389",102-BI-T30,FPQ-12065,SO-45180,DN-3234,Burundi,PMO - US,From RDC,N/A - From RDC,Air,4/22/2013,N/A - From RDC,09-Jul-13,23-Aug-13,23-Aug-13,ARV,Pediatric,SCMS from RDC,"Zidovudine 10mg/ml, oral solution w/syringe, Bottle, 240 ml",Zidovudine,Generic,10mg/ml,Oral solution,240,"1,480",3108.00,2.1,0.01,"Aurobindo Unit III, India",FALSE,See DN-3234 (ID#:85388),null,3.84
"84,275",114-UG-T30,FPQ-11133,SO-43910,DN-3237,Uganda,PMO - US,From RDC,N/A - From RDC,Truck,12/13/2012,N/A - From RDC,31-Jul-13,26-Aug-13,26-Aug-13,ARV,Adult,SCMS from RDC,"Lamivudine/Nevirapine/Zidovudine 150/200/300mg, tablets, 60 Tabs",Lamivudine/Nevirapine/Zidovudine,Generic,150/300/200mg,Tablet - FDC,60,"44,017",363580.42,8.26,0.14,Hetero Unit III Hyderabad IN,FALSE,See DN-3237 (ID#:83700),null,449.75
"85,139",114-UG-T30,FPQ-5238,SO-36071,DN-1986,Uganda,PMO - US,From RDC,N/A - From RDC,Air,03-02-10,N/A - From RDC,29-Aug-10,27-Aug-10,27-Aug-10,ARV,Adult,SCMS from RDC,"Emtricitabine/Tenofovir Disoproxil Fumarate 200/300mg, tablets, 30 Tabs",Emtricitabine/Tenofovir Disoproxil Fumarate,Generic,200/300mg,Tablet - FDC,30,"4,000",47000.00,11.75,0.39,Mylan (formerly Matrix) Nashik,TRUE,365,"$6,068.75 ",101.33
"85,140",151-NG-T30,FPQ-5023,SO-36464,DN-1994,Nigeria,PMO - US,From RDC,N/A - From RDC,Air Charter,02-10-10,N/A - From RDC,12-Aug-10,17-Aug-10,17-Aug-10,ARV,Adult,SCMS from RDC,"Nevirapine 200mg, tablets, 60 Tabs",Nevirapine,Generic,200mg,Tablet,60,"28,600",78078.00,2.73,0.05,"Aurobindo Unit III, India",TRUE,3344,"$6,147.14 ",168.34
"85,141",151-NG-T30,FPQ-5023,SO-36469,DN-1991,Nigeria,PMO - US,From RDC,N/A - From RDC,Air Charter,02-10-10,N/A - From RDC,12-Aug-10,17-Aug-10,17-Aug-10,ARV,Adult,SCMS from RDC,"Nevirapine 200mg, tablets, 60 Tabs",Nevirapine,Generic,200mg,Tablet,60,"3,322",9069.06,2.73,0.05,"Aurobindo Unit III, India",TRUE,377,"$6,147.18 ",19.55
"11,780",104-CI-T01,Pre-PQ Process,SO-997,DN-324,Côte d'Ivoire,PMO - US,From RDC,N/A - From RDC,,Pre-PQ Process,N/A - From RDC,31-Aug-07,31-Aug-07,31-Aug-07,ARV,Pediatric,SCMS from RDC,"Nevirapine 10mg/ml, oral suspension, Bottle, 240 ml",Nevirapine,Generic,10mg/ml,Oral suspension,240,"2,938",5640.96,1.92,0.01,"Aurobindo Unit III, India",FALSE,See DN-324 (ID#:10610),null,9.03
"83,704",114-UG-T30,FPQ-12253,SO-45470,DN-3256,Uganda,PMO - US,From RDC,N/A - From RDC,Air,05-08-13,N/A - From RDC,06-Aug-13,20-Aug-13,20-Aug-13,ARV,Adult,SCMS from RDC,"Efavirenz 600mg, tablets, 30 Tabs",Efavirenz,Generic,600mg,Tablet,30,"96,480",321278.40,3.33,0.11,"Aurobindo Unit III, India",FALSE,See DN-3256 (ID#:83149),null,397.42
"85,144",104-CI-T30,FPQ-5201,SO-36300,DN-2000,Côte d'Ivoire,PMO - US,From RDC,N/A - From RDC,Air,03-03-10,N/A - From RDC,14-Sep-10,06-Sep-10,06-Sep-10,ARV,Adult,SCMS from RDC,"Lamivudine/Zidovudine 150/300mg, tablets, 60 Tabs",Lamivudine/Zidovudine,Generic,150/300mg,Tablet - FDC,60,"61,920",542419.20,8.76,0.15,Hetero Unit III Hyderabad IN,TRUE,5334,"$8,815.65 ","1,169.46"
"85,145",102-UG-T30,FPQ-6202,SO-37280,DN-2002,Uganda,PMO - US,From RDC,N/A - From RDC,Air,08-06-10,N/A - From RDC,30-Sep-10,02-Sep-10,02-Sep-10,ARV,Adult,SCMS from RDC,"Lamivudine/Zidovudine 150/300mg, tablets, 60 Tabs",Lamivudine/Zidovudine,Generic,150/300mg,Tablet - FDC,60,"40,213",343821.15,8.55,0.14,Hetero Unit III Hyderabad IN,TRUE,3457,"$35,689.71 ",741.28
"85,146",110-ZM-T30,FPQ-5702,SO-36844,DN-2003,Zambia,PMO - US,From RDC,N/A - From RDC,Air,5/20/2010,N/A - From RDC,22-Sep-10,01-Sep-10,01-Sep-10,ARV,Adult,SCMS from RDC,"Lamivudine/Nevirapine/Stavudine 150/200/30mg, tablets, 60 Tabs",Lamivudine/Nevirapine/Stavudine,Generic,150/200/30mg,Tablet - FDC,60,"56,054",327915.90,5.85,0.1,"Strides, Bangalore, India.",TRUE,15140,"$16,249.55 ",706.99
"85,147",110-ZM-T30,FPQ-5702,SO-37370,DN-2009,Zambia,PMO - US,From RDC,N/A - From RDC,Air,5/20/2010,N/A - From RDC,27-Sep-10,08-Sep-10,08-Sep-10,ARV,Adult,SCMS from RDC,"Lamivudine 150mg, tablets, 60 Tabs",Lamivudine,Generic,150mg,Tablet,60,"6,580",15331.40,2.33,0.04,Hetero Unit III Hyderabad IN,TRUE,579,"$4,658.75 ",33.05
"83,705",114-UG-T30,FPQ-12253,SO-45470,DN-3256,Uganda,PMO - US,From RDC,N/A - From RDC,Air,05-08-13,N/A - From RDC,06-Aug-13,20-Aug-13,20-Aug-13,ARV,Adult,SCMS from RDC,"Lamivudine/Zidovudine 150/300mg, tablets, 60 Tabs",Lamivudine/Zidovudine,Generic,150/300mg,Tablet - FDC,60,"7,619",53333.00,7,0.12,Hetero Unit III Hyderabad IN,FALSE,See DN-3256 (ID#:83149),null,65.97
"85,986",102-BI-T30,FPQ-12065,SO-45170,DN-3257,Burundi,PMO - US,From RDC,N/A - From RDC,Air,4/22/2013,N/A - From RDC,24-Aug-13,26-Aug-13,26-Aug-13,ARV,Adult,SCMS from RDC,"Lamivudine/Zidovudine 150/300mg, tablets, 60 Tabs",Lamivudine/Zidovudine,Generic,150/300mg,Tablet - FDC,60,"8,040",56280.00,7,0.12,Hetero Unit III Hyderabad IN,FALSE,See DN-3257 (ID#:83148),null,69.62
"85,382",110-ZM-T30,FPQ-12066,SO-45061,DN-3258,Zambia,PMO - US,From RDC,N/A - From RDC,Truck,4/19/2013,N/A - From RDC,06-Sep-13,30-Jul-13,30-Jul-13,ARV,Adult,SCMS from RDC,"Abacavir 300mg, tablets, 60 Tabs",Abacavir,Generic,300mg,Tablet,60,"5,410",70113.60,12.96,0.22,"Aurobindo Unit III, India",FALSE,See DN-3258 (ID#:83706),null,86.73
"85,383",900-SS-T30,FPQ-11637,SO-44701,DN-3259,South Sudan,PMO - US,From RDC,N/A - From RDC,Truck,2/27/2013,N/A - From RDC,26-Aug-13,26-Aug-13,26-Aug-13,ARV,Adult,SCMS from RDC,"Lamivudine/Zidovudine 150/300mg, tablets, 60 Tabs",Lamivudine/Zidovudine,Generic,150/300mg,Tablet - FDC,60,240,1744.80,7.27,0.12,Hetero Unit III Hyderabad IN,FALSE,See DN-3259 (ID#:84838),null,2.16
"86,589",102-BI-T30,FPQ-12065,SO-45151,DN-3260,Burundi,PMO - US,From RDC,N/A - From RDC,Air,4/22/2013,N/A - From RDC,06-Aug-13,21-May-13,18-Nov-14,ARV,Adult,SCMS from RDC,"Lamivudine/Tenofovir Disoproxil Fumarate 300/300mg, tablets, 30 Tabs",Lamivudine/Tenofovir Disoproxil Fumarate,Generic,300/300mg,Tablet - FDC,30,48,225.60,4.7,0.16,Hetero Unit III Hyderabad IN,FALSE,See DN-3260 (ID#:82593),null,0.28
"85,153",106-HT-T30,FPQ-6391,SO-37440,DN-2020,Haiti,PMO - US,From RDC,N/A - From RDC,Air,09-10-10,N/A - From RDC,08-Oct-10,21-Oct-10,21-Oct-10,ARV,Pediatric,SCMS from RDC,"Stavudine 1mg/ml, powder for oral solution, 200 ml",Stavudine,Generic,1mg/ml,Oral solution,200,600,810.00,1.35,0.01,"Aurobindo Unit III, India",TRUE,69,"$29,153.27 ",1.75
"83,707",114-UG-T30,FPQ-12473,SO-45880,DN-3263,Uganda,PMO - US,From RDC,N/A - From RDC,Air,06-11-13,N/A - From RDC,27-Sep-13,27-Sep-13,27-Sep-13,ARV,Adult,SCMS from RDC,"Lamivudine/Tenofovir Disoproxil Fumarate 300/300mg, tablets, 30 Tabs",Lamivudine/Tenofovir Disoproxil Fumarate,Generic,300/300mg,Tablet - FDC,30,"65,615",308390.50,4.7,0.16,"Aurobindo Unit VII, IN",FALSE,See DN-3263 (ID#:83150),null,381.48
"86,590",114-UG-T30,FPQ-12473,SO-45880,DN-3263,Uganda,PMO - US,From RDC,N/A - From RDC,Air,06-11-13,N/A - From RDC,27-Sep-13,27-Sep-13,27-Sep-13,ARV,Adult,SCMS from RDC,"Lamivudine/Zidovudine 150/300mg, tablets, 60 Tabs",Lamivudine/Zidovudine,Generic,150/300mg,Tablet - FDC,60,"19,697",137879.00,7,0.12,"Cipla, Goa, India",FALSE,See DN-3263 (ID#:83150),null,170.56
"85,156",110-ZM-T30,FPQ-5702,SO-36843,DN-2029,Zambia,PMO - US,From RDC,N/A - From RDC,Truck,5/20/2010,N/A - From RDC,04-Nov-10,22-Oct-10,22-Oct-10,ARV,Adult,SCMS from RDC,"Nevirapine 200mg, tablets, 60 Tabs",Nevirapine,Generic,200mg,Tablet,60,"150,000",399000.00,2.66,0.04,Hetero Unit III Hyderabad IN,TRUE,8754,"$8,109.91 ",860.24
"84,841",114-UG-T30,FPQ-12473,SO-45870,DN-3267,Uganda,PMO - US,From RDC,N/A - From RDC,Air,06-11-13,N/A - From RDC,29-Aug-13,13-Sep-13,13-Sep-13,ARV,Adult,SCMS from RDC,"Lopinavir/Ritonavir 200/50mg [Aluvia], tablets, 120 Tabs",Lopinavir/Ritonavir,Aluvia,200/50mg,Tablet,120,"12,022",243084.84,20.22,0.17,ABBVIE Ludwigshafen Germany,FALSE,See DN-3267 (ID#:83708),null,300.7
"85,385",114-UG-T30,FPQ-12473,SO-45870,DN-3267,Uganda,PMO - US,From RDC,N/A - From RDC,Air,06-11-13,N/A - From RDC,29-Aug-13,13-Sep-13,13-Sep-13,ARV,Adult,SCMS from RDC,"Lamivudine/Nevirapine/Zidovudine 150/200/300mg, tablets, 60 Tabs",Lamivudine/Nevirapine/Zidovudine,Generic,150/300/200mg,Tablet - FDC,60,"100,000",858000.00,8.58,0.14,"Cipla, Goa, India",FALSE,See DN-3267 (ID#:83708),null,"1,061.35"
"86,591",114-UG-T30,FPQ-12473,SO-45870,DN-3267,Uganda,PMO - US,From RDC,N/A - From RDC,Air,06-11-13,N/A - From RDC,29-Aug-13,13-Sep-13,13-Sep-13,ARV,Adult,SCMS from RDC,"Efavirenz 600mg, tablets, 30 Tabs",Efavirenz,Generic,600mg,Tablet,30,"7,363",24518.79,3.33,0.11,"Strides, Bangalore, India.",FALSE,See DN-3267 (ID#:83708),null,30.33
"82,596",101-CD-T30,FPQ-12033,SO-45020,DN-3268,"Congo, DRC",PMO - US,From RDC,N/A - From RDC,Air,04-08-13,N/A - From RDC,27-Aug-13,08-Feb-14,11-Mar-14,ARV,Adult,SCMS from RDC,"Efavirenz/Lamivudine/Tenofovir Disoproxil Fumarate 600/300/300mg, tablets, 30 Tabs",Efavirenz/Lamivudine/Tenofovir Disoproxil Fumarate,Generic,600/300/300mg,Tablet - FDC,30,"7,404",77890.08,10.52,0.35,Hetero Unit III Hyderabad IN,FALSE,See DN-3268 (ID#:82595),null,96.35
"85,161",111-MZ-T30,FPQ-6426,SO-37610,DN-2037,Mozambique,PMO - US,From RDC,N/A - From RDC,Air,9/23/2010,N/A - From RDC,30-Nov-10,13-Dec-10,13-Dec-10,ARV,Adult,SCMS from RDC,"Lamivudine/Stavudine 150/30mg, tablets, 60 Tabs",Lamivudine/Stavudine,Generic,150/30mg,Tablet - FDC,60,"8,556",28063.68,3.28,0.05,Mylan (formerly Matrix) Nashik,TRUE,643,"$4,156.94 ",60.51
"83,709",101-CD-T30,FPQ-12033,SO-45020,DN-3268,"Congo, DRC",PMO - US,From RDC,N/A - From RDC,Air,04-08-13,N/A - From RDC,27-Aug-13,08-Feb-14,11-Mar-14,ARV,Adult,SCMS from RDC,"Efavirenz 600mg, tablets, 30 Tabs",Efavirenz,Generic,600mg,Tablet,30,238,792.54,3.33,0.11,"Strides, Bangalore, India.",FALSE,See DN-3268 (ID#:82595),null,0.98
"83,710",101-CD-T30,FPQ-12033,SO-45020,DN-3268,"Congo, DRC",PMO - US,From RDC,N/A - From RDC,Air,04-08-13,N/A - From RDC,27-Aug-13,08-Feb-14,11-Mar-14,ARV,Adult,SCMS from RDC,"Lopinavir/Ritonavir 200/50mg, tablets, 120 Tabs",Lopinavir/Ritonavir,Generic,200/50mg,Tablet,120,378,8232.84,21.78,0.18,Mylan (formerly Matrix) Nashik,FALSE,See DN-3268 (ID#:82595),null,10.18
"84,842",101-CD-T30,FPQ-12033,SO-45020,DN-3268,"Congo, DRC",PMO - US,From RDC,N/A - From RDC,Air,04-08-13,N/A - From RDC,27-Aug-13,08-Feb-14,11-Mar-14,ARV,Adult,SCMS from RDC,"Lamivudine/Nevirapine/Zidovudine 150/200/300mg, tablets, 60 Tabs",Lamivudine/Nevirapine/Zidovudine,Generic,150/300/200mg,Tablet - FDC,60,"20,697",177580.26,8.58,0.14,Mylan (formerly Matrix) Nashik,FALSE,See DN-3268 (ID#:82595),null,219.67
"85,386",101-CD-T30,FPQ-12033,SO-45020,DN-3268,"Congo, DRC",PMO - US,From RDC,N/A - From RDC,Air,04-08-13,N/A - From RDC,27-Aug-13,08-Feb-14,11-Mar-14,ARV,Adult,SCMS from RDC,"Abacavir 300mg, tablets, 60 Tabs",Abacavir,Generic,300mg,Tablet,60,379,4911.84,12.96,0.22,Mylan (formerly Matrix) Nashik,FALSE,See DN-3268 (ID#:82595),null,6.08
"85,168",104-CI-T30,FPQ-6144,SO-38130,DN-2076,Côte d'Ivoire,PMO - US,From RDC,N/A - From RDC,Air,08-03-10,N/A - From RDC,15-Dec-10,15-Dec-10,15-Dec-10,ARV,Adult,SCMS from RDC,"Abacavir 300mg, tablets, 60 Tabs",Abacavir,Generic,300mg,Tablet,60,800,13152.00,16.44,0.27,"Aurobindo Unit III, India",TRUE,364,"$2,700.18 ",28.36
"85,169",102-UG-T30,FPQ-6202,SO-37930,DN-2082,Uganda,PMO - US,From RDC,N/A - From RDC,Truck,08-06-10,N/A - From RDC,14-Jan-11,14-Jan-11,14-Jan-11,ARV,Adult,SCMS from RDC,"Lamivudine/Nevirapine/Zidovudine 150/200/300mg, tablets, 60 Tabs",Lamivudine/Nevirapine/Zidovudine,Generic,150/300/200mg,Tablet - FDC,60,"9,255",103841.10,11.22,0.19,"Aurobindo Unit III, India",TRUE,1243,"$6,120.60 ",223.88
"85,387",101-CD-T30,FPQ-12033,SO-45020,DN-3268,"Congo, DRC",PMO - US,From RDC,N/A - From RDC,Air,04-08-13,N/A - From RDC,27-Aug-13,08-Feb-14,11-Mar-14,ARV,Adult,SCMS from RDC,"Lamivudine 150mg, tablets, 60 Tabs",Lamivudine,Generic,150mg,Tablet,60,373,742.27,1.99,0.03,Hetero Unit III Hyderabad IN,FALSE,See DN-3268 (ID#:82595),null,0.92
"86,592",101-CD-T30,FPQ-12033,SO-45020,DN-3268,"Congo, DRC",PMO - US,From RDC,N/A - From RDC,Air,04-08-13,N/A - From RDC,27-Aug-13,08-Feb-14,11-Mar-14,ARV,Adult,SCMS from RDC,"Nevirapine 200mg, tablets, 60 Tabs",Nevirapine,Generic,200mg,Tablet,60,761,1719.86,2.26,0.04,"Aurobindo Unit III, India",FALSE,See DN-3268 (ID#:82595),null,2.13
"83,712",101-CD-T30,FPQ-12088,SO-45030,DN-3269,"Congo, DRC",PMO - US,From RDC,N/A - From RDC,Air,04-12-13,N/A - From RDC,28-Aug-13,08-Feb-14,11-Mar-14,ARV,Pediatric,SCMS from RDC,"Efavirenz 200mg, scored tablets, 90 Tabs",Efavirenz,Generic,200mg,Tablet,90,312,2277.60,7.3,0.08,"Strides, Bangalore, India.",FALSE,See DN-3269 (ID#:83711),null,2.82
"85,174",202-GT-T30,FPQ-6943,SO-38270,DN-2100,Guatemala,PMO - US,From RDC,N/A - From RDC,Air,12/29/2010,N/A - From RDC,31-Jan-11,10-Feb-11,10-Feb-11,ARV,Adult,SCMS from RDC,"Abacavir 300mg, tablets, 60 Tabs",Abacavir,Generic,300mg,Tablet,60,"2,005",31077.50,15.5,0.26,Mylan (formerly Matrix) Nashik,TRUE,2634,"$20,805.80 ",51.28
"84,279",101-CD-T30,FPQ-12088,SO-45030,DN-3269,"Congo, DRC",PMO - US,From RDC,N/A - From RDC,Air,04-12-13,N/A - From RDC,28-Aug-13,08-Feb-14,11-Mar-14,ARV,Adult,SCMS from RDC,"Lamivudine/Nevirapine/Zidovudine 150/200/300mg, tablets, 60 Tabs",Lamivudine/Nevirapine/Zidovudine,Generic,150/300/200mg,Tablet - FDC,60,800,6608.00,8.26,0.14,Mylan (formerly Matrix) Nashik,FALSE,See DN-3269 (ID#:83711),null,8.17
"85,176",109-TZ-T30,FPQ-5436,SO-36610,DN-2102,Tanzania,PMO - US,From RDC,N/A - From RDC,Air,04-01-10,N/A - From RDC,28-Feb-11,28-Feb-11,28-Feb-11,ARV,Pediatric,SCMS from RDC,"Didanosine 100mg, chewable/dispersible tablets, 60 Tabs",Didanosine,Generic,100mg,Chewable/dispersible tablet,60,"2,292",17694.24,7.72,0.13,"Aurobindo Unit III, India",TRUE,617,"$1,647 ",38.15
"85,390",101-CD-T30,FPQ-12088,SO-45030,DN-3269,"Congo, DRC",PMO - US,From RDC,N/A - From RDC,Air,04-12-13,N/A - From RDC,28-Aug-13,08-Feb-14,11-Mar-14,ARV,Pediatric,SCMS from RDC,"Lamivudine/Zidovudine 30/60mg, tablets, 60 Tabs",Lamivudine/Zidovudine,Generic,30/60mg,Tablet - FDC,60,"1,413",3193.38,2.26,0.04,"Aurobindo Unit III, India",FALSE,See DN-3269 (ID#:83711),null,3.95
"85,391",101-CD-T30,FPQ-12088,SO-45030,DN-3269,"Congo, DRC",PMO - US,From RDC,N/A - From RDC,Air,04-12-13,N/A - From RDC,28-Aug-13,08-Feb-14,11-Mar-14,ARV,Pediatric,SCMS from RDC,"Lamivudine/Nevirapine/Zidovudine 30/50/60mg, dispersible tablets, 60 Tabs",Lamivudine/Nevirapine/Zidovudine,Generic,30/50/60mg,Chewable/dispersible tablet - FDC,60,"5,076",21065.40,4.15,0.07,Mylan (formerly Matrix) Nashik,FALSE,See DN-3269 (ID#:83711),null,26.06
"85,392",101-CD-T30,FPQ-12088,SO-45030,DN-3269,"Congo, DRC",PMO - US,From RDC,N/A - From RDC,Air,04-12-13,N/A - From RDC,28-Aug-13,08-Feb-14,11-Mar-14,ARV,Pediatric,SCMS from RDC,"Abacavir/Lamivudine 60/30mg, tablets, 60 Tabs",Abacavir/Lamivudine,Generic,60/30mg,Tablet - FDC,60,40,160.00,4,0.07,Mylan (formerly Matrix) Nashik,FALSE,See DN-3269 (ID#:83711),null,0.2
"85,180",104-CI-T30,FPQ-6891,SO-38530,DN-2140,Côte d'Ivoire,PMO - US,From RDC,N/A - From RDC,Air,12/21/2010,N/A - From RDC,31-Mar-11,29-Mar-11,29-Mar-11,ARV,Pediatric,SCMS from RDC,"Abacavir 20mg/ml, oral solution w/syringe, Bottle, 240 ml",Abacavir,Generic,20mg/ml,Oral solution,240,448,6137.60,13.7,0.06,"Aurobindo Unit III, India",TRUE,1135,"$17,941.47 ",10.13
"86,593",101-CD-T30,FPQ-12088,SO-45030,DN-3269,"Congo, DRC",PMO - US,From RDC,N/A - From RDC,Air,04-12-13,N/A - From RDC,28-Aug-13,08-Feb-14,11-Mar-14,ARV,Pediatric,SCMS from RDC,"Zidovudine 10mg/ml, oral solution w/syringe, Bottle, 240 ml",Zidovudine,Generic,10mg/ml,Oral solution,240,502,1054.20,2.1,0.01,"Aurobindo Unit III, India",FALSE,See DN-3269 (ID#:83711),null,1.3
"85,183",151-NG-T30,FPQ-6243,SO-38190,DN-2163,Nigeria,PMO - US,From RDC,N/A - From RDC,Air Charter,8/25/2010,N/A - From RDC,30-Mar-11,11-May-11,11-May-11,ARV,Adult,SCMS from RDC,"Efavirenz/Emtricitabine/Tenofovir Disoproxil Fumarate 600/200/300mg, tablets, 30 Tabs",Efavirenz/Emtricitabine/Tenofovir Disoproxil Fumarate,Generic,600/200/300mg,Tablet - FDC,30,"19,836",395133.12,19.92,0.66,Mylan (formerly Matrix) Nashik,TRUE,2164,"$12,601.06 ",851.91
"85,184",114-UG-T30,FPQ-7162,SO-39330,DN-2192,Uganda,PMO - US,From RDC,N/A - From RDC,Truck,2/14/2011,N/A - From RDC,11-May-11,24-May-11,24-May-11,ARV,Adult,SCMS from RDC,"Efavirenz 600mg, tablets, 30 Tabs",Efavirenz,Generic,600mg,Tablet,30,"45,000",194400.00,4.32,0.14,Mylan (formerly Matrix) Nashik,TRUE,5075,"$23,711.16 ",320.76
"85,185",113-ZW-T30,FPQ-6470,SO-39350,DN-2195,Zimbabwe,PMO - US,From RDC,N/A - From RDC,Truck,10/13/2010,N/A - From RDC,31-May-11,09-Jun-11,09-Jun-11,ARV,Adult,SCMS from RDC,"Nevirapine 200mg, tablets, 60 Tabs",Nevirapine,Generic,200mg,Tablet,60,"9,073",22773.23,2.51,0.04,"Strides, Bangalore, India.",TRUE,521,"$2,494.56 ",49.1
"11,175",104-CI-T01,Pre-PQ Process,SO-972,DN-327,Côte d'Ivoire,PMO - US,From RDC,N/A - From RDC,,Pre-PQ Process,N/A - From RDC,10-Sep-07,10-Sep-07,10-Sep-07,ARV,Pediatric,SCMS from RDC,"Zidovudine 10mg/ml, oral solution, Bottle, 240 ml",Zidovudine,Generic,10mg/ml,Oral solution,240,"4,286",9214.90,2.15,0.01,"Aurobindo Unit III, India",FALSE,See DN-327 (ID#:10883),null,14.74
"85,187",200-ZW-T30,FPQ-6483,SO-37890,DN-2202,Zimbabwe,PMO - US,From RDC,N/A - From RDC,Truck,10/13/2010,N/A - From RDC,30-Mar-11,13-Jun-11,13-Jun-11,ARV,Pediatric,SCMS from RDC,"Efavirenz 200mg, capsule, 90 Caps",Efavirenz,Generic,200mg,Capsule,90,811,7874.81,9.71,0.11,"Aurobindo Unit III, India",TRUE,103,"$1,224.02 ",16.98
"85,188",109-TZ-T30,FPQ-6713,SO-39440,DN-2207,Tanzania,PMO - US,From RDC,N/A - From RDC,Truck,12-02-10,N/A - From RDC,28-Apr-11,01-Jun-11,01-Jun-11,ARV,Adult,SCMS from RDC,"Efavirenz/Emtricitabine/Tenofovir Disoproxil Fumarate 600/200/300mg, tablets, 30 Tabs",Efavirenz/Emtricitabine/Tenofovir Disoproxil Fumarate,Generic,600/200/300mg,Tablet - FDC,30,"28,200",561744.00,19.92,0.66,Mylan (formerly Matrix) Nashik,TRUE,3076,"$3,859 ",926.88
"85,189",151-NG-T30,FPQ-7217,SO-39600,DN-2215,Nigeria,PMO - US,From RDC,N/A - From RDC,Air Charter,2/21/2011,N/A - From RDC,15-Jun-11,06-Jul-11,06-Jul-11,ARV,Adult,SCMS from RDC,"Tenofovir Disoproxil Fumarate 300mg, tablets, 30 Tabs",Tenofovir Disoproxil Fumarate,Generic,300mg,Tablet,30,"3,000",19710.00,6.57,0.22,"Aurobindo Unit III, India",TRUE,263,"$13,398.06 ",32.52
"85,987",114-UG-T30,FPQ-12253,SO-45460,DN-3271,Uganda,PMO - US,From RDC,N/A - From RDC,Air,05-08-13,N/A - From RDC,02-Sep-13,02-Sep-13,02-Sep-13,ARV,Adult,SCMS from RDC,"Lamivudine/Nevirapine/Zidovudine 150/200/300mg, tablets, 60 Tabs",Lamivudine/Nevirapine/Zidovudine,Generic,150/300/200mg,Tablet - FDC,60,"14,010",120205.80,8.58,0.14,"Cipla, Goa, India",FALSE,See DN-3271 (ID#:85394),null,148.69
"85,396",111-MZ-T30,FPQ-11033,SO-43780,DN-3281,Mozambique,PMO - US,From RDC,N/A - From RDC,Truck,11-12-12,N/A - From RDC,27-Sep-13,27-Sep-13,27-Sep-13,ARV,Adult,SCMS from RDC,"Lamivudine/Nevirapine/Stavudine 150/200/30mg, tablets, 60 Tabs",Lamivudine/Nevirapine/Stavudine,Generic,150/200/30mg,Tablet - FDC,60,"13,100",61570.00,4.7,0.08,"Strides, Bangalore, India.",FALSE,See DN-3281 (ID#:82599),null,76.16
"85,192",100-BZ-T30,FPQ-7883,SO-40050,DN-2267,Belize,PMO - US,From RDC,N/A - From RDC,Air,6/17/2011,N/A - From RDC,15-Jul-11,01-Jul-11,01-Jul-11,ARV,Pediatric,SCMS from RDC,"Zidovudine 10mg/ml, oral solution w/syringe, Bottle, 240 ml",Zidovudine,Generic,10mg/ml,Oral solution,240,300,630.00,2.1,0.01,"Aurobindo Unit III, India",TRUE,Weight Captured Separately,"$1,959.61 ",1.04
"85,193",100-GH-T30,FPQ-7799,SO-39950,DN-2274,Ghana,PMO - US,From RDC,N/A - From RDC,Air,06-06-11,N/A - From RDC,04-Jul-11,20-Jul-11,20-Jul-11,ARV,Adult,SCMS from RDC,"Tenofovir Disoproxil Fumarate 300mg, tablets, 30 Tabs",Tenofovir Disoproxil Fumarate,Generic,300mg,Tablet,30,"10,914",70067.88,6.42,0.21,Mylan (formerly Matrix) Nashik,TRUE,611,$226.25 ,115.61
"85,194",111-MZ-T30,FPQ-7053,SO-38632,DN-2284,Mozambique,PMO - US,From RDC,N/A - From RDC,Truck,1/24/2011,N/A - From RDC,31-Aug-11,30-Aug-11,30-Aug-11,ARV,Adult,SCMS from RDC,"Stavudine 30mg, capsules, 60 Caps",Stavudine,Generic,30mg,Capsule,60,420,588.00,1.4,0.02,"Aurobindo Unit III, India",TRUE,36,$843.36 ,0.97
"85,195",200-ZW-T30,FPQ-6483,SO-38902,DN-2290,Zimbabwe,PMO - US,From RDC,N/A - From RDC,Air,10/13/2010,N/A - From RDC,30-Sep-11,04-Aug-11,04-Aug-11,ARV,Pediatric,SCMS from RDC,"Lamivudine/Stavudine 60/12mg, dispersible tablets, 60 Tabs",Lamivudine/Stavudine,Generic,60/12mg,Chewable/dispersible tablet - FDC,60,"5,287",17447.10,3.3,0.06,"Cipla, Goa, India",TRUE,357,"$2,001.46 ",37.62
"85,196",106-HT-T30,FPQ-6484,SO-37770,DN-2292,Haiti,PMO - US,From RDC,N/A - From RDC,Air,10/13/2010,N/A - From RDC,22-Jul-11,17-Jul-11,17-Jul-11,ARV,Pediatric,SCMS from RDC,"Nevirapine 10mg/ml, oral suspension w/syringe, Bottle, 240 ml",Nevirapine,Generic,10mg/ml,Oral suspension,240,"3,100",6045.00,1.95,0.01,"Aurobindo Unit III, India",TRUE,1156,"$14,661.14 ",13.03
"85,991",111-MZ-T30,FPQ-11884,SO-44863,DN-3289,Mozambique,PMO - US,From RDC,N/A - From RDC,Truck,3/19/2013,N/A - From RDC,13-Nov-13,13-Nov-13,02-Dec-13,ARV,Adult,SCMS from RDC,"Nevirapine 200mg, tablets, 60 Tabs",Nevirapine,Generic,200mg,Tablet,60,"2,000",4520.00,2.26,0.04,"Cipla, Goa, India",FALSE,See DN-3289 (ID#:84844),null,5.59
"85,992",111-MZ-T30,FPQ-11884,SO-44863,DN-3289,Mozambique,PMO - US,From RDC,N/A - From RDC,Truck,3/19/2013,N/A - From RDC,13-Nov-13,13-Nov-13,02-Dec-13,ARV,Adult,SCMS from RDC,"Lamivudine/Tenofovir Disoproxil Fumarate 300/300mg, tablets, 30 Tabs",Lamivudine/Tenofovir Disoproxil Fumarate,Generic,300/300mg,Tablet - FDC,30,"4,969",23354.30,4.7,0.16,Hetero Unit III Hyderabad IN,FALSE,See DN-3289 (ID#:84844),null,28.89
"86,597",111-MZ-T30,FPQ-11884,SO-44863,DN-3289,Mozambique,PMO - US,From RDC,N/A - From RDC,Truck,3/19/2013,N/A - From RDC,13-Nov-13,13-Nov-13,02-Dec-13,ARV,Adult,SCMS from RDC,"Lamivudine/Zidovudine 150/300mg, tablets, 60 Tabs",Lamivudine/Zidovudine,Generic,150/300mg,Tablet - FDC,60,"38,016",276376.32,7.27,0.12,"Aurobindo Unit III, India",FALSE,See DN-3289 (ID#:84844),null,341.88
"85,202",109-TZ-T30,FPQ-6713,SO-38172,DN-2373,Tanzania,PMO - US,From RDC,N/A - From RDC,Truck,12-02-10,N/A - From RDC,03-Oct-11,23-Sep-11,23-Sep-11,ARV,Adult,SCMS from RDC,"Efavirenz/Emtricitabine/Tenofovir Disoproxil Fumarate 600/200/300mg, tablets, 30 Tabs",Efavirenz/Emtricitabine/Tenofovir Disoproxil Fumarate,Generic,600/200/300mg,Tablet - FDC,30,"3,428",68285.76,19.92,0.66,Mylan (formerly Matrix) Nashik,TRUE,396,"$1,047.17 ",112.67
"85,203",200-ZW-T30,FPQ-6483,SO-37901,DN-2372,Zimbabwe,PMO - US,From RDC,N/A - From RDC,Truck,10/13/2010,N/A - From RDC,14-Oct-11,21-Oct-11,21-Oct-11,ARV,Pediatric,SCMS from RDC,"Lamivudine/Nevirapine/Zidovudine 30/50/60mg, dispersible tablets, 60 Tabs",Lamivudine/Nevirapine/Zidovudine,Generic,30/50/60mg,Chewable/dispersible tablet - FDC,60,"24,940",105995.00,4.25,0.07,Mylan (formerly Matrix) Nashik,TRUE,1456,"$2,326.77 ",228.53
"85,204",100-ZW-T30,FPQ-7559,SO-39541,DN-2383,Zimbabwe,PMO - US,From RDC,N/A - From RDC,Truck,4/29/2011,N/A - From RDC,27-Oct-11,21-Oct-11,21-Oct-11,ARV,Pediatric,SCMS from RDC,"Abacavir 20mg/ml, oral solution, Bottle, 240 ml",Abacavir,Generic,20mg/ml,Oral solution,240,808,10100.00,12.5,0.05,"Aurobindo Unit III, India",TRUE,298,"$1,360.32 ",16.66
"84,846",109-TZ-T30,FPQ-12015,SO-44983,DN-3295,Tanzania,PMO - US,From RDC,N/A - From RDC,Truck,04-02-13,N/A - From RDC,15-Oct-13,10-Sep-13,10-Sep-13,ARV,Adult,SCMS from RDC,"Emtricitabine/Tenofovir Disoproxil Fumarate 200/300mg, tablets, 30 Tabs",Emtricitabine/Tenofovir Disoproxil Fumarate,Generic,200/300mg,Tablet - FDC,30,"19,086",112034.82,5.87,0.2,"Aurobindo Unit III, India",FALSE,See DN-3295 (ID#:83155),null,138.59
"85,206",104-CI-T30,FPQ-7659,SO-40100,DN-2406,Côte d'Ivoire,PMO - US,From RDC,N/A - From RDC,Air,05-03-11,N/A - From RDC,22-Nov-11,31-Oct-11,31-Oct-11,ARV,Adult,SCMS from RDC,"Abacavir 300mg, tablets, 60 Tabs",Abacavir,Generic,300mg,Tablet,60,"8,640",129945.60,15.04,0.25,Mylan (formerly Matrix) Nashik,TRUE,777,"$3,274.41 ",214.41
"85,207",111-MZ-T30,FPQ-8157,SO-40340,DN-2407,Mozambique,PMO - US,From RDC,N/A - From RDC,Truck,08-04-11,N/A - From RDC,25-Jan-12,25-Jan-12,25-Jan-12,ARV,Adult,SCMS from RDC,"Lamivudine 150mg, tablets, 60 Tabs",Lamivudine,Generic,150mg,Tablet,60,"1,458",3397.14,2.33,0.04,Hetero Unit III Hyderabad IN,TRUE,79,"$1,078.61 ",5.61
"85,208",109-TZ-T30,FPQ-8303,SO-40480,DN-2416,Tanzania,PMO - US,From RDC,N/A - From RDC,Truck,8/22/2011,N/A - From RDC,20-Dec-11,12-Dec-11,12-Dec-11,ARV,Pediatric,SCMS from RDC,"Lamivudine/Nevirapine/Zidovudine 30/50/60mg, dispersible tablets, 60 Tabs",Lamivudine/Nevirapine/Zidovudine,Generic,30/50/60mg,Chewable/dispersible tablet - FDC,60,"9,940",42245.00,4.25,0.07,Mylan (formerly Matrix) Nashik,TRUE,562,"$6,614.27 ",69.7
"85,209",106-HT-T30,FPQ-7653,SO-39743,DN-2428,Haiti,PMO - US,From RDC,N/A - From RDC,Air,05-11-11,N/A - From RDC,31-Dec-11,20-Dec-11,20-Dec-11,ARV,Pediatric,SCMS from RDC,"Abacavir 20mg/ml, oral solution w/syringe, Bottle, 240 ml",Abacavir,Generic,20mg/ml,Oral solution,240,320,4000.00,12.5,0.05,"Aurobindo Unit III, India",TRUE,122,"$2,053.52 ",6.6
"85,210",107-RW-T30,FPQ-8372,SO-40980,DN-2432,Rwanda,PMO - US,From RDC,N/A - From RDC,Truck,10/19/2011,N/A - From RDC,08-Dec-11,25-Nov-11,25-Nov-11,ARV,Adult,SCMS from RDC,"Didanosine 400mg, delayed-release capsules, 30 Caps",Didanosine,Generic,400mg,Delayed-release capsules,30,263,5260.00,20,0.67,"Aurobindo Unit III, India",TRUE,21,"$14,622.43 ",8.68
"84,847",109-TZ-T30,FPQ-12015,SO-44983,DN-3295,Tanzania,PMO - US,From RDC,N/A - From RDC,Truck,04-02-13,N/A - From RDC,15-Oct-13,10-Sep-13,10-Sep-13,ARV,Adult,SCMS from RDC,"Abacavir 300mg, tablets, 60 Tabs",Abacavir,Generic,300mg,Tablet,60,"3,342",38299.32,11.46,0.19,"Aurobindo Unit III, India",FALSE,See DN-3295 (ID#:83155),null,47.38
"85,212",102-KE-T30,FPQ-8736,SO-41070,DN-2436,Kenya,PMO - US,From RDC,N/A - From RDC,Air,11-01-11,N/A - From RDC,30-Nov-11,11-Nov-11,11-Nov-11,ARV,Pediatric,SCMS from RDC,"Nevirapine 10mg/ml, oral suspension w/syringe, Bottle, 240 ml",Nevirapine,Generic,10mg/ml,Oral suspension,240,"4,000",7800.00,1.95,0.01,"Aurobindo Unit III, India",TRUE,1496,"$5,752.74 ",10.94
"84,848",114-UG-T30,FPQ-12253,SO-45541,DN-3296,Uganda,PMO - US,From RDC,N/A - From RDC,Truck,05-08-13,N/A - From RDC,12-Sep-13,16-Oct-13,29-Oct-13,ARV,Adult,SCMS from RDC,"Abacavir 300mg, tablets, 60 Tabs",Abacavir,Generic,300mg,Tablet,60,"2,880",33004.80,11.46,0.19,"Aurobindo Unit III, India",FALSE,See DN-3296 (ID#:83156),null,40.83
"85,995",110-ZM-T30,FPQ-11553,SO-44470,DN-3298,Zambia,PMO - US,From RDC,N/A - From RDC,Truck,1/28/2013,N/A - From RDC,22-Oct-13,22-Oct-13,11-Nov-13,ARV,Adult,SCMS from RDC,"Nevirapine 200mg, tablets, 60 Tabs",Nevirapine,Generic,200mg,Tablet,60,"39,180",88546.80,2.26,0.04,Hetero Unit III Hyderabad IN,FALSE,See DN-3298 (ID#:84283),null,109.53
"85,215",151-NG-T30,FPQ-7812,SO-39990,DN-2452,Nigeria,PMO - US,From RDC,N/A - From RDC,Air Charter,06-06-11,N/A - From RDC,20-Dec-11,20-Dec-11,20-Dec-11,ARV,Adult,SCMS from RDC,"Lamivudine/Nevirapine/Zidovudine 150/200/300mg, tablets, 60 Tabs",Lamivudine/Nevirapine/Zidovudine,Generic,150/300/200mg,Tablet - FDC,60,"129,958",1458128.76,11.22,0.19,"Aurobindo Unit III, India",TRUE,18907,"$15,322.73 ","2,405.91"
"10,877",104-CI-T01,Pre-PQ Process,SO-843,DN-330,Côte d'Ivoire,PMO - US,From RDC,N/A - From RDC,,Pre-PQ Process,N/A - From RDC,04-Sep-07,04-Sep-07,04-Sep-07,ARV,Adult,SCMS from RDC,"Lamivudine/Zidovudine 150/300mg, tablets, 60 Tabs",Lamivudine/Zidovudine,Generic,150/300mg,Tablet - FDC,60,"10,000",106800.00,10.68,0.18,"Aurobindo Unit III, India",FALSE,See DN-330 (ID#:10612),null,170.88
"85,994",109-TZ-T30,FPQ-12015,SO-44993,DN-3300,Tanzania,PMO - US,From RDC,N/A - From RDC,Truck,04-02-13,N/A - From RDC,25-Oct-13,01-Oct-13,09-Oct-13,ARV,Pediatric,SCMS from RDC,"Lamivudine/Stavudine 30/6mg, dispersible tablets, 60 Tabs",Lamivudine/Stavudine,Generic,30/6mg,Chewable/dispersible tablet - FDC,60,926,1759.40,1.9,0.03,"Cipla, Goa, India",FALSE,See DN-3300 (ID#:82601),null,2.18
"85,219",105-GY-T30,FPQ-8024,SO-40451,DN-2474,Guyana,PMO - US,From RDC,N/A - From RDC,Air,8/19/2011,N/A - From RDC,31-Jan-12,18-Jan-12,18-Jan-12,ARV,Pediatric,SCMS from RDC,"Lamivudine 10mg/ml, oral solution w/syringe, Bottle, 240 ml",Lamivudine,Generic,10mg/ml,Oral solution,240,284,525.40,1.85,0.01,"Aurobindo Unit III, India",TRUE,103,"$1,783.38 ",0.87
"85,220",106-HT-T30,FPQ-7653,SO-39745,DN-2485,Haiti,PMO - US,From RDC,N/A - From RDC,Air,05-11-11,N/A - From RDC,15-Feb-12,19-Jan-12,19-Jan-12,ARV,Pediatric,SCMS from RDC,"Zidovudine 10mg/ml, oral solution w/syringe, Bottle, 240 ml",Zidovudine,Generic,10mg/ml,Oral solution,240,"4,000",8400.00,2.1,0.01,"Aurobindo Unit III, India",TRUE,1587,"$16,163.28 ",13.86
"84,850",109-TZ-T30,FPQ-12015,SO-44984,DN-3316,Tanzania,PMO - US,From RDC,N/A - From RDC,Truck,04-02-13,N/A - From RDC,31-Oct-13,27-Sep-13,27-Sep-13,ARV,Pediatric,SCMS from RDC,"Lamivudine/Nevirapine/Zidovudine 30/50/60mg, dispersible tablets, 60 Tabs",Lamivudine/Nevirapine/Zidovudine,Generic,30/50/60mg,Chewable/dispersible tablet - FDC,60,"80,322",312452.58,3.89,0.06,Mylan (formerly Matrix) Nashik,FALSE,See DN-3316 (ID#:83160),null,386.5
"84,852",110-ZM-T30,FPQ-12066,SO-45071,DN-3317,Zambia,PMO - US,From RDC,N/A - From RDC,Truck,4/19/2013,N/A - From RDC,22-Oct-13,22-Oct-13,18-Nov-13,ARV,Pediatric,SCMS from RDC,"Lamivudine/Nevirapine/Zidovudine 30/50/60mg, dispersible tablets, 60 Tabs",Lamivudine/Nevirapine/Zidovudine,Generic,30/50/60mg,Chewable/dispersible tablet - FDC,60,"14,404",56031.56,3.89,0.06,"Strides, Bangalore, India.",FALSE,See DN-3317 (ID#:84851),null,69.31
"84,287",111-MZ-T30,FPQ-11884,SO-44865,DN-3318,Mozambique,PMO - US,From RDC,N/A - From RDC,Truck,3/19/2013,N/A - From RDC,31-Oct-13,31-Oct-13,12-Nov-13,ARV,Adult,SCMS from RDC,"Efavirenz 600mg, tablets, 30 Tabs",Efavirenz,Generic,600mg,Tablet,30,"70,643",235241.19,3.33,0.11,"Hetero, Jadcherla, unit 5, IN",FALSE,See DN-3318 (ID#:83716),null,290.99
"84,853",111-MZ-T30,FPQ-11884,SO-44865,DN-3318,Mozambique,PMO - US,From RDC,N/A - From RDC,Truck,3/19/2013,N/A - From RDC,31-Oct-13,31-Oct-13,12-Nov-13,ARV,Adult,SCMS from RDC,"Lamivudine/Nevirapine/Stavudine 150/200/30mg, tablets, 60 Tabs",Lamivudine/Nevirapine/Stavudine,Generic,150/200/30mg,Tablet - FDC,60,"87,707",378894.24,4.32,0.07,"Strides, Bangalore, India.",FALSE,See DN-3318 (ID#:83716),null,468.69
"10,878",117-ET-T01,Pre-PQ Process,SO-914,DN-332,Ethiopia,PMO - US,From RDC,N/A - From RDC,,Pre-PQ Process,N/A - From RDC,04-Sep-07,04-Sep-07,04-Sep-07,ARV,Pediatric,SCMS from RDC,"Zidovudine 10mg/ml, oral solution, Bottle, 240 ml",Zidovudine,Generic,10mg/ml,Oral solution,240,"13,850",29777.50,2.15,0.01,"Aurobindo Unit III, India",FALSE,See DN-332 (ID#:10613),null,47.64
"10,879",117-ET-T01,Pre-PQ Process,SO-914,DN-332,Ethiopia,PMO - US,From RDC,N/A - From RDC,,Pre-PQ Process,N/A - From RDC,04-Sep-07,04-Sep-07,04-Sep-07,ARV,Pediatric,SCMS from RDC,"Lamivudine 10mg/ml, oral solution, Bottle, 240 ml",Lamivudine,Generic,10mg/ml,Oral solution,240,"15,913",31348.61,1.97,0.01,"Aurobindo Unit III, India",FALSE,See DN-332 (ID#:10613),null,50.16
"10,880",117-ET-T01,Pre-PQ Process,SO-914,DN-332,Ethiopia,PMO - US,From RDC,N/A - From RDC,,Pre-PQ Process,N/A - From RDC,04-Sep-07,04-Sep-07,04-Sep-07,ARV,Adult,SCMS from RDC,"Stavudine 30mg, capsules, 60 Caps",Stavudine,Generic,30mg,Capsule,60,"14,700",22344.00,1.52,0.03,"Aurobindo Unit III, India",FALSE,See DN-332 (ID#:10613),null,35.75
"11,174",117-ET-T01,Pre-PQ Process,SO-914,DN-332,Ethiopia,PMO - US,From RDC,N/A - From RDC,,Pre-PQ Process,N/A - From RDC,04-Sep-07,04-Sep-07,04-Sep-07,ARV,Adult,SCMS from RDC,"Lamivudine 150mg, tablets, 60 Tabs",Lamivudine,Generic,150mg,Tablet,60,"60,029",182488.16,3.04,0.05,"Ranbaxy, Paonta Shahib, India",FALSE,See DN-332 (ID#:10613),null,291.98
"11,454",117-ET-T01,Pre-PQ Process,SO-914,DN-332,Ethiopia,PMO - US,From RDC,N/A - From RDC,,Pre-PQ Process,N/A - From RDC,04-Sep-07,04-Sep-07,04-Sep-07,ARV,Adult,SCMS from RDC,"Lamivudine 150mg, tablets, 60 Tabs",Lamivudine,Generic,150mg,Tablet,60,"15,960",48518.40,3.04,0.05,"Aurobindo Unit III, India",FALSE,See DN-332 (ID#:10613),null,77.63
"85,232",111-MZ-T30,FPQ-7053,SO-38630,DN-2516,Mozambique,PMO - US,From RDC,N/A - From RDC,Truck,1/24/2011,N/A - From RDC,29-Feb-12,08-Mar-12,08-Mar-12,ARV,Pediatric,SCMS from RDC,"Nevirapine 10mg/ml, oral suspension w/syringe, Bottle, 240 ml",Nevirapine,Generic,10mg/ml,Oral suspension,240,"41,998",81896.10,1.95,0.01,"Aurobindo Unit III, India",TRUE,12489,"$9,458.64 ",135.13
"12,109",117-ET-T01,Pre-PQ Process,SO-914,DN-332,Ethiopia,PMO - US,From RDC,N/A - From RDC,,Pre-PQ Process,N/A - From RDC,04-Sep-07,04-Sep-07,04-Sep-07,ARV,Pediatric,SCMS from RDC,"Lamivudine 10mg/ml, oral solution, Bottle, 240 ml",Lamivudine,Generic,10mg/ml,Oral solution,240,"11,950",23541.50,1.97,0.01,"Aurobindo Unit III, India",FALSE,See DN-332 (ID#:10613),null,37.67
"85,234",101-CD-T30,FPQ-8840,SO-41388,DN-2529,"Congo, DRC",PMO - US,From RDC,N/A - From RDC,Air,11/21/2011,N/A - From RDC,22-Mar-12,22-Mar-12,22-Mar-12,ARV,Adult,SCMS from RDC,"Lamivudine 150mg, tablets, 60 Tabs",Lamivudine,Generic,150mg,Tablet,60,73,170.09,2.33,0.04,Hetero Unit III Hyderabad IN,TRUE,5,$491.43 ,0.24
"12,110",117-ET-T01,Pre-PQ Process,SO-914,DN-332,Ethiopia,PMO - US,From RDC,N/A - From RDC,,Pre-PQ Process,N/A - From RDC,04-Sep-07,04-Sep-07,04-Sep-07,ARV,Adult,SCMS from RDC,"Lamivudine 150mg, tablets, 60 Tabs",Lamivudine,Generic,150mg,Tablet,60,"46,855",142439.20,3.04,0.05,"Aurobindo Unit III, India",FALSE,See DN-332 (ID#:10613),null,227.9
"85,236",109-TZ-T30,FPQ-8303,SO-40540,DN-2538,Tanzania,PMO - US,From RDC,N/A - From RDC,Truck,8/22/2011,N/A - From RDC,30-Mar-12,12-Mar-12,12-Mar-12,ARV,Pediatric,SCMS from RDC,"Efavirenz 200mg, capsule, 90 Caps",Efavirenz,Generic,200mg,Capsule,90,"6,510",57743.70,8.87,0.1,"Aurobindo Unit III, India",TRUE,830,"$1,698.83 ",95.28
"85,237",104-CI-T30,FPQ-8787,SO-41160,DN-2552,Côte d'Ivoire,PMO - US,From RDC,N/A - From RDC,Air,11-11-11,N/A - From RDC,19-Mar-12,24-Feb-12,24-Feb-12,ARV,Adult,SCMS from RDC,"Efavirenz 600mg, tablets, 30 Tabs",Efavirenz,Generic,600mg,Tablet,30,"47,614",196169.68,4.12,0.14,"Strides, Bangalore, India.",TRUE,3453,"$9,657.88 ",275.03
"12,711",117-ET-T01,Pre-PQ Process,SO-914,DN-332,Ethiopia,PMO - US,From RDC,N/A - From RDC,,Pre-PQ Process,N/A - From RDC,04-Sep-07,04-Sep-07,04-Sep-07,ARV,Pediatric,SCMS from RDC,"Nevirapine 10mg/ml, oral suspension, Bottle, 240 ml",Nevirapine,Generic,10mg/ml,Oral suspension,240,"10,336",64083.20,6.2,0.03,"Aurobindo Unit III, India",FALSE,See DN-332 (ID#:10613),null,102.53
"85,239",151-NG-T30,FPQ-8952,SO-41261,DN-2562,Nigeria,PMO - US,From RDC,N/A - From RDC,Air Charter,12-08-11,N/A - From RDC,20-Jun-12,16-Feb-12,16-Feb-12,ARV,Pediatric,SCMS from RDC,"Efavirenz 200mg, capsule, 90 Caps",Efavirenz,Generic,200mg,Capsule,90,"1,530",13571.10,8.87,0.1,"Aurobindo Unit III, India",TRUE,233,"$25,231.96 ",19.03
"85,240",151-NG-T30,FPQ-8952,SO-41262,DN-2563,Nigeria,PMO - US,From RDC,N/A - From RDC,Air Charter,12-08-11,N/A - From RDC,20-Jun-12,16-Feb-12,16-Feb-12,ARV,Adult,SCMS from RDC,"Tenofovir Disoproxil Fumarate 300mg, tablets, 30 Tabs",Tenofovir Disoproxil Fumarate,Generic,300mg,Tablet,30,"3,000",16500.00,5.5,0.18,Mylan (formerly Matrix) Nashik,TRUE,188,"$25,231.96 ",23.13
"85,241",151-NG-T30,FPQ-8952,SO-41265,DN-2567,Nigeria,PMO - US,From RDC,N/A - From RDC,Air Charter,12-08-11,N/A - From RDC,20-Jun-12,16-Feb-12,16-Feb-12,ARV,Adult,SCMS from RDC,"Lamivudine 150mg, tablets, 60 Tabs",Lamivudine,Generic,150mg,Tablet,60,"19,501",45437.33,2.33,0.04,Hetero Unit III Hyderabad IN,TRUE,2046,"$25,231.96 ",63.7
"85,242",109-TZ-T30,FPQ-8303,SO-40481,DN-2570,Tanzania,PMO - US,From RDC,N/A - From RDC,Truck,8/22/2011,N/A - From RDC,11-Apr-12,11-Apr-12,11-Apr-12,ARV,Pediatric,SCMS from RDC,"Lamivudine/Nevirapine/Zidovudine 30/50/60mg, dispersible tablets, 60 Tabs",Lamivudine/Nevirapine/Zidovudine,Generic,30/50/60mg,Chewable/dispersible tablet - FDC,60,"11,262",47863.50,4.25,0.07,Mylan (formerly Matrix) Nashik,TRUE,641,"$3,279.25 ",78.97
"85,243",110-ZM-T30,FPQ-8476,SO-40952,DN-2587,Zambia,PMO - US,From RDC,N/A - From RDC,Truck,9/27/2011,N/A - From RDC,15-May-12,27-Feb-12,27-Feb-12,ARV,Adult,SCMS from RDC,"Emtricitabine/Tenofovir Disoproxil Fumarate 200/300mg, tablets, 30 Tabs",Emtricitabine/Tenofovir Disoproxil Fumarate,Generic,200/300mg,Tablet - FDC,30,"54,850",492004.50,8.97,0.3,Mylan (formerly Matrix) Nashik,TRUE,2236,"$5,447.21 ",811.81
"12,712",117-ET-T01,Pre-PQ Process,SO-914,DN-332,Ethiopia,PMO - US,From RDC,N/A - From RDC,,Pre-PQ Process,N/A - From RDC,04-Sep-07,04-Sep-07,04-Sep-07,ARV,Pediatric,SCMS from RDC,"Nevirapine 10mg/ml, oral suspension, Bottle, 240 ml",Nevirapine,Generic,10mg/ml,Oral suspension,240,"12,512",77574.40,6.2,0.03,"Aurobindo Unit III, India",FALSE,See DN-332 (ID#:10613),null,124.12
"85,399",151-NG-T30,FPQ-11864,SO-44931,DN-3324,Nigeria,PMO - US,From RDC,N/A - From RDC,Air Charter,3/14/2013,N/A - From RDC,18-Sep-13,12-Sep-13,12-Sep-13,ARV,Adult,SCMS from RDC,"Lamivudine/Nevirapine/Zidovudine 150/200/300mg, tablets, 60 Tabs",Lamivudine/Nevirapine/Zidovudine,Generic,150/300/200mg,Tablet - FDC,60,"80,000",686400.00,8.58,0.14,"Strides, Bangalore, India.",FALSE,See DN-3324 (ID#:84854),null,849.08
"86,602",151-NG-T30,FPQ-11864,SO-44931,DN-3324,Nigeria,PMO - US,From RDC,N/A - From RDC,Air Charter,3/14/2013,N/A - From RDC,18-Sep-13,12-Sep-13,12-Sep-13,ARV,Adult,SCMS from RDC,"Lamivudine/Nevirapine/Zidovudine 150/200/300mg, tablets, 60 Tabs",Lamivudine/Nevirapine/Zidovudine,Generic,150/300/200mg,Tablet - FDC,60,"7,456",63972.48,8.58,0.14,Mylan (formerly Matrix) Nashik,FALSE,See DN-3324 (ID#:84854),null,79.13
"85,280",114-UG-T30,FPQ-9875,SO-42081,DN-2747,Uganda,PMO - US,From RDC,N/A - From RDC,Air,05-09-12,N/A - From RDC,17-Aug-12,07-Aug-12,07-Aug-12,ARV,Adult,SCMS from RDC,"Lamivudine/Zidovudine 150/300mg, tablets, 60 Tabs",Lamivudine/Zidovudine,Generic,150/300mg,Tablet - FDC,60,"26,574",206745.72,7.78,0.13,"Cipla, Goa, India",TRUE,2369,"$19,980.62 ",289.86
"86,603",151-NG-T30,FPQ-11864,SO-44931,DN-3324,Nigeria,PMO - US,From RDC,N/A - From RDC,Air Charter,3/14/2013,N/A - From RDC,18-Sep-13,12-Sep-13,12-Sep-13,ARV,Adult,SCMS from RDC,"Lamivudine/Nevirapine/Zidovudine 150/200/300mg, tablets, 60 Tabs",Lamivudine/Nevirapine/Zidovudine,Generic,150/300/200mg,Tablet - FDC,60,"160,000",1372800.00,8.58,0.14,"Aurobindo Unit III, India",FALSE,See DN-3324 (ID#:84854),null,"1,698.15"
"86,001",110-ZM-T30,FPQ-12066,SO-45060,DN-3327,Zambia,PMO - US,From RDC,N/A - From RDC,Truck,4/19/2013,N/A - From RDC,30-Sep-13,17-Sep-13,17-Sep-13,ARV,Adult,SCMS from RDC,"Abacavir 300mg, tablets, 60 Tabs",Abacavir,Generic,300mg,Tablet,60,"3,908",44785.68,11.46,0.19,"Aurobindo Unit III, India",FALSE,See DN-3327 (ID#:85400),null,55.4
"83,162",104-CI-T30,FPQ-11253,SO-44201,DN-3329,Côte d'Ivoire,PMO - US,From RDC,N/A - From RDC,Truck,12/14/2012,N/A - From RDC,30-Sep-13,20-Sep-13,20-Sep-13,ARV,Adult,SCMS from RDC,"Lamivudine/Zidovudine 150/300mg, tablets, 60 Tabs",Lamivudine/Zidovudine,Generic,150/300mg,Tablet - FDC,60,"3,922",28512.94,7.27,0.12,Hetero Unit III Hyderabad IN,FALSE,See DN-3329 (ID#:82602),null,35.27
"85,250",110-ZM-T30,FPQ-8759,SO-41122,DN-2613,Zambia,PMO - US,From RDC,N/A - From RDC,Truck,11-06-11,N/A - From RDC,27-Apr-12,16-Apr-12,16-Apr-12,ARV,Adult,SCMS from RDC,"Abacavir 300mg, tablets, 60 Tabs",Abacavir,Generic,300mg,Tablet,60,"15,000",219450.00,14.63,0.24,Mylan (formerly Matrix) Nashik,TRUE,1677,"$8,510.81 ",307.67
"85,251",111-MZ-T30,FPQ-8157,SO-40383,DN-2615,Mozambique,PMO - US,From RDC,N/A - From RDC,Truck,08-04-11,N/A - From RDC,07-May-12,10-May-12,10-May-12,ARV,Adult,SCMS from RDC,"Lamivudine/Nevirapine/Stavudine 150/200/30mg, tablets, 60 Tabs",Lamivudine/Nevirapine/Stavudine,Generic,150/200/30mg,Tablet - FDC,60,"4,666",25103.08,5.38,0.09,"Strides, Bangalore, India.",TRUE,346,"$3,580.36 ",41.42
"85,401",104-CI-T30,FPQ-11253,SO-44201,DN-3329,Côte d'Ivoire,PMO - US,From RDC,N/A - From RDC,Truck,12/14/2012,N/A - From RDC,30-Sep-13,20-Sep-13,20-Sep-13,ARV,Adult,SCMS from RDC,"Lamivudine/Zidovudine 150/300mg, tablets, 60 Tabs",Lamivudine/Zidovudine,Generic,150/300mg,Tablet - FDC,60,"19,920",144818.40,7.27,0.12,"Cipla, Goa, India",FALSE,See DN-3329 (ID#:82602),null,179.14
"85,402",105-GY-T30,FPQ-12047,SO-45050,DN-3331,Guyana,PMO - US,From RDC,N/A - From RDC,Air,4/15/2013,N/A - From RDC,30-Sep-13,04-Oct-13,22-Oct-13,ARV,Pediatric,SCMS from RDC,"Zidovudine 10mg/ml, oral solution w/syringe, Bottle, 240 ml",Zidovudine,Generic,10mg/ml,Oral solution,240,160,336.00,2.1,0.01,"Aurobindo Unit III, India",FALSE,See DN-3331 (ID#:82603),null,0.42
"86,605",105-GY-T30,FPQ-12047,SO-45050,DN-3331,Guyana,PMO - US,From RDC,N/A - From RDC,Air,4/15/2013,N/A - From RDC,30-Sep-13,04-Oct-13,22-Oct-13,ARV,Adult,SCMS from RDC,"Lopinavir/Ritonavir 200/50mg [Aluvia], tablets, 120 Tabs",Lopinavir/Ritonavir,Aluvia,200/50mg,Tablet,120,"1,634",33039.48,20.22,0.17,ABBVIE Ludwigshafen Germany,FALSE,See DN-3331 (ID#:82603),null,40.87
"85,255",110-ZM-T30,FPQ-9186,SO-41410,DN-2629,Zambia,PMO - US,From RDC,N/A - From RDC,Truck,1/16/2012,N/A - From RDC,08-May-12,30-Apr-12,30-Apr-12,ARV,Adult,SCMS from RDC,"Efavirenz 600mg, tablets, 30 Tabs",Efavirenz,Generic,600mg,Tablet,30,"109,226",450011.12,4.12,0.14,"Strides, Bangalore, India.",TRUE,6636,"$10,598.20 ",630.92
"85,256",151-NG-T30,FPQ-8952,SO-41252,DN-2631,Nigeria,PMO - US,From RDC,N/A - From RDC,Air Charter,12-08-11,N/A - From RDC,04-Jul-12,30-Apr-12,30-Apr-12,ARV,Adult,SCMS from RDC,"Lamivudine/Nevirapine/Zidovudine 150/200/300mg, tablets, 60 Tabs",Lamivudine/Nevirapine/Zidovudine,Generic,150/300/200mg,Tablet - FDC,60,"326,131",3587441.00,11,0.18,Mylan (formerly Matrix) Nashik,TRUE,46522,"$27,441.22 ","5,029.59"
"85,257",102-DO-T30,FPQ-9676,SO-41880,DN-2638,Dominican Republic,PMO - US,From RDC,N/A - From RDC,Air,04-09-12,N/A - From RDC,21-May-12,04-May-12,04-May-12,ARV,Adult,SCMS from RDC,"Lamivudine 150mg, tablets, 60 Tabs",Lamivudine,Generic,150mg,Tablet,60,"1,005",2341.65,2.33,0.04,Macleods Daman Plant INDIA,TRUE,544,"$4,392.94 ",3.28
"82,605",102-BI-T30,FPQ-12602,SO-46010,DN-3335,Burundi,PMO - US,From RDC,N/A - From RDC,Air,07-09-13,N/A - From RDC,03-Nov-13,05-Nov-13,12-Nov-13,ARV,Adult,SCMS from RDC,"Lamivudine/Nevirapine/Zidovudine 150/200/300mg, tablets, 60 Tabs",Lamivudine/Nevirapine/Zidovudine,Generic,150/300/200mg,Tablet - FDC,60,"1,344",11101.44,8.26,0.14,Hetero Unit III Hyderabad IN,FALSE,See DN-3335 (ID#:82604),null,13.73
"84,857",113-ZW-T30,FPQ-11545,SO-44350,DN-3337,Zimbabwe,PMO - US,From RDC,N/A - From RDC,Truck,1/24/2013,N/A - From RDC,30-Sep-13,09-Oct-13,01-Nov-13,ARV,Adult,SCMS from RDC,"Nevirapine 200mg, tablets, 60 Tabs",Nevirapine,Generic,200mg,Tablet,60,"131,520",303811.20,2.31,0.04,Hetero Unit III Hyderabad IN,FALSE,See DN-3337 (ID#:84290),null,375.81
"85,260",151-NG-T30,FPQ-9432,SO-41923,DN-2651,Nigeria,PMO - US,From RDC,N/A - From RDC,Air Charter,03-01-12,N/A - From RDC,02-Aug-12,30-Apr-12,30-Apr-12,ARV,Adult,SCMS from RDC,"Lamivudine/Tenofovir Disoproxil Fumarate 300/300mg, tablets, 30 Tabs",Lamivudine/Tenofovir Disoproxil Fumarate,Generic,300/300mg,Tablet - FDC,30,"39,680",219827.20,5.54,0.18,Mylan (formerly Matrix) Nashik,TRUE,3329,"$27,441.25 ",308.2
"84,858",111-MZ-T30,FPQ-11884,SO-44870,DN-3339,Mozambique,PMO - US,From RDC,N/A - From RDC,Truck,3/19/2013,N/A - From RDC,31-Oct-13,13-Nov-13,02-Dec-13,ARV,Adult,SCMS from RDC,"Lamivudine/Zidovudine 150/300mg, tablets, 60 Tabs",Lamivudine/Zidovudine,Generic,150/300mg,Tablet - FDC,60,"21,984",159823.68,7.27,0.12,"Aurobindo Unit III, India",FALSE,See DN-3339 (ID#:83718),null,197.7
"86,607",111-MZ-T30,FPQ-11884,SO-44870,DN-3339,Mozambique,PMO - US,From RDC,N/A - From RDC,Truck,3/19/2013,N/A - From RDC,31-Oct-13,13-Nov-13,02-Dec-13,ARV,Adult,SCMS from RDC,"Lamivudine/Zidovudine 150/300mg, tablets, 60 Tabs",Lamivudine/Zidovudine,Generic,150/300mg,Tablet - FDC,60,"39,997",290778.19,7.27,0.12,Mylan (formerly Matrix) Nashik,FALSE,See DN-3339 (ID#:83718),null,359.69
"85,263",106-HT-T30,FPQ-9056,SO-41310,DN-2667,Haiti,PMO - US,From RDC,N/A - From RDC,Air,12/20/2011,N/A - From RDC,29-Jun-12,06-Jun-12,06-Jun-12,ARV,Adult,SCMS from RDC,"Lamivudine/Tenofovir Disoproxil Fumarate 300/300mg, tablets, 30 Tabs",Lamivudine/Tenofovir Disoproxil Fumarate,Generic,300/300mg,Tablet - FDC,30,"50,928",282141.12,5.54,0.18,"Cipla, Kurkumbh, India",TRUE,5456,"$53,775.56 ",395.56
"85,264",110-ZM-T30,FPQ-8759,SO-41120,DN-2679,Zambia,PMO - US,From RDC,N/A - From RDC,Truck,11-06-11,N/A - From RDC,15-Jun-12,18-Jun-12,18-Jun-12,ARV,Adult,SCMS from RDC,"Abacavir 300mg, tablets, 60 Tabs",Abacavir,Generic,300mg,Tablet,60,"7,452",97993.80,13.15,0.22,"Aurobindo Unit III, India",TRUE,737,"$4,496.13 ",137.39
"84,296",109-TZ-T30,FPQ-12015,SO-44980,DN-3347,Tanzania,PMO - US,From RDC,N/A - From RDC,Truck,04-02-13,N/A - From RDC,31-Oct-13,04-Nov-13,06-Nov-13,ARV,Pediatric,SCMS from RDC,"Nevirapine 10mg/ml, oral suspension w/syringe, Bottle, 100 ml",Nevirapine,Generic,10mg/ml,Oral suspension,100,"56,540",73502.00,1.3,0.01,"Aurobindo Unit III, India",FALSE,See DN-3347 (ID#:82611),null,90.92
"86,008",109-TZ-T30,FPQ-12015,SO-44980,DN-3347,Tanzania,PMO - US,From RDC,N/A - From RDC,Truck,04-02-13,N/A - From RDC,31-Oct-13,04-Nov-13,06-Nov-13,ARV,Adult,SCMS from RDC,"Emtricitabine/Tenofovir Disoproxil Fumarate 200/300mg, tablets, 30 Tabs",Emtricitabine/Tenofovir Disoproxil Fumarate,Generic,200/300mg,Tablet - FDC,30,"3,478",21111.46,6.07,0.2,Mylan (formerly Matrix) Nashik,FALSE,See DN-3347 (ID#:82611),null,26.11
"84,293",103-DO-T30,FPQ-11920,SO-46130,DN-3349,Dominican Republic,PMO - US,From RDC,N/A - From RDC,Air,3/18/2013,N/A - From RDC,29-Oct-13,16-Oct-13,29-Oct-13,ARV,Adult,SCMS from RDC,"Nevirapine 200mg, tablets, 60 Tabs",Nevirapine,Generic,200mg,Tablet,60,288,650.88,2.26,0.04,Hetero Unit III Hyderabad IN,FALSE,See DN-3349 (ID#:83720),null,0.81
"84,294",111-MZ-T30,FPQ-11884,SO-44866,DN-3350,Mozambique,PMO - US,From RDC,N/A - From RDC,Truck,3/19/2013,N/A - From RDC,15-Nov-13,08-Oct-13,18-Oct-13,ARV,Adult,SCMS from RDC,"Zidovudine 300mg, tablets, 60 Tabs",Zidovudine,Generic,300mg,Tablet,60,"21,410",133812.50,6.25,0.1,Hetero Unit III Hyderabad IN,FALSE,See DN-3350 (ID#:83165),null,165.53
"85,269",104-CI-T30,FPQ-9261,SO-41471,DN-2698,Côte d'Ivoire,PMO - US,From RDC,N/A - From RDC,Air Charter,1/30/2012,N/A - From RDC,20-Jun-12,15-Jun-12,15-Jun-12,ARV,Adult,SCMS from RDC,"Abacavir/Lamivudine/Zidovudine 300/150/300mg, tablets, 60 Tabs",Abacavir/Lamivudine/Zidovudine,Generic,300/150/300mg,Tablet - FDC,60,"3,136",94080.00,30,0.5,Mylan (formerly Matrix) Nashik,TRUE,478,"$2,330.22 ",131.9
"85,270",105-GY-T30,FPQ-9820,SO-42040,DN-2701,Guyana,PMO - US,From RDC,N/A - From RDC,Air,05-04-12,N/A - From RDC,10-Jul-12,13-Jun-12,13-Jun-12,ARV,Pediatric,SCMS from RDC,"Lamivudine 10mg/ml, oral solution w/syringe, Bottle, 240 ml",Lamivudine,Generic,10mg/ml,Oral solution,240,230,425.50,1.85,0.01,"Aurobindo Unit III, India",TRUE,83,"$1,075.62 ",0.6
"85,271",110-ZM-T30,FPQ-9081,SO-41281,DN-2703,Zambia,PMO - US,From RDC,N/A - From RDC,Truck,12/22/2011,N/A - From RDC,29-Jun-12,18-Jun-12,18-Jun-12,ARV,Adult,SCMS from RDC,"Nevirapine 200mg, tablets, 60 Tabs",Nevirapine,Generic,200mg,Tablet,60,"181,926",443899.44,2.44,0.04,Hetero Unit III Hyderabad IN,TRUE,11438,"$4,496.15 ",622.35
"85,272",151-NG-T30,FPQ-8952,SO-41257,DN-2706,Nigeria,PMO - US,From RDC,N/A - From RDC,Air Charter,12-08-11,N/A - From RDC,20-Jun-12,03-Jun-12,03-Jun-12,ARV,Adult,SCMS from RDC,"Lamivudine 150mg, tablets, 60 Tabs",Lamivudine,Generic,150mg,Tablet,60,"20,000",46600.00,2.33,0.04,"Aurobindo Unit III, India",TRUE,2238,"$17,090 ",65.33
"85,273",151-NG-T30,FPQ-9432,SO-42336,DN-2710,Nigeria,PMO - US,From RDC,N/A - From RDC,Air Charter,03-01-12,N/A - From RDC,02-Aug-12,03-Jun-12,03-Jun-12,ARV,Adult,SCMS from RDC,"Lamivudine/Tenofovir Disoproxil Fumarate 300/300mg, tablets, 30 Tabs",Lamivudine/Tenofovir Disoproxil Fumarate,Generic,300/300mg,Tablet - FDC,30,"27,911",154626.94,5.54,0.18,"Cipla, Kurkumbh, India",TRUE,11969,"$17,090 ",216.79
"85,274",102-LY-T30,FPQ-9665,SO-41891,DN-2711,Libya,PMO - US,From RDC,N/A - From RDC,Air,04-04-12,N/A - From RDC,29-Jun-12,02-Jul-12,02-Jul-12,ARV,Adult,SCMS from RDC,"Tenofovir Disoproxil Fumarate 300mg, tablets, 30 Tabs",Tenofovir Disoproxil Fumarate,Generic,300mg,Tablet,30,"2,816",15488.00,5.5,0.18,"Aurobindo Unit III, India",TRUE,231,"$1,474.90 ",21.71
"85,407",103-DO-T30,FPQ-11920,SO-46150,DN-3355,Dominican Republic,PMO - US,From RDC,N/A - From RDC,Air,3/18/2013,N/A - From RDC,29-Oct-13,10-Oct-13,29-Oct-13,ARV,Adult,SCMS from RDC,"Efavirenz 600mg, tablets, 30 Tabs",Efavirenz,Generic,600mg,Tablet,30,"41,083",136806.39,3.33,0.11,"Aurobindo Unit III, India",FALSE,See DN-3355 (ID#:83726),null,169.23
"86,007",103-DO-T30,FPQ-11920,SO-46150,DN-3355,Dominican Republic,PMO - US,From RDC,N/A - From RDC,Air,3/18/2013,N/A - From RDC,29-Oct-13,10-Oct-13,29-Oct-13,ARV,Adult,SCMS from RDC,"Lamivudine 150mg, tablets, 60 Tabs",Lamivudine,Generic,150mg,Tablet,60,"6,617",13167.83,1.99,0.03,Hetero Unit III Hyderabad IN,FALSE,See DN-3355 (ID#:83726),null,16.29
"85,277",151-NG-T30,FPQ-8952,SO-42641,DN-2732,Nigeria,PMO - US,From RDC,N/A - From RDC,Air Charter,12-08-11,N/A - From RDC,09-Jul-12,09-Jul-12,09-Jul-12,ARV,Adult,SCMS from RDC,"Lamivudine 150mg, tablets, 60 Tabs",Lamivudine,Generic,150mg,Tablet,60,732,1705.56,2.33,0.04,"Strides, Bangalore, India.",TRUE,57,"$21,347.13 ",2.39
"86,610",103-DO-T30,FPQ-11920,SO-46150,DN-3355,Dominican Republic,PMO - US,From RDC,N/A - From RDC,Air,3/18/2013,N/A - From RDC,29-Oct-13,10-Oct-13,29-Oct-13,ARV,Adult,SCMS from RDC,"Lopinavir/Ritonavir 200/50mg, tablets, 120 Tabs",Lopinavir/Ritonavir,Generic,200/50mg,Tablet,120,"14,988",314748.00,21,0.18,"Aurobindo Unit III, India",FALSE,See DN-3355 (ID#:83726),null,389.34
"86,612",110-ZM-T30,FPQ-12066,SO-45081,DN-3360,Zambia,PMO - US,From RDC,N/A - From RDC,Truck,4/19/2013,N/A - From RDC,24-Jan-14,24-Jan-14,17-Mar-14,ARV,Adult,SCMS from RDC,"Efavirenz/Emtricitabine/Tenofovir Disoproxil Fumarate 600/200/300mg, tablets, 30 Tabs",Efavirenz/Emtricitabine/Tenofovir Disoproxil Fumarate,Generic,600/200/300mg,Tablet - FDC,30,"177,272",2180445.60,12.3,0.41,Mylan (formerly Matrix) Nashik,FALSE,See DN-3360 (ID#:84864),null,"2,697.21"
"86,613",110-ZM-T30,FPQ-12066,SO-45081,DN-3360,Zambia,PMO - US,From RDC,N/A - From RDC,Truck,4/19/2013,N/A - From RDC,24-Jan-14,24-Jan-14,17-Mar-14,ARV,Adult,SCMS from RDC,"Efavirenz/Emtricitabine/Tenofovir Disoproxil Fumarate 600/200/300mg, tablets, 30 Tabs",Efavirenz/Emtricitabine/Tenofovir Disoproxil Fumarate,Generic,600/200/300mg,Tablet - FDC,30,"133,970",1647831.00,12.3,0.41,"Aurobindo Unit VII, IN",FALSE,See DN-3360 (ID#:84864),null,"2,038.37"
"85,282",104-CI-T30,FPQ-9063,SO-41351,DN-2755,Côte d'Ivoire,PMO - US,From RDC,N/A - From RDC,Truck,12/21/2011,N/A - From RDC,31-Jul-12,31-Jul-12,31-Jul-12,ARV,Pediatric,SCMS from RDC,"Abacavir 20mg/ml, oral solution w/syringe, Bottle, 240 ml",Abacavir,Generic,20mg/ml,Oral solution,240,608,7600.00,12.5,0.05,"Aurobindo Unit III, India",TRUE,223,"$2,641.45 ",10.66
"85,283",109-TZ-T30,FPQ-9303,SO-41560,DN-2762,Tanzania,PMO - US,From RDC,N/A - From RDC,Truck,2/15/2012,N/A - From RDC,04-Sep-12,22-Aug-12,22-Aug-12,ARV,Pediatric,SCMS from RDC,"Lamivudine/Zidovudine 30/60mg, tablets, 60 Tabs",Lamivudine/Zidovudine,Generic,30/60mg,Tablet - FDC,60,"38,347",105837.72,2.76,0.05,Mylan (formerly Matrix) Nashik,TRUE,1502,"$6,900.62 ",148.38
"83,173",110-ZM-T30,FPQ-12066,SO-45091,DN-3361,Zambia,PMO - US,From RDC,N/A - From RDC,Truck,4/19/2013,N/A - From RDC,29-Nov-13,29-Nov-13,12-Dec-13,ARV,Adult,SCMS from RDC,"Nevirapine 200mg, tablets, 60 Tabs",Nevirapine,Generic,200mg,Tablet,60,"80,000",180800.00,2.26,0.04,"Aurobindo Unit III, India",FALSE,See DN-3361 (ID#:83172),null,223.65
"85,287",104-CI-T30,FPQ-9749,SO-42360,DN-2778,Côte d'Ivoire,PMO - US,From RDC,N/A - From RDC,Truck,4/19/2012,N/A - From RDC,15-Aug-12,15-Aug-12,15-Aug-12,ARV,Pediatric,SCMS from RDC,"Didanosine 200mg, delayed-release capsules, 30 Caps",Didanosine,Generic,200mg,Delayed-release capsules,30,"2,528",27808.00,11,0.37,"Aurobindo Unit III, India",TRUE,740,"$4,754.52 ",38.99
"85,288",107-RW-T30,FPQ-10119,SO-42761,DN-2784,Rwanda,PMO - US,From RDC,N/A - From RDC,Air,6/18/2012,N/A - From RDC,31-Oct-12,06-Aug-12,06-Aug-12,ARV,Adult,SCMS from RDC,"Lopinavir/Ritonavir 200/50mg, tablets, 120 Tabs",Lopinavir/Ritonavir,Generic,200/50mg,Tablet,120,"7,541",223816.88,29.68,0.25,Mylan (formerly Matrix) Nashik,TRUE,2003,"$32,401.62 ",313.79
"84,297",110-ZM-T30,FPQ-12066,SO-45091,DN-3361,Zambia,PMO - US,From RDC,N/A - From RDC,Truck,4/19/2013,N/A - From RDC,29-Nov-13,29-Nov-13,12-Dec-13,ARV,Adult,SCMS from RDC,"Nevirapine 200mg, tablets, 60 Tabs",Nevirapine,Generic,200mg,Tablet,60,"9,984",22563.84,2.26,0.04,"Cipla, Goa, India",FALSE,See DN-3361 (ID#:83172),null,27.91
"83,728",151-NG-T30,FPQ-11864,SO-44932,DN-3366,Nigeria,PMO - US,From RDC,N/A - From RDC,Air Charter,3/14/2013,N/A - From RDC,31-Oct-13,14-Oct-13,24-Oct-13,ARV,Adult,SCMS from RDC,"Lamivudine/Nevirapine/Zidovudine 150/200/300mg, tablets, 60 Tabs",Lamivudine/Nevirapine/Zidovudine,Generic,150/300/200mg,Tablet - FDC,60,"75,000",643500.00,8.58,0.14,Hetero Unit III Hyderabad IN,FALSE,See DN-3366 (ID#:82612),null,796.01
"84,865",151-NG-T30,FPQ-12248,SO-45661,DN-3368,Nigeria,PMO - US,From RDC,N/A - From RDC,Air Charter,05-06-13,N/A - From RDC,18-Nov-13,14-Oct-13,24-Oct-13,ARV,Adult,SCMS from RDC,"Efavirenz/Lamivudine/Tenofovir Disoproxil Fumarate 600/300/300mg, tablets, 30 Tabs",Efavirenz/Lamivudine/Tenofovir Disoproxil Fumarate,Generic,600/300/300mg,Tablet - FDC,30,"100,000",1115000.00,11.15,0.37,Mylan (formerly Matrix) Nashik,FALSE,See DN-3368 (ID#:83730),null,"1,379.26"
"85,293",105-GY-T30,FPQ-10252,SO-42790,DN-2810,Guyana,PMO - US,From RDC,N/A - From RDC,Air,07-05-12,N/A - From RDC,30-Sep-12,29-Aug-12,29-Aug-12,ARV,Adult,SCMS from RDC,"Stavudine 15mg, capsules, 60 Caps",Stavudine,Generic,15mg,Capsule,60,25,33.00,1.32,0.02,"Aurobindo Unit III, India",TRUE,5,$931.34 ,0.05
"83,732",104-CI-T30,FPQ-11253,SO-44210,DN-3371,Côte d'Ivoire,PMO - US,From RDC,N/A - From RDC,Truck,12/14/2012,N/A - From RDC,31-Oct-13,22-Oct-13,19-Nov-13,ARV,Adult,SCMS from RDC,"Lopinavir/Ritonavir 200/50mg, tablets, 120 Tabs",Lopinavir/Ritonavir,Generic,200/50mg,Tablet,120,228,4788.00,21,0.18,"Aurobindo Unit III, India",FALSE,See DN-3371 (ID#:83174),null,5.92
"84,298",104-CI-T30,FPQ-11253,SO-44210,DN-3371,Côte d'Ivoire,PMO - US,From RDC,N/A - From RDC,Truck,12/14/2012,N/A - From RDC,31-Oct-13,22-Oct-13,19-Nov-13,ARV,Adult,SCMS from RDC,"Lopinavir/Ritonavir 200/50mg, tablets, 120 Tabs",Lopinavir/Ritonavir,Generic,200/50mg,Tablet,120,"6,269",131649.00,21,0.18,Mylan (formerly Matrix) Nashik,FALSE,See DN-3371 (ID#:83174),null,162.85
"84,299",104-CI-T30,FPQ-11253,SO-44210,DN-3371,Côte d'Ivoire,PMO - US,From RDC,N/A - From RDC,Truck,12/14/2012,N/A - From RDC,31-Oct-13,22-Oct-13,19-Nov-13,ARV,Adult,SCMS from RDC,"Lamivudine/Nevirapine/Zidovudine 150/200/300mg, tablets, 60 Tabs",Lamivudine/Nevirapine/Zidovudine,Generic,150/300/200mg,Tablet - FDC,60,"14,300",118118.00,8.26,0.14,"Cipla, Goa, India",FALSE,See DN-3371 (ID#:83174),null,146.11
"85,412",104-CI-T30,FPQ-11253,SO-44210,DN-3371,Côte d'Ivoire,PMO - US,From RDC,N/A - From RDC,Truck,12/14/2012,N/A - From RDC,31-Oct-13,22-Oct-13,19-Nov-13,ARV,Pediatric,SCMS from RDC,"Zidovudine 10mg/ml, oral solution w/syringe, Bottle, 240 ml",Zidovudine,Generic,10mg/ml,Oral solution,240,"2,000",4200.00,2.1,0.01,"Aurobindo Unit III, India",FALSE,See DN-3371 (ID#:83174),null,5.2
"86,615",101-CD-T30,FPQ-12033,SO-45021,DN-3373,"Congo, DRC",PMO - US,From RDC,N/A - From RDC,Air,04-08-13,N/A - From RDC,31-Oct-13,27-Jan-14,04-Mar-14,ARV,Adult,SCMS from RDC,"Lamivudine/Tenofovir Disoproxil Fumarate 300/300mg, tablets, 30 Tabs",Lamivudine/Tenofovir Disoproxil Fumarate,Generic,300/300mg,Tablet - FDC,30,510,2397.00,4.7,0.16,"Aurobindo Unit VII, IN",FALSE,See DN-3373 (ID#:82613),null,2.97
"85,299",103-ZW-T30,FPQ-9907,SO-42230,DN-2825,Zimbabwe,PMO - US,From RDC,N/A - From RDC,Truck,5/15/2012,N/A - From RDC,30-Sep-12,11-Sep-12,11-Sep-12,ARV,Pediatric,SCMS from RDC,"Abacavir 20mg/ml, oral solution w/syringe, Bottle, 240 ml",Abacavir,Generic,20mg/ml,Oral solution,240,80,1000.00,12.5,0.05,"Aurobindo Unit III, India",TRUE,29,$588.72 ,1.4
"83,733",111-MZ-T30,FPQ-12416,SO-45892,DN-3376,Mozambique,PMO - US,From RDC,N/A - From RDC,Truck,6/28/2013,N/A - From RDC,29-Nov-13,28-Nov-13,12-Dec-13,ARV,Adult,SCMS from RDC,"Efavirenz 600mg, tablets, 30 Tabs",Efavirenz,Generic,600mg,Tablet,30,"32,000",106560.00,3.33,0.11,"Strides, Bangalore, India.",FALSE,See DN-3376 (ID#:83175),null,131.81
"84,877",102-BI-T30,FPQ-12602,SO-46020,DN-3381,Burundi,PMO - US,From RDC,N/A - From RDC,Air,07-09-13,N/A - From RDC,15-Nov-13,22-Nov-13,21-Jan-14,ARV,Adult,SCMS from RDC,"Lopinavir/Ritonavir 200/50mg, tablets, 120 Tabs",Lopinavir/Ritonavir,Generic,200/50mg,Tablet,120,27,567.00,21,0.18,"Aurobindo Unit III, India",FALSE,See DN-3381 (ID#:84319),null,0.7
"85,302",114-UG-T30,FPQ-10357,SO-42880,DN-2842,Uganda,PMO - US,From RDC,N/A - From RDC,Truck,7/18/2012,N/A - From RDC,12-Oct-12,25-Sep-12,25-Sep-12,ARV,Adult,SCMS from RDC,"Nevirapine 200mg, tablets, 60 Tabs",Nevirapine,Generic,200mg,Tablet,60,"22,783",55134.86,2.42,0.04,Hetero Unit III Hyderabad IN,TRUE,1285,"$6,265.36 ",77.3
"85,303",114-UG-T30,FPQ-10357,SO-42890,DN-2843,Uganda,PMO - US,From RDC,N/A - From RDC,Truck,7/18/2012,N/A - From RDC,15-Oct-12,12-Oct-12,12-Oct-12,ARV,Adult,SCMS from RDC,"Nevirapine 200mg, tablets, 60 Tabs",Nevirapine,Generic,200mg,Tablet,60,"26,432",63965.44,2.42,0.04,Hetero Unit III Hyderabad IN,TRUE,1499,"$10,915.97 ",89.68
"85,304",107-RW-T30,FPQ-10119,SO-42720,DN-2850,Rwanda,PMO - US,From RDC,N/A - From RDC,Air,6/18/2012,N/A - From RDC,28-Sep-12,10-Oct-12,10-Oct-12,ARV,Adult,SCMS from RDC,"Efavirenz 600mg, tablets, 30 Tabs",Efavirenz,Generic,600mg,Tablet,30,"50,400",197064.00,3.91,0.13,"Strides, Bangalore, India.",TRUE,3090,"$16,603.90 ",276.28
"85,430",102-BI-T30,FPQ-12602,SO-46020,DN-3381,Burundi,PMO - US,From RDC,N/A - From RDC,Air,07-09-13,N/A - From RDC,15-Nov-13,22-Nov-13,21-Jan-14,ARV,Adult,SCMS from RDC,"Nevirapine 200mg, tablets, 60 Tabs",Nevirapine,Generic,200mg,Tablet,60,687,1552.62,2.26,0.04,"Strides, Bangalore, India.",FALSE,See DN-3381 (ID#:84319),null,1.92
"86,618",114-UG-T30,FPQ-12253,SO-45570,DN-3385,Uganda,PMO - US,From RDC,N/A - From RDC,Truck,05-08-13,N/A - From RDC,29-Nov-13,13-Nov-13,27-Nov-13,ARV,Pediatric,SCMS from RDC,"Efavirenz 200mg, scored tablets, 90 Tabs",Efavirenz,Generic,200mg,Tablet,90,"8,035",74725.50,9.3,0.1,"Strides, Bangalore, India.",FALSE,See DN-3385 (ID#:85415),null,92.44
"85,307",111-MZ-T30,FPQ-10210,SO-42841,DN-2863,Mozambique,PMO - US,From RDC,N/A - From RDC,Truck,6/28/2012,N/A - From RDC,30-Oct-12,10-Oct-12,10-Oct-12,ARV,Adult,SCMS from RDC,"Lamivudine/Nevirapine/Zidovudine 150/200/300mg, tablets, 60 Tabs",Lamivudine/Nevirapine/Zidovudine,Generic,150/300/200mg,Tablet - FDC,60,"17,520",171871.20,9.81,0.16,Mylan (formerly Matrix) Nashik,TRUE,9370,"$3,855.94 ",240.96
"86,622",110-ZM-T30,FPQ-12087,SO-45100,DN-3396,Zambia,PMO - US,From RDC,N/A - From RDC,Truck,4/19/2013,N/A - From RDC,24-Jan-14,24-Jan-14,17-Mar-14,ARV,Adult,SCMS from RDC,"Lopinavir/Ritonavir 200/50mg [Aluvia], tablets, 120 Tabs",Lopinavir/Ritonavir,Aluvia,200/50mg,Tablet,120,"45,711",924276.42,20.22,0.17,ABBVIE Ludwigshafen Germany,FALSE,See DN-3396 (ID#:84302),null,"1,143.33"
"85,309",102-ZW-T30,FPQ-9927,SO-42282,DN-2867,Zimbabwe,PMO - US,From RDC,N/A - From RDC,Truck,5/15/2012,N/A - From RDC,05-Oct-12,05-Oct-12,05-Oct-12,ARV,Adult,SCMS from RDC,"Nevirapine 200mg, tablets, 60 Tabs",Nevirapine,Generic,200mg,Tablet,60,"69,737",168763.54,2.42,0.04,Hetero Unit III Hyderabad IN,TRUE,4028,"$8,751.99 ",236.61
"85,310",104-CI-T30,FPQ-9749,SO-42400,DN-2880,Côte d'Ivoire,PMO - US,From RDC,N/A - From RDC,Truck,4/19/2012,N/A - From RDC,30-Oct-12,24-Oct-12,24-Oct-12,ARV,Adult,SCMS from RDC,"Efavirenz 600mg, tablets, 30 Tabs",Efavirenz,Generic,600mg,Tablet,30,"56,228",204669.92,3.64,0.12,"Aurobindo Unit III, India",TRUE,6242,"$17,129.96 ",286.95
"84,304",109-TZ-T30,FPQ-13042,SO-46680,DN-3401,Tanzania,PMO - US,From RDC,N/A - From RDC,Truck,10-01-13,N/A - From RDC,26-Dec-13,16-Dec-13,17-Jan-14,ARV,Adult,SCMS from RDC,"Nevirapine 200mg, tablets, 60 Tabs",Nevirapine,Generic,200mg,Tablet,60,"59,498",134465.48,2.26,0.04,"Aurobindo Unit III, India",FALSE,See DN-3401 (ID#:83180),null,166.33
"85,312",110-ZM-T30,FPQ-9773,SO-41993,DN-2884,Zambia,PMO - US,From RDC,N/A - From RDC,Truck,4/27/2012,N/A - From RDC,31-Oct-12,19-Oct-12,19-Oct-12,ARV,Adult,SCMS from RDC,"Nevirapine 200mg, tablets, 60 Tabs",Nevirapine,Generic,200mg,Tablet,60,"50,000",122000.00,2.44,0.04,Mylan (formerly Matrix) Nashik,TRUE,7567,"$16,697.66 ",171.04
"85,419",109-TZ-T30,FPQ-13042,SO-46680,DN-3401,Tanzania,PMO - US,From RDC,N/A - From RDC,Truck,10-01-13,N/A - From RDC,26-Dec-13,16-Dec-13,17-Jan-14,ARV,Adult,SCMS from RDC,"Nevirapine 200mg, tablets, 60 Tabs",Nevirapine,Generic,200mg,Tablet,60,"72,518",163890.68,2.26,0.04,"Strides, Bangalore, India.",FALSE,See DN-3401 (ID#:83180),null,202.73
"85,314",151-NG-T30,FPQ-9968,SO-42685,DN-2904,Nigeria,PMO - US,From RDC,N/A - From RDC,Air,5/23/2012,N/A - From RDC,07-Nov-12,07-Nov-12,07-Nov-12,ARV,Adult,SCMS from RDC,"Lopinavir/Ritonavir 200/50mg, tablets, 120 Tabs",Lopinavir/Ritonavir,Generic,200/50mg,Tablet,120,"51,861",1384688.70,26.7,0.22,"Aurobindo Unit III, India",TRUE,14647,"$15,459.09 ","1,941.33"
"85,315",104-CI-T30,FPQ-9749,SO-43030,DN-2910,Côte d'Ivoire,PMO - US,From RDC,N/A - From RDC,Truck,4/19/2012,N/A - From RDC,30-Nov-12,05-Nov-12,05-Nov-12,ARV,Pediatric,SCMS from RDC,"Lamivudine/Zidovudine 30/60mg, tablets, 60 Tabs",Lamivudine/Zidovudine,Generic,30/60mg,Tablet - FDC,60,"15,120",41731.20,2.76,0.05,Mylan (formerly Matrix) Nashik,TRUE,959,"$4,424.91 ",58.51
"85,316",110-ZM-T30,FPQ-9552,SO-41841,DN-2929,Zambia,PMO - US,From RDC,N/A - From RDC,Truck,3/29/2012,N/A - From RDC,17-Dec-12,17-Dec-12,17-Dec-12,ARV,Adult,SCMS from RDC,"Lamivudine 150mg, tablets, 60 Tabs",Lamivudine,Generic,150mg,Tablet,60,876,1892.16,2.16,0.04,Hetero Unit III Hyderabad IN,TRUE,44,"$3,951.02 ",2.65
"85,317",151-NG-T30,FPQ-9968,SO-43433,DN-2944,Nigeria,PMO - US,From RDC,N/A - From RDC,Air,5/23/2012,N/A - From RDC,04-Dec-12,04-Dec-12,04-Dec-12,ARV,Pediatric,SCMS from RDC,"Efavirenz 200mg, scored tablets, 90 Tabs",Efavirenz,Generic,200mg,Tablet,90,"6,654",48574.20,7.3,0.08,"Strides, Bangalore, India.",TRUE,465,"$51,090 ",68.1
"85,318",102-ZW-T30,FPQ-9927,SO-43670,DN-2948,Zimbabwe,PMO - US,From RDC,N/A - From RDC,Truck,5/15/2012,N/A - From RDC,13-Dec-12,13-Dec-12,13-Dec-12,ARV,Adult,SCMS from RDC,"Lamivudine/Zidovudine 150/300mg, tablets, 60 Tabs",Lamivudine/Zidovudine,Generic,150/300mg,Tablet - FDC,60,"16,971",131016.12,7.72,0.13,Hetero Unit III Hyderabad IN,TRUE,1464,"$8,000.72 ",183.68
"85,319",114-UG-T30,FPQ-10780,SO-43500,DN-2953,Uganda,PMO - US,From RDC,N/A - From RDC,Air,10-10-12,N/A - From RDC,02-Feb-13,02-Feb-13,02-Feb-13,ARV,Adult,SCMS from RDC,"Lamivudine 150mg, tablets, 60 Tabs",Lamivudine,Generic,150mg,Tablet,60,"2,131",4602.96,2.16,0.04,Hetero Unit III Hyderabad IN,TRUE,117,"$2,005.48 ",6.45
"85,320",109-TZ-T30,FPQ-10545,SO-43120,DN-2962,Tanzania,PMO - US,From RDC,N/A - From RDC,Truck,8/24/2012,N/A - From RDC,04-Mar-13,04-Mar-13,04-Mar-13,ARV,Adult,SCMS from RDC,"Lopinavir/Ritonavir 200/50mg, tablets, 120 Tabs",Lopinavir/Ritonavir,Generic,200/50mg,Tablet,120,574,15325.80,26.7,0.22,"Aurobindo Unit III, India",TRUE,4758,"$6,031.15 ",21.49
"85,321",111-MZ-T30,FPQ-10210,SO-42832,DN-2965,Mozambique,PMO - US,From RDC,N/A - From RDC,Truck,6/28/2012,N/A - From RDC,11-Jan-13,11-Jan-13,11-Jan-13,ARV,Adult,SCMS from RDC,"Lamivudine/Nevirapine/Zidovudine 150/200/300mg, tablets, 60 Tabs",Lamivudine/Nevirapine/Zidovudine,Generic,150/300/200mg,Tablet - FDC,60,"84,875",816497.50,9.62,0.16,"Cipla, Goa, India",TRUE,18031,"$7,433.02 ","1,144.73"
"86,015",114-UG-T30,FPQ-13094,SO-46830,DN-3402,Uganda,PMO - US,From RDC,N/A - From RDC,Truck,10-11-13,N/A - From RDC,16-Dec-13,20-Dec-13,17-Jan-14,ARV,Pediatric,SCMS from RDC,"Lamivudine/Zidovudine 30/60mg, tablets, 60 Tabs",Lamivudine/Zidovudine,Generic,30/60mg,Tablet - FDC,60,"4,160",8944.00,2.15,0.04,Mylan (formerly Matrix) Nashik,FALSE,See DN-3402 (ID#:83735),null,9.19
"86,629",105-GY-T30,FPQ-12619,SO-46100,DN-3409,Guyana,PMO - US,From RDC,N/A - From RDC,Air,7/16/2013,N/A - From RDC,31-Dec-13,30-Nov-13,23-Dec-13,ARV,Pediatric,SCMS from RDC,"Abacavir 20mg/ml, oral solution w/syringe, Bottle, 240 ml",Abacavir,Generic,20mg/ml,Oral solution,240,49,416.99,8.51,0.04,"Aurobindo Unit III, India",FALSE,See DN-3409 (ID#:84306),null,0.52
"86,630",105-GY-T30,FPQ-12619,SO-46100,DN-3409,Guyana,PMO - US,From RDC,N/A - From RDC,Air,7/16/2013,N/A - From RDC,31-Dec-13,30-Nov-13,23-Dec-13,ARV,Pediatric,SCMS from RDC,"Lamivudine 10mg/ml, oral solution w/syringe, Bottle, 240 ml",Lamivudine,Generic,10mg/ml,Oral solution,240,135,195.75,1.45,0.01,"Aurobindo Unit III, India",FALSE,See DN-3409 (ID#:84306),null,0.24
"83,736",113-ZW-T30,FPQ-11545,SO-44360,DN-3413,Zimbabwe,PMO - US,From RDC,N/A - From RDC,Truck,1/24/2013,N/A - From RDC,30-Nov-13,25-Nov-13,09-Dec-13,ARV,Adult,SCMS from RDC,"Nevirapine 200mg, tablets, 60 Tabs",Nevirapine,Generic,200mg,Tablet,60,"80,000",184800.00,2.31,0.04,"Strides, Bangalore, India.",FALSE,See DN-3413 (ID#:83181),null,228.6
"85,328",151-NG-T30,FPQ-10477,SO-43045,DN-2997,Nigeria,PMO - US,From RDC,N/A - From RDC,Air Charter,08-09-12,N/A - From RDC,11-Feb-13,11-Feb-13,11-Feb-13,ARV,Adult,SCMS from RDC,"Lamivudine/Zidovudine 150/300mg, tablets, 60 Tabs",Lamivudine/Zidovudine,Generic,150/300mg,Tablet - FDC,60,"22,790",165683.30,7.27,0.12,Hetero Unit III Hyderabad IN,TRUE,22259,"$29,780.50 ",232.29
"86,017",113-ZW-T30,FPQ-11545,SO-44360,DN-3413,Zimbabwe,PMO - US,From RDC,N/A - From RDC,Truck,1/24/2013,N/A - From RDC,30-Nov-13,25-Nov-13,09-Dec-13,ARV,Adult,SCMS from RDC,"Lamivudine/Tenofovir Disoproxil Fumarate 300/300mg, tablets, 30 Tabs",Lamivudine/Tenofovir Disoproxil Fumarate,Generic,300/300mg,Tablet - FDC,30,"83,551",401880.31,4.81,0.16,Hetero Unit III Hyderabad IN,FALSE,See DN-3413 (ID#:83181),null,497.13
"84,305",104-CI-T30,FPQ-12800,SO-46360,DN-3418,Côte d'Ivoire,PMO - US,From RDC,N/A - From RDC,Air,08-09-13,N/A - From RDC,16-Dec-13,02-Dec-13,20-Dec-13,ARV,Adult,SCMS from RDC,"Abacavir 300mg, tablets, 60 Tabs",Abacavir,Generic,300mg,Tablet,60,"9,300",106578.00,11.46,0.19,"Aurobindo Unit III, India",FALSE,See DN-3418 (ID#:83182),null,131.84
"83,184",107-RW-T30,FPQ-12190,SO-45390,DN-3421,Rwanda,PMO - US,From RDC,N/A - From RDC,Truck,05-06-13,N/A - From RDC,31-Jan-14,23-Dec-13,17-Jan-14,ARV,Adult,SCMS from RDC,"Nevirapine 200mg, tablets, 60 Tabs",Nevirapine,Generic,200mg,Tablet,60,"20,124",45480.24,2.26,0.04,"Aurobindo Unit III, India",FALSE,See DN-3421 (ID#:82617),null,56.26
"85,333",102-ZW-T30,FPQ-10674,SO-43250,DN-3036,Zimbabwe,PMO - US,From RDC,N/A - From RDC,Truck,9/18/2012,N/A - From RDC,29-Mar-13,23-Mar-13,23-Mar-13,ARV,Adult,SCMS from RDC,"Abacavir/Lamivudine 600/300mg, scored tablets, 30 Tabs",Abacavir/Lamivudine,Generic,600/300mg,Tablet - FDC,30,810,11307.60,13.96,0.47,Mylan (formerly Matrix) Nashik,TRUE,52,"$1,600 ",15.85
"84,868",107-RW-T30,FPQ-12190,SO-45390,DN-3421,Rwanda,PMO - US,From RDC,N/A - From RDC,Truck,05-06-13,N/A - From RDC,31-Jan-14,23-Dec-13,17-Jan-14,ARV,Pediatric,SCMS from RDC,"Abacavir 20mg/ml, oral solution w/syringe, Bottle, 240 ml",Abacavir,Generic,20mg/ml,Oral solution,240,"6,816",58004.16,8.51,0.04,"Aurobindo Unit III, India",FALSE,See DN-3421 (ID#:82617),null,71.75
"82,619",105-GY-T30,FPQ-12619,SO-46090,DN-3425,Guyana,PMO - US,From RDC,N/A - From RDC,Air,7/16/2013,N/A - From RDC,31-Dec-13,02-Dec-13,20-Dec-13,ARV,Pediatric,SCMS from RDC,"Nevirapine 10mg/ml, oral suspension w/syringe, Bottle, 240 ml",Nevirapine,Generic,10mg/ml,Oral suspension,240,394,732.84,1.86,0.01,"Aurobindo Unit III, India",FALSE,See DN-3425 (ID#:82618),null,0.91
"83,185",105-GY-T30,FPQ-12619,SO-46090,DN-3425,Guyana,PMO - US,From RDC,N/A - From RDC,Air,7/16/2013,N/A - From RDC,31-Dec-13,02-Dec-13,20-Dec-13,ARV,Adult,SCMS from RDC,"Lamivudine 150mg, tablets, 60 Tabs",Lamivudine,Generic,150mg,Tablet,60,161,359.03,2.23,0.04,"Strides, Bangalore, India.",FALSE,See DN-3425 (ID#:82618),null,0.44
"84,308",105-GY-T30,FPQ-12619,SO-46090,DN-3425,Guyana,PMO - US,From RDC,N/A - From RDC,Air,7/16/2013,N/A - From RDC,31-Dec-13,02-Dec-13,20-Dec-13,ARV,Pediatric,SCMS from RDC,"Efavirenz 200mg, scored tablets, 90 Tabs",Efavirenz,Generic,200mg,Tablet,90,96,892.80,9.3,0.1,"Strides, Bangalore, India.",FALSE,See DN-3425 (ID#:82618),null,1.1
"84,869",105-GY-T30,FPQ-12619,SO-46090,DN-3425,Guyana,PMO - US,From RDC,N/A - From RDC,Air,7/16/2013,N/A - From RDC,31-Dec-13,02-Dec-13,20-Dec-13,ARV,Pediatric,SCMS from RDC,"Zidovudine 10mg/ml, oral solution w/syringe, Bottle, 240 ml",Zidovudine,Generic,10mg/ml,Oral solution,240,225,472.50,2.1,0.01,"Aurobindo Unit III, India",FALSE,See DN-3425 (ID#:82618),null,0.58
"86,020",105-GY-T30,FPQ-12619,SO-46090,DN-3425,Guyana,PMO - US,From RDC,N/A - From RDC,Air,7/16/2013,N/A - From RDC,31-Dec-13,02-Dec-13,20-Dec-13,ARV,Adult,SCMS from RDC,"Lopinavir/Ritonavir 200/50mg [Aluvia], tablets, 120 Tabs",Lopinavir/Ritonavir,Aluvia,200/50mg,Tablet,120,"1,490",30127.80,20.22,0.17,ABBVIE Ludwigshafen Germany,FALSE,See DN-3425 (ID#:82618),null,37.27
"86,631",105-GY-T30,FPQ-12619,SO-46090,DN-3425,Guyana,PMO - US,From RDC,N/A - From RDC,Air,7/16/2013,N/A - From RDC,31-Dec-13,02-Dec-13,20-Dec-13,ARV,Adult,SCMS from RDC,"Abacavir 300mg, tablets, 60 Tabs",Abacavir,Generic,300mg,Tablet,60,67,767.82,11.46,0.19,"Aurobindo Unit III, India",FALSE,See DN-3425 (ID#:82618),null,0.95
"83,187",111-MZ-T30,FPQ-12416,SO-45893,DN-3428,Mozambique,PMO - US,From RDC,N/A - From RDC,Truck,6/28/2013,N/A - From RDC,29-Nov-13,30-Jan-14,17-Feb-14,ARV,Adult,SCMS from RDC,"Abacavir 300mg, tablets, 60 Tabs",Abacavir,Generic,300mg,Tablet,60,"6,275",71911.50,11.46,0.19,Mylan (formerly Matrix) Nashik,FALSE,See DN-3428 (ID#:83186),null,88.95
"83,738",111-MZ-T30,FPQ-12416,SO-45893,DN-3428,Mozambique,PMO - US,From RDC,N/A - From RDC,Truck,6/28/2013,N/A - From RDC,29-Nov-13,30-Jan-14,17-Feb-14,ARV,Adult,SCMS from RDC,"Lopinavir/Ritonavir 200/50mg [Aluvia], tablets, 120 Tabs",Lopinavir/Ritonavir,Aluvia,200/50mg,Tablet,120,"12,960",262051.20,20.22,0.17,ABBVIE Ludwigshafen Germany,FALSE,See DN-3428 (ID#:83186),null,324.16
"85,345",900-GY-T30,FPQ-11727,SO-44710,DN-3089,Guyana,PMO - US,From RDC,N/A - From RDC,Air,03-01-13,N/A - From RDC,25-Mar-13,28-Mar-13,28-Mar-13,ARV,Adult,SCMS from RDC,"Nevirapine 200mg, tablets, 60 Tabs",Nevirapine,Generic,200mg,Tablet,60,"3,485",7876.10,2.26,0.04,Hetero Unit III Hyderabad IN,TRUE,214,"$3,066.05 ",9.74
"84,870",111-MZ-T30,FPQ-12416,SO-45893,DN-3428,Mozambique,PMO - US,From RDC,N/A - From RDC,Truck,6/28/2013,N/A - From RDC,29-Nov-13,30-Jan-14,17-Feb-14,ARV,Adult,SCMS from RDC,"Zidovudine 300mg, tablets, 60 Tabs",Zidovudine,Generic,300mg,Tablet,60,"13,290",74158.20,5.58,0.09,Hetero Unit III Hyderabad IN,FALSE,See DN-3428 (ID#:83186),null,91.73
"86,632",110-ZM-T30,FPQ-12066,SO-45080,DN-3432,Zambia,PMO - US,From RDC,N/A - From RDC,Truck,4/19/2013,N/A - From RDC,24-Jan-14,24-Jan-14,31-Jan-14,ARV,Adult,SCMS from RDC,"Efavirenz/Emtricitabine/Tenofovir Disoproxil Fumarate 600/200/300mg, tablets, 30 Tabs",Efavirenz/Emtricitabine/Tenofovir Disoproxil Fumarate,Generic,600/200/300mg,Tablet - FDC,30,"2,424",29815.20,12.3,0.41,Mylan (formerly Matrix) Nashik,FALSE,See DN-3432 (ID#:83739),null,36.88
"83,189",151-NG-T30,FPQ-12248,SO-47222,DN-3437,Nigeria,PMO - US,From RDC,N/A - From RDC,Air Charter,05-06-13,N/A - From RDC,18-Nov-13,26-Nov-13,05-Dec-13,ARV,Adult,SCMS from RDC,"Lamivudine/Nevirapine/Zidovudine 150/200/300mg, tablets, 60 Tabs",Lamivudine/Nevirapine/Zidovudine,Generic,150/300/200mg,Tablet - FDC,60,961,8245.38,8.58,0.14,"Aurobindo Unit III, India",FALSE,See DN-3437 (ID#:83188),null,10.2
"85,349",109-TZ-T30,FPQ-11393,SO-44370,DN-3104,Tanzania,PMO - US,From RDC,N/A - From RDC,Truck,12/30/2012,N/A - From RDC,31-May-13,22-Apr-13,22-Apr-13,ARV,Adult,SCMS from RDC,"Emtricitabine/Tenofovir Disoproxil Fumarate 200/300mg, tablets, 30 Tabs",Emtricitabine/Tenofovir Disoproxil Fumarate,Generic,200/300mg,Tablet - FDC,30,"31,512",191277.84,6.07,0.2,Mylan (formerly Matrix) Nashik,TRUE,2635,"$3,300.95 ",236.61
"85,350",114-UG-T30,FPQ-11902,SO-44790,DN-3105,Uganda,PMO - US,From RDC,N/A - From RDC,Truck,3/16/2013,N/A - From RDC,16-Apr-13,25-Apr-13,25-Apr-13,ARV,Pediatric,SCMS from RDC,"Nevirapine 10mg/ml, oral suspension w/syringe, Bottle, 240 ml",Nevirapine,Generic,10mg/ml,Oral suspension,240,"36,229",70646.55,1.95,0.01,"Aurobindo Unit III, India",TRUE,13310,"$12,203.29 ",87.39
"85,351",109-TZ-T30,FPQ-10545,SO-43122,DN-3111,Tanzania,PMO - US,From RDC,N/A - From RDC,Truck,8/24/2012,N/A - From RDC,31-May-13,09-May-13,09-May-13,ARV,Adult,SCMS from RDC,"Tenofovir Disoproxil Fumarate 300mg, tablets, 30 Tabs",Tenofovir Disoproxil Fumarate,Generic,300mg,Tablet,30,"1,980",7999.20,4.04,0.13,Mylan (formerly Matrix) Nashik,TRUE,126,"$1,382 ",11.21
"86,024",111-MZ-T30,FPQ-12416,SO-45894,DN-3439,Mozambique,PMO - US,From RDC,N/A - From RDC,Truck,6/28/2013,N/A - From RDC,31-Jan-14,30-Jan-14,17-Feb-14,ARV,Adult,SCMS from RDC,"Efavirenz 600mg, tablets, 30 Tabs",Efavirenz,Generic,600mg,Tablet,30,"50,000",166500.00,3.33,0.11,"Cipla, Goa, India",FALSE,See DN-3439 (ID#:85423),null,205.96
"11,452",111-MZ-T01,Pre-PQ Process,SO-924,DN-344,Mozambique,PMO - US,From RDC,N/A - From RDC,Air,Pre-PQ Process,N/A - From RDC,05-Oct-07,05-Oct-07,05-Oct-07,ARV,Adult,SCMS from RDC,"Lamivudine/Stavudine 150/30mg, tablets, 30 Tabs",Lamivudine/Stavudine,Generic,150/30mg,Tablet - FDC,30,"70,000",140000.00,2,0.07,"Cipla, Goa, India",FALSE,See DN-344 (ID#:11173),null,224
"85,427",109-TZ-T30,FPQ-12354,SO-45741,DN-3454,Tanzania,PMO - US,From RDC,N/A - From RDC,Truck,5/16/2013,N/A - From RDC,31-Jan-14,20-Jan-14,29-Jan-14,ARV,Adult,SCMS from RDC,"Efavirenz/Lamivudine/Tenofovir Disoproxil Fumarate 600/300/300mg, tablets, 30 Tabs",Efavirenz/Lamivudine/Tenofovir Disoproxil Fumarate,Generic,600/300/300mg,Tablet - FDC,30,"5,531",61670.65,11.15,0.37,Hetero Unit III Hyderabad IN,FALSE,See DN-3454 (ID#:83194),null,76.29
"83,195",103-ZW-T30,FPQ-12086,SO-45130,DN-3457,Zimbabwe,PMO - US,From RDC,N/A - From RDC,Truck,4/19/2013,N/A - From RDC,31-Jan-14,13-Jan-14,23-Jan-14,ARV,Pediatric,SCMS from RDC,"Abacavir 20mg/ml, oral solution w/syringe, Bottle, 240 ml",Abacavir,Generic,20mg/ml,Oral solution,240,194,1650.94,8.51,0.04,"Aurobindo Unit III, India",FALSE,See DN-3457 (ID#:82626),null,2.04
"85,428",103-ZW-T30,FPQ-12086,SO-45130,DN-3457,Zimbabwe,PMO - US,From RDC,N/A - From RDC,Truck,4/19/2013,N/A - From RDC,31-Jan-14,13-Jan-14,23-Jan-14,ARV,Pediatric,SCMS from RDC,"Lamivudine/Nevirapine/Zidovudine 30/50/60mg, dispersible tablets, 60 Tabs",Lamivudine/Nevirapine/Zidovudine,Generic,30/50/60mg,Chewable/dispersible tablet - FDC,60,"88,500",344265.00,3.89,0.06,"Cipla, Goa, India",FALSE,See DN-3457 (ID#:82626),null,425.86
"85,357",114-UG-T30,FPQ-11133,SO-43880,DN-3127,Uganda,PMO - US,From RDC,N/A - From RDC,Truck,12/13/2012,N/A - From RDC,04-Jun-13,04-Jun-13,04-Jun-13,ARV,Adult,SCMS from RDC,"Lamivudine/Tenofovir Disoproxil Fumarate 300/300mg, tablets, 30 Tabs",Lamivudine/Tenofovir Disoproxil Fumarate,Generic,300/300mg,Tablet - FDC,30,"26,940",126618.00,4.7,0.16,"Aurobindo Unit VII, IN",TRUE,2517,"$11,803.13 ",156.63
"83,746",109-TZ-T30,FPQ-12587,SO-45995,DN-3458,Tanzania,PMO - US,From RDC,N/A - From RDC,Truck,07-04-13,N/A - From RDC,31-Dec-13,25-Feb-14,13-Mar-14,ARV,Pediatric,SCMS from RDC,"Efavirenz 200mg, scored tablets, 90 Tabs",Efavirenz,Generic,200mg,Tablet,90,"5,687",52889.10,9.3,0.1,"Strides, Bangalore, India.",FALSE,See DN-3458 (ID#:83196),null,65.42
"85,359",114-UG-T30,FPQ-11133,SO-43872,DN-3137,Uganda,PMO - US,From RDC,N/A - From RDC,Truck,12/13/2012,N/A - From RDC,28-Jun-13,15-May-13,15-May-13,ARV,Pediatric,SCMS from RDC,"Lamivudine/Nevirapine/Zidovudine 30/50/60mg, dispersible tablets, 60 Tabs",Lamivudine/Nevirapine/Zidovudine,Generic,30/50/60mg,Chewable/dispersible tablet - FDC,60,"5,861",24323.15,4.15,0.07,Mylan (formerly Matrix) Nashik,TRUE,345,"$3,426.68 ",30.09
"85,360",151-NG-T30,FPQ-10477,SO-43040,DN-3138,Nigeria,PMO - US,From RDC,N/A - From RDC,Air Charter,08-09-12,N/A - From RDC,06-May-13,03-May-13,03-May-13,ARV,Adult,SCMS from RDC,"Efavirenz/Emtricitabine/Tenofovir Disoproxil Fumarate 600/200/300mg, tablets, 30 Tabs",Efavirenz/Emtricitabine/Tenofovir Disoproxil Fumarate,Generic,600/200/300mg,Tablet - FDC,30,"59,615",772610.40,12.96,0.43,"Cipla, Goa, India",TRUE,7722,"$14,547.55 ","1,083.20"
"85,361",151-NG-T30,FPQ-11022,SO-43845,DN-3140,Nigeria,PMO - US,From RDC,N/A - From RDC,Air Charter,11/15/2012,N/A - From RDC,21-May-13,02-May-13,02-May-13,ARV,Pediatric,SCMS from RDC,"Lamivudine/Zidovudine 30/60mg, tablets, 60 Tabs",Lamivudine/Zidovudine,Generic,30/60mg,Tablet - FDC,60,"9,627",21757.02,2.26,0.04,"Aurobindo Unit III, India",TRUE,486,"$14,547.55 ",26.91
"85,362",107-RW-T30,FPQ-11807,SO-44760,DN-3159,Rwanda,PMO - US,From RDC,N/A - From RDC,Air,03-06-13,N/A - From RDC,28-Jun-13,24-May-13,24-May-13,ARV,Pediatric,SCMS from RDC,"Zidovudine 10mg/ml, oral solution w/syringe, Bottle, 240 ml",Zidovudine,Generic,10mg/ml,Oral solution,240,"3,000",6300.00,2.1,0.01,"Aurobindo Unit III, India",TRUE,1151,"$7,086.88 ",7.79
"85,363",151-NG-T30,FPQ-11022,SO-45190,DN-3170,Nigeria,PMO - US,From RDC,N/A - From RDC,Air Charter,11/15/2012,N/A - From RDC,21-May-13,10-May-13,10-May-13,ARV,Adult,SCMS from RDC,"Lamivudine/Nevirapine/Zidovudine 150/200/300mg, tablets, 60 Tabs",Lamivudine/Nevirapine/Zidovudine,Generic,150/300/200mg,Tablet - FDC,60,"31,132",267112.56,8.58,0.14,Hetero Unit III Hyderabad IN,TRUE,5041,"$20,666.08 ",330.42
"85,365",111-MZ-T30,FPQ-11884,SO-44861,DN-3181,Mozambique,PMO - US,From RDC,N/A - From RDC,Truck,3/19/2013,N/A - From RDC,30-Sep-13,08-Aug-13,08-Aug-13,ARV,Adult,SCMS from RDC,"Abacavir 300mg, tablets, 60 Tabs",Abacavir,Generic,300mg,Tablet,60,"10,000",129600.00,12.96,0.22,Mylan (formerly Matrix) Nashik,TRUE,1033,"$7,951.22 ",160.32
"84,874",109-TZ-T30,FPQ-12587,SO-45995,DN-3458,Tanzania,PMO - US,From RDC,N/A - From RDC,Truck,07-04-13,N/A - From RDC,31-Dec-13,25-Feb-14,13-Mar-14,ARV,Pediatric,SCMS from RDC,"Lamivudine/Nevirapine/Stavudine 30/50/6mg, dispersible tablets, 60 Tabs",Lamivudine/Nevirapine/Stavudine,Generic,30/50/6mg,Chewable/dispersible tablet - FDC,60,"9,301",21392.30,2.3,0.04,"Cipla, Goa, India",FALSE,See DN-3458 (ID#:83196),null,26.46
"84,875",109-TZ-T30,FPQ-12587,SO-45995,DN-3458,Tanzania,PMO - US,From RDC,N/A - From RDC,Truck,07-04-13,N/A - From RDC,31-Dec-13,25-Feb-14,13-Mar-14,ARV,Pediatric,SCMS from RDC,"Lamivudine/Nevirapine/Stavudine 60/100/12mg, dispersible tablets, 60 Tabs",Lamivudine/Nevirapine/Stavudine,Generic,60/100/12mg,Chewable/dispersible tablet - FDC,60,"7,894",33944.20,4.3,0.07,"Cipla, Goa, India",FALSE,See DN-3458 (ID#:83196),null,41.99
"86,027",109-TZ-T30,FPQ-12587,SO-45995,DN-3458,Tanzania,PMO - US,From RDC,N/A - From RDC,Truck,07-04-13,N/A - From RDC,31-Dec-13,25-Feb-14,13-Mar-14,ARV,Adult,SCMS from RDC,"Emtricitabine/Tenofovir Disoproxil Fumarate 200/300mg, tablets, 30 Tabs",Emtricitabine/Tenofovir Disoproxil Fumarate,Generic,200/300mg,Tablet - FDC,30,337,1978.19,5.87,0.2,Mylan (formerly Matrix) Nashik,FALSE,See DN-3458 (ID#:83196),null,2.45
"83,750",151-NG-T30,FPQ-12248,SO-45662,DN-3476,Nigeria,PMO - US,From RDC,N/A - From RDC,Air Charter,05-06-13,N/A - From RDC,17-Jan-14,10-Jan-14,16-Jan-14,ARV,Adult,SCMS from RDC,"Lamivudine/Nevirapine/Zidovudine 150/200/300mg, tablets, 60 Tabs",Lamivudine/Nevirapine/Zidovudine,Generic,150/300/200mg,Tablet - FDC,60,"142,000",1218360.00,8.58,0.14,"Aurobindo Unit III, India",FALSE,See DN-3476 (ID#:83198),null,"1,507.11"
"85,371",110-ZM-T30,FPQ-11032,SO-43831,DN-3204,Zambia,PMO - US,From RDC,N/A - From RDC,Truck,11/28/2012,N/A - From RDC,23-Jul-13,06-Aug-13,06-Aug-13,ARV,Adult,SCMS from RDC,"Efavirenz/Emtricitabine/Tenofovir Disoproxil Fumarate 600/200/300mg, tablets, 30 Tabs",Efavirenz/Emtricitabine/Tenofovir Disoproxil Fumarate,Generic,600/200/300mg,Tablet - FDC,30,"53,787",697079.52,12.96,0.43,"Cipla, Goa, India",TRUE,6342,"$42,040.30 ",862.29
"85,373",110-ZM-T30,FPQ-10728,SO-43461,DN-3210,Zambia,PMO - US,From RDC,N/A - From RDC,Truck,10-05-12,N/A - From RDC,05-Nov-13,05-Nov-13,12-Nov-13,ARV,Adult,SCMS from RDC,"Lamivudine/Zidovudine 150/300mg, tablets, 60 Tabs",Lamivudine/Zidovudine,Generic,150/300mg,Tablet - FDC,60,"107,832",754824.00,7,0.12,"Cipla, Goa, India",TRUE,8744,"$12,651.44 ","1,058.26"
"86,637",109-TZ-T30,FPQ-12587,SO-45997,DN-3477,Tanzania,PMO - US,From RDC,N/A - From RDC,Truck,07-04-13,N/A - From RDC,31-Jan-14,07-Mar-14,12-Mar-14,ARV,Pediatric,SCMS from RDC,"Lamivudine/Nevirapine/Stavudine 60/100/12mg, dispersible tablets, 60 Tabs",Lamivudine/Nevirapine/Stavudine,Generic,60/100/12mg,Chewable/dispersible tablet - FDC,60,"3,879",16679.70,4.3,0.07,"Cipla, Goa, India",FALSE,See DN-3477 (ID#:86029),null,20.63
"83,752",111-MZ-T30,FPQ-12416,SO-45896,DN-3483,Mozambique,PMO - US,From RDC,N/A - From RDC,Truck,6/28/2013,N/A - From RDC,31-Jan-14,10-Feb-14,17-Mar-14,ARV,Adult,SCMS from RDC,"Efavirenz/Lamivudine/Tenofovir Disoproxil Fumarate 600/300/300mg, tablets, 30 Tabs",Efavirenz/Lamivudine/Tenofovir Disoproxil Fumarate,Generic,600/300/300mg,Tablet - FDC,30,"66,054",736502.10,11.15,0.37,Hetero Unit III Hyderabad IN,FALSE,See DN-3483 (ID#:82633),null,911.05
"85,378",103-ZW-T30,FPQ-11478,SO-44290,DN-3232,Zimbabwe,PMO - US,From RDC,N/A - From RDC,Truck,1/16/2013,N/A - From RDC,30-Jul-13,06-Aug-13,06-Aug-13,ARV,Pediatric,SCMS from RDC,"Lamivudine/Nevirapine/Zidovudine 30/50/60mg, dispersible tablets, 60 Tabs",Lamivudine/Nevirapine/Zidovudine,Generic,30/50/60mg,Chewable/dispersible tablet - FDC,60,"49,000",203350.00,4.15,0.07,Mylan (formerly Matrix) Nashik,TRUE,3573,"$11,133.66 ",251.54
"85,381",109-TZ-T30,FPQ-12015,SO-44992,DN-3255,Tanzania,PMO - US,From RDC,N/A - From RDC,Truck,04-02-13,N/A - From RDC,11-Sep-13,11-Sep-13,11-Sep-13,ARV,Pediatric,SCMS from RDC,"Abacavir/Lamivudine 60/30mg, tablets, 60 Tabs",Abacavir/Lamivudine,Generic,60/30mg,Tablet - FDC,60,578,2312.00,4,0.07,Mylan (formerly Matrix) Nashik,TRUE,24,"$1,506.50 ",2.86
"85,431",111-MZ-T30,FPQ-12416,SO-45896,DN-3483,Mozambique,PMO - US,From RDC,N/A - From RDC,Truck,6/28/2013,N/A - From RDC,31-Jan-14,10-Feb-14,17-Mar-14,ARV,Adult,SCMS from RDC,"Lamivudine/Zidovudine 150/300mg, tablets, 60 Tabs",Lamivudine/Zidovudine,Generic,150/300mg,Tablet - FDC,60,"34,552",232534.96,6.73,0.11,"Cipla, Goa, India",FALSE,See DN-3483 (ID#:82633),null,287.65
"10,886",104-CI-T01,Pre-PQ Process,SO-999,DN-349,Côte d'Ivoire,PMO - US,From RDC,N/A - From RDC,,Pre-PQ Process,N/A - From RDC,12-Sep-07,12-Sep-07,12-Sep-07,ARV,Adult,SCMS from RDC,"Saquinavir 200mg [Invirase], capsules, 270 Caps",Saquinavir,Invirase,200mg,Capsule,270,526,41364.64,78.64,0.29,Roche Basel,FALSE,See DN-349 (ID#:10885),null,66.18
"85,384",109-TZ-T30,FPQ-12536,SO-45970,DN-3266,Tanzania,PMO - US,From RDC,N/A - From RDC,Air,6/24/2013,N/A - From RDC,16-Oct-13,05-Sep-13,05-Sep-13,ARV,Adult,SCMS from RDC,"Lamivudine/Nevirapine/Zidovudine 150/200/300mg, tablets, 60 Tabs",Lamivudine/Nevirapine/Zidovudine,Generic,150/300/200mg,Tablet - FDC,60,"60,000",495600.00,8.26,0.14,"Cipla, Goa, India",TRUE,7857,"$40,857.69 ",613.06
"12,715",104-CI-T01,Pre-PQ Process,SO-999,DN-349,Côte d'Ivoire,PMO - US,From RDC,N/A - From RDC,,Pre-PQ Process,N/A - From RDC,12-Sep-07,12-Sep-07,12-Sep-07,ARV,Adult,SCMS from RDC,"Saquinavir 200mg [Invirase], capsules, 270 Caps",Saquinavir,Invirase,200mg,Capsule,270,7,550.48,78.64,0.29,Roche Basel,FALSE,See DN-349 (ID#:10885),null,0.88
"85,432",103-SS-T30,FPQ-13173,SO-47110,DN-3493,South Sudan,PMO - US,From RDC,N/A - From RDC,Air,10/28/2013,N/A - From RDC,22-Jan-14,11-Feb-14,13-Feb-14,ARV,Pediatric,SCMS from RDC,"Efavirenz 200mg, scored tablets, 90 Tabs",Efavirenz,Generic,200mg,Tablet,90,66,613.80,9.3,0.1,"Strides, Bangalore, India.",FALSE,See DN-3493 (ID#:84322),null,0.63
"86,030",103-SS-T30,FPQ-13173,SO-47110,DN-3493,South Sudan,PMO - US,From RDC,N/A - From RDC,Air,10/28/2013,N/A - From RDC,22-Jan-14,11-Feb-14,13-Feb-14,ARV,Adult,SCMS from RDC,"Efavirenz 600mg, tablets, 30 Tabs",Efavirenz,Generic,600mg,Tablet,30,"2,100",6993.00,3.33,0.11,"Strides, Bangalore, India.",FALSE,See DN-3493 (ID#:84322),null,7.19
"85,388",102-BI-T30,FPQ-12065,SO-45180,DN-3234,Burundi,PMO - US,From RDC,N/A - From RDC,Air,4/22/2013,N/A - From RDC,09-Jul-13,23-Aug-13,23-Aug-13,ARV,Pediatric,SCMS from RDC,"Lamivudine 10mg/ml, oral solution w/syringe, Bottle, 240 ml",Lamivudine,Generic,10mg/ml,Oral solution,240,927,1714.95,1.85,0.01,"Aurobindo Unit III, India",TRUE,891,"$4,674.58 ",2.12
"86,639",103-SS-T30,FPQ-13173,SO-47110,DN-3493,South Sudan,PMO - US,From RDC,N/A - From RDC,Air,10/28/2013,N/A - From RDC,22-Jan-14,11-Feb-14,13-Feb-14,ARV,Adult,SCMS from RDC,"Lamivudine/Nevirapine/Zidovudine 150/200/300mg, tablets, 60 Tabs",Lamivudine/Nevirapine/Zidovudine,Generic,150/300/200mg,Tablet - FDC,60,"3,746",30941.96,8.26,0.14,"Aurobindo Unit III, India",FALSE,See DN-3493 (ID#:84322),null,31.81
"85,433",151-NG-T30,FPQ-12248,SO-45663,DN-3494,Nigeria,PMO - US,From RDC,N/A - From RDC,Air Charter,05-06-13,N/A - From RDC,17-Jan-14,10-Jan-14,15-Jan-14,ARV,Adult,SCMS from RDC,"Efavirenz/Lamivudine/Tenofovir Disoproxil Fumarate 600/300/300mg, tablets, 30 Tabs",Efavirenz/Lamivudine/Tenofovir Disoproxil Fumarate,Generic,600/300/300mg,Tablet - FDC,30,"249,986",2787343.90,11.15,0.37,Mylan (formerly Matrix) Nashik,FALSE,See DN-3494 (ID#:84883),null,"3,447.94"
"84,323",107-RW-T30,FPQ-12766,SO-46483,DN-3497,Rwanda,PMO - US,From RDC,N/A - From RDC,Truck,08-02-13,N/A - From RDC,31-Jan-14,03-Feb-14,24-Feb-14,ARV,Adult,SCMS from RDC,"Lamivudine/Tenofovir Disoproxil Fumarate 300/300mg, tablets, 30 Tabs",Lamivudine/Tenofovir Disoproxil Fumarate,Generic,300/300mg,Tablet - FDC,30,"1,303",6124.10,4.7,0.16,Mylan (formerly Matrix) Nashik,FALSE,See DN-3497 (ID#:82640),null,7.58
"86,031",107-RW-T30,FPQ-12766,SO-46483,DN-3497,Rwanda,PMO - US,From RDC,N/A - From RDC,Truck,08-02-13,N/A - From RDC,31-Jan-14,03-Feb-14,24-Feb-14,ARV,Adult,SCMS from RDC,"Lamivudine/Nevirapine/Zidovudine 150/200/300mg, tablets, 60 Tabs",Lamivudine/Nevirapine/Zidovudine,Generic,150/300/200mg,Tablet - FDC,60,"26,540",219220.40,8.26,0.14,"Aurobindo Unit III, India",FALSE,See DN-3497 (ID#:82640),null,271.18
"85,393",114-UG-T30,FPQ-12253,SO-45480,DN-3270,Uganda,PMO - US,From RDC,N/A - From RDC,Air,05-08-13,N/A - From RDC,05-Sep-13,05-Sep-13,05-Sep-13,ARV,Adult,SCMS from RDC,"Lamivudine/Nevirapine/Zidovudine 150/200/300mg, tablets, 60 Tabs",Lamivudine/Nevirapine/Zidovudine,Generic,150/300/200mg,Tablet - FDC,60,"50,000",413000.00,8.26,0.14,Mylan (formerly Matrix) Nashik,TRUE,6481,"$36,226.26 ",510.88
"85,394",114-UG-T30,FPQ-12253,SO-45460,DN-3271,Uganda,PMO - US,From RDC,N/A - From RDC,Air,05-08-13,N/A - From RDC,02-Sep-13,02-Sep-13,02-Sep-13,ARV,Adult,SCMS from RDC,"Lamivudine/Nevirapine/Zidovudine 150/200/300mg, tablets, 60 Tabs",Lamivudine/Nevirapine/Zidovudine,Generic,150/300/200mg,Tablet - FDC,60,"59,680",512054.40,8.58,0.14,Hetero Unit III Hyderabad IN,TRUE,9886,"$58,707 ",633.41
"86,033",109-TZ-T30,FPQ-12587,SO-46000,DN-3501,Tanzania,PMO - US,From RDC,N/A - From RDC,Truck,07-04-13,N/A - From RDC,31-Jan-14,19-Feb-14,24-Feb-14,ARV,Pediatric,SCMS from RDC,"Abacavir/Lamivudine 60/30mg, tablets, 60 Tabs",Abacavir/Lamivudine,Generic,60/30mg,Tablet - FDC,60,"9,458",37832.00,4,0.07,"Aurobindo Unit III, India",FALSE,See DN-3501 (ID#:82641),null,46.8
"85,397",102-BI-T30,FPQ-12065,SO-45150,DN-3284,Burundi,PMO - US,From RDC,N/A - From RDC,Air,4/22/2013,N/A - From RDC,30-Aug-13,27-Aug-13,27-Aug-13,ARV,Adult,SCMS from RDC,"Emtricitabine/Tenofovir Disoproxil Fumarate 200/300mg, tablets, 30 Tabs",Emtricitabine/Tenofovir Disoproxil Fumarate,Generic,200/300mg,Tablet - FDC,30,"2,562",15551.34,6.07,0.2,"Aurobindo Unit III, India",TRUE,240,"$1,634.38 ",19.24
"85,398",109-TZ-T30,FPQ-11393,SO-44380,DN-3309,Tanzania,PMO - US,From RDC,N/A - From RDC,Truck,12/30/2012,N/A - From RDC,15-Oct-13,05-Sep-13,05-Sep-13,ARV,Pediatric,SCMS from RDC,"Nevirapine 10mg/ml, oral suspension w/syringe, Bottle, 240 ml",Nevirapine,Generic,10mg/ml,Oral suspension,240,"14,146",27584.70,1.95,0.01,"Aurobindo Unit III, India",TRUE,5475,"$17,114.50 ",34.12
"86,032",104-CI-T30,FPQ-12800,SO-46350,DN-3504,Côte d'Ivoire,PMO - US,From RDC,N/A - From RDC,Air,08-09-13,N/A - From RDC,31-Jan-14,18-Jan-14,04-Mar-14,ARV,Pediatric,SCMS from RDC,"Lamivudine/Zidovudine 30/60mg, tablets, 60 Tabs",Lamivudine/Zidovudine,Generic,30/60mg,Tablet - FDC,60,"12,000",27120.00,2.26,0.04,Mylan (formerly Matrix) Nashik,FALSE,See DN-3504 (ID#:84884),null,33.55
"85,400",110-ZM-T30,FPQ-12066,SO-45060,DN-3327,Zambia,PMO - US,From RDC,N/A - From RDC,Truck,4/19/2013,N/A - From RDC,30-Sep-13,17-Sep-13,17-Sep-13,ARV,Adult,SCMS from RDC,"Abacavir 300mg, tablets, 60 Tabs",Abacavir,Generic,300mg,Tablet,60,"62,000",710520.00,11.46,0.19,Mylan (formerly Matrix) Nashik,TRUE,6795,"$14,316.94 ",878.91
"86,634",109-TZ-T30,FPQ-12587,SO-45998,DN-3505,Tanzania,PMO - US,From RDC,N/A - From RDC,Truck,07-04-13,N/A - From RDC,31-Jan-14,19-Feb-14,24-Feb-14,ARV,Adult,SCMS from RDC,"Lopinavir/Ritonavir 200/50mg, tablets, 120 Tabs",Lopinavir/Ritonavir,Generic,200/50mg,Tablet,120,"32,753",670781.44,20.48,0.17,Mylan (formerly Matrix) Nashik,FALSE,See DN-3505 (ID#:82627),null,829.76
"83,206",111-MZ-T30,FPQ-12573,SO-46172,DN-3525,Mozambique,PMO - US,From RDC,N/A - From RDC,Truck,6/28/2013,N/A - From RDC,31-Jan-14,20-Feb-14,19-Mar-14,ARV,Adult,SCMS from RDC,"Lamivudine/Nevirapine/Stavudine 150/200/30mg, tablets, 60 Tabs",Lamivudine/Nevirapine/Stavudine,Generic,150/200/30mg,Tablet - FDC,60,"47,205",203925.60,4.32,0.07,Hetero Unit III Hyderabad IN,FALSE,See DN-3525 (ID#:82648),null,252.26
"85,437",111-MZ-T30,FPQ-12421,SO-45901,DN-3526,Mozambique,PMO - US,From RDC,N/A - From RDC,Truck,6/28/2013,N/A - From RDC,10-Mar-14,20-Feb-14,19-Mar-14,ARV,Adult,SCMS from RDC,"Efavirenz/Lamivudine/Tenofovir Disoproxil Fumarate 600/300/300mg, tablets, 30 Tabs",Efavirenz/Lamivudine/Tenofovir Disoproxil Fumarate,Generic,600/300/300mg,Tablet - FDC,30,"103,129",1121012.23,10.87,0.36,"Aurobindo Unit VII, IN",FALSE,See DN-3526 (ID#:82649),null,"1,386.69"
"86,044",104-CI-T30,FPQ-12800,SO-46421,DN-3530,Côte d'Ivoire,PMO - US,From RDC,N/A - From RDC,Air,08-09-13,N/A - From RDC,31-Jan-14,13-Feb-14,04-Mar-14,ARV,Adult,SCMS from RDC,"Abacavir 300mg, tablets, 60 Tabs",Abacavir,Generic,300mg,Tablet,60,"6,200",70432.00,11.36,0.19,"Aurobindo Unit III, India",FALSE,See DN-3530 (ID#:86041),null,87.12
"85,409",110-ZM-T30,FPQ-12066,SO-45092,DN-3362,Zambia,PMO - US,From RDC,N/A - From RDC,Truck,4/19/2013,N/A - From RDC,29-Nov-13,29-Nov-13,12-Dec-13,ARV,Adult,SCMS from RDC,"Nevirapine 200mg, tablets, 60 Tabs",Nevirapine,Generic,200mg,Tablet,60,"80,000",180800.00,2.26,0.04,"Micro labs, Verna, Goa, India",TRUE,6502,"$13,300.01 ",223.65
"85,410",151-NG-T30,FPQ-11864,SO-44933,DN-3369,Nigeria,PMO - US,From RDC,N/A - From RDC,Air Charter,3/14/2013,N/A - From RDC,31-Oct-13,14-Oct-13,24-Oct-13,ARV,Adult,SCMS from RDC,"Lamivudine/Nevirapine/Zidovudine 150/200/300mg, tablets, 60 Tabs",Lamivudine/Nevirapine/Zidovudine,Generic,150/300/200mg,Tablet - FDC,60,"123,700",1061346.00,8.58,0.14,"Cipla, Goa, India",TRUE,18882,"$20,225.07 ","1,312.89"
"84,332",109-TZ-T30,FPQ-12587,SO-45999,DN-3531,Tanzania,PMO - US,From RDC,N/A - From RDC,Truck,07-04-13,N/A - From RDC,31-Jan-14,19-Feb-14,24-Feb-14,ARV,Adult,SCMS from RDC,"Abacavir 300mg, tablets, 60 Tabs",Abacavir,Generic,300mg,Tablet,60,"11,022",125209.92,11.36,0.19,"Aurobindo Unit III, India",FALSE,See DN-3531 (ID#:83761),null,154.88
"85,413",110-ZM-T30,FPQ-12066,SO-45072,DN-3380,Zambia,PMO - US,From RDC,N/A - From RDC,Truck,4/19/2013,N/A - From RDC,31-Oct-13,24-Jan-14,17-Mar-14,ARV,Pediatric,SCMS from RDC,"Lamivudine/Nevirapine/Zidovudine 30/50/60mg, dispersible tablets, 60 Tabs",Lamivudine/Nevirapine/Zidovudine,Generic,30/50/60mg,Chewable/dispersible tablet - FDC,60,"20,000",77800.00,3.89,0.06,Mylan (formerly Matrix) Nashik,TRUE,117,"$5,900 ",96.24
"85,414",102-BI-T30,FPQ-12602,SO-46050,DN-3383,Burundi,PMO - US,From RDC,N/A - From RDC,Air,07-09-13,N/A - From RDC,29-Dec-13,20-Nov-13,27-Nov-13,ARV,Adult,SCMS from RDC,"Efavirenz/Lamivudine/Tenofovir Disoproxil Fumarate 600/300/300mg, tablets, 30 Tabs",Efavirenz/Lamivudine/Tenofovir Disoproxil Fumarate,Generic,600/300/300mg,Tablet - FDC,30,"6,120",68238.00,11.15,0.37,Hetero Unit III Hyderabad IN,TRUE,820,"$4,581.26 ",84.41
"85,415",114-UG-T30,FPQ-12253,SO-45570,DN-3385,Uganda,PMO - US,From RDC,N/A - From RDC,Truck,05-08-13,N/A - From RDC,29-Nov-13,13-Nov-13,27-Nov-13,ARV,Adult,SCMS from RDC,"Abacavir 300mg, tablets, 60 Tabs",Abacavir,Generic,300mg,Tablet,60,990,11345.40,11.46,0.19,"Aurobindo Unit III, India",TRUE,597,"$2,279.50 ",14.03
"86,042",109-TZ-T30,FPQ-12587,SO-45999,DN-3531,Tanzania,PMO - US,From RDC,N/A - From RDC,Truck,07-04-13,N/A - From RDC,31-Jan-14,19-Feb-14,24-Feb-14,ARV,Pediatric,SCMS from RDC,"Nevirapine 10mg/ml, oral suspension w/syringe, Bottle, 100 ml",Nevirapine,Generic,10mg/ml,Oral suspension,100,"13,171",17122.30,1.3,0.01,"Aurobindo Unit III, India",FALSE,See DN-3531 (ID#:83761),null,21.18
"85,420",109-TZ-T30,FPQ-12587,SO-45993,DN-3407,Tanzania,PMO - US,From RDC,N/A - From RDC,Truck,07-04-13,N/A - From RDC,31-Dec-13,09-Jan-14,31-Jan-14,ARV,Pediatric,SCMS from RDC,"Lamivudine/Nevirapine/Zidovudine 30/50/60mg, dispersible tablets, 60 Tabs",Lamivudine/Nevirapine/Zidovudine,Generic,30/50/60mg,Chewable/dispersible tablet - FDC,60,"50,000",194500.00,3.89,0.06,Mylan (formerly Matrix) Nashik,TRUE,2791,"$10,167.54 ",240.6
"85,421",104-CI-T30,FPQ-12712,SO-46320,DN-3419,Côte d'Ivoire,PMO - US,From RDC,N/A - From RDC,Truck,7/30/2013,N/A - From RDC,18-Nov-13,02-Dec-13,20-Dec-13,ARV,Adult,SCMS from RDC,"Lamivudine 150mg, tablets, 60 Tabs",Lamivudine,Generic,150mg,Tablet,60,"4,800",10704.00,2.23,0.04,"Strides, Bangalore, India.",TRUE,216,"$4,017.70 ",13.24
"85,422",105-GY-T30,FPQ-12619,SO-46070,DN-3408,Guyana,PMO - US,From RDC,N/A - From RDC,Air,7/16/2013,N/A - From RDC,31-Dec-13,30-Nov-13,23-Dec-13,ARV,Pediatric,SCMS from RDC,"Lamivudine 10mg/ml, oral solution w/syringe, Bottle, 240 ml",Lamivudine,Generic,10mg/ml,Oral solution,240,81,117.45,1.45,0.01,"Aurobindo Unit III, India",TRUE,32,$728.30 ,0.15
"85,423",111-MZ-T30,FPQ-12416,SO-45894,DN-3439,Mozambique,PMO - US,From RDC,N/A - From RDC,Truck,6/28/2013,N/A - From RDC,31-Jan-14,30-Jan-14,17-Feb-14,ARV,Adult,SCMS from RDC,"Zidovudine 300mg, tablets, 60 Tabs",Zidovudine,Generic,300mg,Tablet,60,"33,650",187767.00,5.58,0.09,"Aurobindo Unit III, India",TRUE,6904,"$5,816.46 ",232.27
"85,426",104-CI-T30,FPQ-13217,SO-47170,DN-3456,Côte d'Ivoire,PMO - US,From RDC,N/A - From RDC,Truck,10/25/2013,N/A - From RDC,07-Jan-14,14-Dec-13,20-Jan-14,ARV,Pediatric,SCMS from RDC,"Didanosine 200mg, [DON] delayed-release capsules, 30 Caps",Didanosine,Generic,200mg,Delayed-release capsules,30,"1,200",0.00,0,0,"Aurobindo Unit III, India",TRUE,80,"$1,532.73 ",0
"12,691",100-ZW-T01,Pre-PQ Process,SO-1074,DN-354,Zimbabwe,PMO - US,From RDC,N/A - From RDC,Truck,Pre-PQ Process,N/A - From RDC,18-Sep-07,18-Sep-07,18-Sep-07,ARV,Adult,SCMS from RDC,"Lamivudine/Stavudine 150/30mg, tablets, 30 Tabs",Lamivudine/Stavudine,Generic,150/30mg,Tablet - FDC,30,"1,600",3200.00,2,0.07,"Cipla, Goa, India",FALSE,See DN-354 (ID#:10597),null,5.12
"86,654",151-NG-T30,FPQ-12801,SO-46541,DN-3542,Nigeria,PMO - US,From RDC,N/A - From RDC,Air Charter,08-06-13,N/A - From RDC,07-Mar-14,10-Feb-14,19-Feb-14,ARV,Pediatric,SCMS from RDC,"Abacavir/Lamivudine 60/30mg, tablets, 60 Tabs",Abacavir/Lamivudine,Generic,60/30mg,Tablet - FDC,60,"4,915",19660.00,4,0.07,Mylan (formerly Matrix) Nashik,FALSE,See DN-3542 (ID#:83208),null,24.32
"85,429",104-CI-T30,FPQ-12800,SO-46342,DN-3471,Côte d'Ivoire,PMO - US,From RDC,N/A - From RDC,Air,08-09-13,N/A - From RDC,17-Jan-14,17-Jan-14,23-Jan-14,ARV,Adult,SCMS from RDC,"Lamivudine/Tenofovir Disoproxil Fumarate 300/300mg, tablets, 30 Tabs",Lamivudine/Tenofovir Disoproxil Fumarate,Generic,300/300mg,Tablet - FDC,30,"9,744",45796.80,4.7,0.16,"Cipla, Kurkumbh, India",TRUE,989,"$12,924.80 ",56.65
"84,893",104-CI-T30,FPQ-12800,SO-46422,DN-3546,Côte d'Ivoire,PMO - US,From RDC,N/A - From RDC,Air,08-09-13,N/A - From RDC,28-Feb-14,18-Feb-14,04-Mar-14,ARV,Pediatric,SCMS from RDC,"Lamivudine/Nevirapine/Zidovudine 30/50/60mg, dispersible tablets, 60 Tabs",Lamivudine/Nevirapine/Zidovudine,Generic,30/50/60mg,Chewable/dispersible tablet - FDC,60,"8,201",30753.75,3.75,0.06,"Strides, Bangalore, India.",FALSE,See DN-3546 (ID#:82651),null,38.04
"86,046",104-CI-T30,FPQ-12800,SO-46422,DN-3546,Côte d'Ivoire,PMO - US,From RDC,N/A - From RDC,Air,08-09-13,N/A - From RDC,28-Feb-14,18-Feb-14,04-Mar-14,ARV,Adult,SCMS from RDC,"Lamivudine/Tenofovir Disoproxil Fumarate 300/300mg, tablets, 30 Tabs",Lamivudine/Tenofovir Disoproxil Fumarate,Generic,300/300mg,Tablet - FDC,30,"22,400",105280.00,4.7,0.16,"Cipla, Kurkumbh, India",FALSE,See DN-3546 (ID#:82651),null,130.23
"84,894",104-CI-T30,FPQ-12144,SO-45631,DN-3547,Côte d'Ivoire,PMO - US,From RDC,N/A - From RDC,Truck,4/22/2013,N/A - From RDC,28-Feb-14,18-Jan-14,04-Mar-14,ARV,Pediatric,SCMS from RDC,"Abacavir/Lamivudine 60/30mg, tablets, 60 Tabs",Abacavir/Lamivudine,Generic,60/30mg,Tablet - FDC,60,"1,915",7660.00,4,0.07,"Aurobindo Unit III, India",FALSE,See DN-3547 (ID#:83763),null,9.48
"86,047",104-CI-T30,FPQ-12144,SO-45631,DN-3547,Côte d'Ivoire,PMO - US,From RDC,N/A - From RDC,Truck,4/22/2013,N/A - From RDC,28-Feb-14,18-Jan-14,04-Mar-14,ARV,Adult,SCMS from RDC,"Lamivudine/Tenofovir Disoproxil Fumarate 300/300mg, tablets, 30 Tabs",Lamivudine/Tenofovir Disoproxil Fumarate,Generic,300/300mg,Tablet - FDC,30,"5,173",24313.10,4.7,0.16,"Cipla, Kurkumbh, India",FALSE,See DN-3547 (ID#:83763),null,30.08
"85,436",104-CI-T30,FPQ-12144,SO-45611,DN-3512,Côte d'Ivoire,PMO - US,From RDC,N/A - From RDC,Truck,4/22/2013,N/A - From RDC,15-Feb-14,18-Feb-14,04-Mar-14,ARV,Adult,SCMS from RDC,"Efavirenz/Lamivudine/Tenofovir Disoproxil Fumarate 600/300/300mg, tablets, 30 Tabs",Efavirenz/Lamivudine/Tenofovir Disoproxil Fumarate,Generic,600/300/300mg,Tablet - FDC,30,"50,510",549043.70,10.87,0.36,Hetero Unit III Hyderabad IN,TRUE,6766,"$18,278.07 ",679.17
"12,113",100-ZW-T01,Pre-PQ Process,SO-705,DN-355,Zimbabwe,PMO - US,From RDC,N/A - From RDC,Truck,Pre-PQ Process,N/A - From RDC,20-Sep-07,20-Sep-07,20-Sep-07,ARV,Adult,SCMS from RDC,"Lamivudine/Nevirapine/Stavudine 150/200/30mg, tablets, 60 Tabs",Lamivudine/Nevirapine/Stavudine,Generic,150/200/30mg,Tablet - FDC,60,"37,240",275576.00,7.4,0.12,"Cipla, Goa, India",FALSE,See DN-355 (ID#:11787),null,440.92
"85,438",114-UG-T30,FPQ-13108,SO-46881,DN-3527,Uganda,PMO - US,From RDC,N/A - From RDC,Air,10/16/2013,N/A - From RDC,28-Feb-14,21-Feb-14,04-Apr-14,ARV,Adult,SCMS from RDC,"Nevirapine 200mg, tablets, 60 Tabs",Nevirapine,Generic,200mg,Tablet,60,"23,819",53830.94,2.26,0.04,"Strides, Bangalore, India.",TRUE,1447,"$8,854.24 ",55.34
"86,048",151-NG-T30,FPQ-12248,SO-45665,DN-3551,Nigeria,PMO - US,From RDC,N/A - From RDC,Air Charter,05-06-13,N/A - From RDC,28-Feb-14,10-Feb-14,19-Feb-14,ARV,Adult,SCMS from RDC,"Lamivudine/Nevirapine/Zidovudine 150/200/300mg, tablets, 60 Tabs",Lamivudine/Nevirapine/Zidovudine,Generic,150/300/200mg,Tablet - FDC,60,"77,999",644271.74,8.26,0.14,"Cipla, Goa, India",FALSE,See DN-3551 (ID#:84895),null,796.96
"85,444",104-CI-T30,FPQ-10633,SO-43341,DN-3569,Côte d'Ivoire,PMO - US,From RDC,N/A - From RDC,Truck,09-11-12,N/A - From RDC,31-Mar-14,26-Mar-14,28-Apr-14,ARV,Adult,SCMS from RDC,"Efavirenz 600mg, tablets, 30 Tabs",Efavirenz,Generic,600mg,Tablet,30,"72,300",240759.00,3.33,0.11,"Strides, Bangalore, India.",TRUE,4392,"$18,607.76 ",337.54
"85,445",103-ZW-T30,FPQ-12086,SO-45140,DN-3571,Zimbabwe,PMO - US,From RDC,N/A - From RDC,Truck,4/19/2013,N/A - From RDC,31-Mar-14,24-Mar-14,04-Apr-14,ARV,Pediatric,SCMS from RDC,"Lamivudine/Nevirapine/Zidovudine 30/50/60mg, dispersible tablets, 60 Tabs",Lamivudine/Nevirapine/Zidovudine,Generic,30/50/60mg,Chewable/dispersible tablet - FDC,60,"290,000",1087500.00,3.75,0.06,Mylan (formerly Matrix) Nashik,TRUE,16192,"$18,090.64 ","1,345.24"
"86,655",151-NG-T30,FPQ-12248,SO-45665,DN-3551,Nigeria,PMO - US,From RDC,N/A - From RDC,Air Charter,05-06-13,N/A - From RDC,28-Feb-14,10-Feb-14,19-Feb-14,ARV,Adult,SCMS from RDC,"Lamivudine/Nevirapine/Zidovudine 150/200/300mg, tablets, 60 Tabs",Lamivudine/Nevirapine/Zidovudine,Generic,150/300/200mg,Tablet - FDC,60,"83,300",688058.00,8.26,0.14,Hetero Unit III Hyderabad IN,FALSE,See DN-3551 (ID#:84895),null,851.13
"84,898",111-MZ-T30,FPQ-12416,SO-45890,DN-3553,Mozambique,PMO - US,From RDC,N/A - From RDC,Truck,6/28/2013,N/A - From RDC,03-Jun-14,03-Jun-14,11-Jun-14,ARV,Adult,SCMS from RDC,"Lamivudine/Zidovudine 150/300mg, tablets, 60 Tabs",Lamivudine/Zidovudine,Generic,150/300mg,Tablet - FDC,60,"25,000",168250.00,6.73,0.11,"Aurobindo Unit III, India",FALSE,See DN-3553 (ID#:82653),null,208.13
"86,635",111-MZ-T30,FPQ-12573,SO-46170,DN-3554,Mozambique,PMO - US,From RDC,N/A - From RDC,Truck,6/28/2013,N/A - From RDC,31-Mar-14,28-Mar-14,04-Apr-14,ARV,Adult,SCMS from RDC,"Lamivudine/Nevirapine/Stavudine 150/200/30mg, tablets, 60 Tabs",Lamivudine/Nevirapine/Stavudine,Generic,150/200/30mg,Tablet - FDC,60,"12,160",52531.20,4.32,0.07,"Strides, Bangalore, India.",FALSE,See DN-3554 (ID#:83748),null,64.98
"83,767",111-MZ-T30,FPQ-13123,SO-47081,DN-3558,Mozambique,PMO - US,From RDC,N/A - From RDC,Truck,10/21/2013,N/A - From RDC,15-Apr-14,28-Mar-14,04-Apr-14,ARV,Adult,SCMS from RDC,"Nevirapine 200mg, tablets, 60 Tabs",Nevirapine,Generic,200mg,Tablet,60,"2,100",4746.00,2.26,0.04,Hetero Unit III Hyderabad IN,FALSE,See DN-3558 (ID#:83766),null,4.88
"84,336",111-MZ-T30,FPQ-13123,SO-47081,DN-3558,Mozambique,PMO - US,From RDC,N/A - From RDC,Truck,10/21/2013,N/A - From RDC,15-Apr-14,28-Mar-14,04-Apr-14,ARV,Adult,SCMS from RDC,"Nevirapine 200mg, tablets, 60 Tabs",Nevirapine,Generic,200mg,Tablet,60,"1,330",3005.80,2.26,0.04,Hetero Unit III Hyderabad IN,FALSE,See DN-3558 (ID#:83766),null,3.09
"85,452",104-CI-T30,FPQ-12144,SO-45630,DN-3598,Côte d'Ivoire,PMO - US,From RDC,N/A - From RDC,Truck,4/22/2013,N/A - From RDC,10-Apr-14,10-Apr-14,06-May-14,ARV,Adult,SCMS from RDC,"Lamivudine/Tenofovir Disoproxil Fumarate 300/300mg, tablets, 30 Tabs",Lamivudine/Tenofovir Disoproxil Fumarate,Generic,300/300mg,Tablet - FDC,30,"6,377",29971.90,4.7,0.16,Hetero Unit III Hyderabad IN,TRUE,833,"$4,730.18 ",37.08
"85,453",104-CI-T30,FPQ-12800,SO-46380,DN-3601,Côte d'Ivoire,PMO - US,From RDC,N/A - From RDC,Air,08-09-13,N/A - From RDC,31-Mar-14,14-Apr-14,22-May-14,ARV,Adult,SCMS from RDC,"Lamivudine 150mg, tablets, 60 Tabs",Lamivudine,Generic,150mg,Tablet,60,"1,481",3184.15,2.15,0.04,"Aurobindo Unit III, India",TRUE,141,"$1,400 ",3.94
"85,454",111-MZ-T30,FPQ-13575,SO-47701,DN-3623,Mozambique,PMO - US,From RDC,N/A - From RDC,Truck,1/17/2014,N/A - From RDC,31-Aug-14,03-Jun-14,11-Jun-14,ARV,Adult,SCMS from RDC,"Lamivudine/Tenofovir Disoproxil Fumarate 300/300mg, tablets, 30 Tabs",Lamivudine/Tenofovir Disoproxil Fumarate,Generic,300/300mg,Tablet - FDC,30,"3,456",16243.20,4.7,0.16,Hetero Unit III Hyderabad IN,TRUE,358,"$3,590 ",16.7
"85,440",111-MZ-T30,FPQ-13123,SO-47081,DN-3558,Mozambique,PMO - US,From RDC,N/A - From RDC,Truck,10/21/2013,N/A - From RDC,15-Apr-14,28-Mar-14,04-Apr-14,ARV,Adult,SCMS from RDC,"Lamivudine/Tenofovir Disoproxil Fumarate 300/300mg, tablets, 30 Tabs",Lamivudine/Tenofovir Disoproxil Fumarate,Generic,300/300mg,Tablet - FDC,30,"1,638",7698.60,4.7,0.16,"Cipla, Kurkumbh, India",FALSE,See DN-3558 (ID#:83766),null,7.91
"10,868",104-CI-T01,Pre-PQ Process,SO-792,DN-356,Côte d'Ivoire,PMO - US,From RDC,N/A - From RDC,,Pre-PQ Process,N/A - From RDC,19-Sep-07,19-Sep-07,19-Sep-07,HRDT,HIV test,SCMS from RDC,"#108853** HIV, Genie II HIV-1/HIV-2 Kit, 40 Tests","HIV, Genie II HIV-1/HIV-2 Kit",Genie,,Test kit,40,615,46740.00,76,1.9,Bio-Rad Laboratories,FALSE,See DN-356 (ID#:10867),null,74.78
"85,457",109-TZ-T30,FPQ-13566,SO-47653,DN-3629,Tanzania,PMO - US,From RDC,N/A - From RDC,Truck,1/15/2014,N/A - From RDC,30-Jun-14,15-Aug-14,08-Sep-14,ARV,Adult,SCMS from RDC,"Efavirenz/Emtricitabine/Tenofovir Disoproxil Fumarate 600/200/300mg, tablets, 30 Tabs",Efavirenz/Emtricitabine/Tenofovir Disoproxil Fumarate,Generic,600/200/300mg,Tablet - FDC,30,"76,134",905233.26,11.89,0.4,"Hetero, Jadcherla, unit 5, IN",TRUE,9400,"$43,758.80 ",930.58
"85,458",104-CI-T30,FPQ-12144,SO-45641,DN-3631,Côte d'Ivoire,PMO - US,From RDC,N/A - From RDC,Truck,4/22/2013,N/A - From RDC,30-May-14,23-Apr-14,11-Jun-14,ARV,Adult,SCMS from RDC,"Lopinavir/Ritonavir 200/50mg, tablets, 120 Tabs",Lopinavir/Ritonavir,Generic,200/50mg,Tablet,120,964,19318.56,20.04,0.17,Mylan (formerly Matrix) Nashik,TRUE,6705,"$27,664.61 ",23.9
"83,212",101-CD-T30,FPQ-13554,SO-47630,DN-3561,"Congo, DRC",PMO - US,From RDC,N/A - From RDC,Air,1/15/2014,N/A - From RDC,30-May-14,19-May-14,26-Jun-14,ARV,Pediatric,SCMS from RDC,"Lamivudine/Nevirapine/Zidovudine 30/50/60mg, dispersible tablets, 60 Tabs",Lamivudine/Nevirapine/Zidovudine,Generic,30/50/60mg,Chewable/dispersible tablet - FDC,60,"1,850",6937.50,3.75,0.06,"Strides, Bangalore, India.",FALSE,See DN-3561 (ID#:82654),null,7.13
"83,213",101-CD-T30,FPQ-13554,SO-47630,DN-3561,"Congo, DRC",PMO - US,From RDC,N/A - From RDC,Air,1/15/2014,N/A - From RDC,30-May-14,19-May-14,26-Jun-14,ARV,Adult,SCMS from RDC,"Tenofovir Disoproxil Fumarate 300mg, tablets, 30 Tabs",Tenofovir Disoproxil Fumarate,Generic,300mg,Tablet,30,"1,240",5009.60,4.04,0.13,Mylan (formerly Matrix) Nashik,FALSE,See DN-3561 (ID#:82654),null,5.15
"85,461",109-TZ-T30,FPQ-12587,SO-48290,DN-3646,Tanzania,PMO - US,From RDC,N/A - From RDC,Truck,07-04-13,N/A - From RDC,15-Sep-14,25-Sep-14,07-Nov-14,ARV,Adult,SCMS from RDC,"Emtricitabine/Tenofovir Disoproxil Fumarate 200/300mg, tablets, 30 Tabs",Emtricitabine/Tenofovir Disoproxil Fumarate,Generic,200/300mg,Tablet - FDC,30,"1,542",8851.08,5.74,0.19,"Aurobindo Unit III, India",TRUE,9400,"$2,317.16 ",10.95
"83,768",101-CD-T30,FPQ-13554,SO-47630,DN-3561,"Congo, DRC",PMO - US,From RDC,N/A - From RDC,Air,1/15/2014,N/A - From RDC,30-May-14,19-May-14,26-Jun-14,ARV,Pediatric,SCMS from RDC,"Efavirenz 200mg, scored tablets, 90 Tabs",Efavirenz,Generic,200mg,Tablet,90,510,4743.00,9.3,0.1,"Strides, Bangalore, India.",FALSE,See DN-3561 (ID#:82654),null,4.88
"85,463",111-MZ-T30,FPQ-13123,SO-47085,DN-3652,Mozambique,PMO - US,From RDC,N/A - From RDC,Truck,10/21/2013,N/A - From RDC,16-Jun-14,23-May-14,13-Jun-14,ARV,Adult,SCMS from RDC,"Lamivudine/Nevirapine/Zidovudine 150/200/300mg, tablets, 60 Tabs",Lamivudine/Nevirapine/Zidovudine,Generic,150/300/200mg,Tablet - FDC,60,"100,000",811000.00,8.11,0.14,Hetero Unit III Hyderabad IN,TRUE,48109,"$30,202.86 ",833.71
"84,337",101-CD-T30,FPQ-13554,SO-47630,DN-3561,"Congo, DRC",PMO - US,From RDC,N/A - From RDC,Air,1/15/2014,N/A - From RDC,30-May-14,19-May-14,26-Jun-14,ARV,Pediatric,SCMS from RDC,"Nevirapine 10mg/ml, oral suspension w/syringe, Bottle, 240 ml",Nevirapine,Generic,10mg/ml,Oral suspension,240,440,818.40,1.86,0.01,"Aurobindo Unit III, India",FALSE,See DN-3561 (ID#:82654),null,0.84
"85,465",104-CI-T30,FPQ-12800,SO-46401,DN-3653,Côte d'Ivoire,PMO - US,From RDC,N/A - From RDC,Air,08-09-13,N/A - From RDC,30-Apr-14,12-May-14,30-Jun-14,ARV,Adult,SCMS from RDC,"Lamivudine/Nevirapine/Zidovudine 150/200/300mg, tablets, 60 Tabs",Lamivudine/Nevirapine/Zidovudine,Generic,150/300/200mg,Tablet - FDC,60,"24,765",200844.15,8.11,0.14,"Strides, Bangalore, India.",TRUE,2666,"$11,186.09 ",248.44
"84,899",101-CD-T30,FPQ-13554,SO-47630,DN-3561,"Congo, DRC",PMO - US,From RDC,N/A - From RDC,Air,1/15/2014,N/A - From RDC,30-May-14,19-May-14,26-Jun-14,ARV,Adult,SCMS from RDC,"Lamivudine/Zidovudine 150/300mg, tablets, 60 Tabs",Lamivudine/Zidovudine,Generic,150/300mg,Tablet - FDC,60,"2,723",18325.79,6.73,0.11,Mylan (formerly Matrix) Nashik,FALSE,See DN-3561 (ID#:82654),null,18.84
"84,900",101-CD-T30,FPQ-13554,SO-47630,DN-3561,"Congo, DRC",PMO - US,From RDC,N/A - From RDC,Air,1/15/2014,N/A - From RDC,30-May-14,19-May-14,26-Jun-14,ARV,Adult,SCMS from RDC,"Lopinavir/Ritonavir 200/50mg, tablets, 120 Tabs",Lopinavir/Ritonavir,Generic,200/50mg,Tablet,120,777,15912.96,20.48,0.17,Mylan (formerly Matrix) Nashik,FALSE,See DN-3561 (ID#:82654),null,16.36
"85,468",114-UG-T30,FPQ-13108,SO-46873,DN-3661,Uganda,PMO - US,From RDC,N/A - From RDC,Truck,10/16/2013,N/A - From RDC,20-May-14,08-May-14,13-Jun-14,ARV,Adult,SCMS from RDC,"Lamivudine/Zidovudine 150/300mg, tablets, 60 Tabs",Lamivudine/Zidovudine,Generic,150/300mg,Tablet - FDC,60,"114,630",771459.90,6.73,0.11,Hetero Unit III Hyderabad IN,TRUE,10166,"$4,909.97 ",793.06
"85,472",109-TZ-T30,FPQ-13566,SO-47651,DN-3674,Tanzania,PMO - US,From RDC,N/A - From RDC,Truck,1/15/2014,N/A - From RDC,30-Jun-14,24-Jun-14,21-Aug-14,ARV,Adult,SCMS from RDC,"Efavirenz/Emtricitabine/Tenofovir Disoproxil Fumarate 600/200/300mg, tablets, 30 Tabs",Efavirenz/Emtricitabine/Tenofovir Disoproxil Fumarate,Generic,600/200/300mg,Tablet - FDC,30,"50,000",594500.00,11.89,0.4,"Cipla, Goa, India",TRUE,5446,"$27,804.65 ",611.15
"84,901",101-CD-T30,FPQ-13554,SO-47630,DN-3561,"Congo, DRC",PMO - US,From RDC,N/A - From RDC,Air,1/15/2014,N/A - From RDC,30-May-14,19-May-14,26-Jun-14,ARV,Pediatric,SCMS from RDC,"Nevirapine 10mg/ml, oral suspension w/syringe, Bottle, 240 ml",Nevirapine,Generic,10mg/ml,Oral suspension,240,630,1171.80,1.86,0.01,"Aurobindo Unit III, India",FALSE,See DN-3561 (ID#:82654),null,1.2
"85,474",109-TZ-T30,FPQ-12354,SO-45743,DN-3688,Tanzania,PMO - US,From RDC,N/A - From RDC,Truck,5/16/2013,N/A - From RDC,01-Jun-14,05-Jun-14,12-Jun-14,ARV,Adult,SCMS from RDC,"Efavirenz/Lamivudine/Tenofovir Disoproxil Fumarate 600/300/300mg, tablets, 30 Tabs",Efavirenz/Lamivudine/Tenofovir Disoproxil Fumarate,Generic,600/300/300mg,Tablet - FDC,30,"151,208",1590708.16,10.52,0.35,Hetero Unit III Hyderabad IN,TRUE,20501,"$13,765.17 ","1,967.71"
"85,475",111-MZ-T30,FPQ-13123,SO-47091,DN-3696,Mozambique,PMO - US,From RDC,N/A - From RDC,Truck,10/21/2013,N/A - From RDC,31-Jul-14,05-Sep-14,08-Sep-14,ARV,Adult,SCMS from RDC,"Lopinavir/Ritonavir 200/50mg [Aluvia], tablets, 120 Tabs",Lopinavir/Ritonavir,Aluvia,200/50mg,Tablet,120,"12,800",241920.00,18.9,0.16,ABBVIE Ludwigshafen Germany,TRUE,2844,"$4,853.84 ",248.69
"86,051",101-CD-T30,FPQ-13554,SO-47630,DN-3561,"Congo, DRC",PMO - US,From RDC,N/A - From RDC,Air,1/15/2014,N/A - From RDC,30-May-14,19-May-14,26-Jun-14,ARV,Adult,SCMS from RDC,"Lamivudine 150mg, tablets, 60 Tabs",Lamivudine,Generic,150mg,Tablet,60,960,2140.80,2.23,0.04,"Micro labs, Verna, Goa, India",FALSE,See DN-3561 (ID#:82654),null,2.2
"85,477",151-NG-T30,FPQ-13293,SO-47284,DN-3719,Nigeria,PMO - US,From RDC,N/A - From RDC,Air Charter,11/19/2013,N/A - From RDC,30-Jun-14,09-May-14,23-May-14,ARV,Pediatric,SCMS from RDC,"Lamivudine/Nevirapine/Zidovudine 30/50/60mg, dispersible tablets, 60 Tabs",Lamivudine/Nevirapine/Zidovudine,Generic,30/50/60mg,Chewable/dispersible tablet - FDC,60,"85,800",321750.00,3.75,0.06,Mylan (formerly Matrix) Nashik,TRUE,5605,"$45,180.63 ",330.76
"85,478",104-CI-T30,FPQ-13142,SO-47152,DN-3731,Côte d'Ivoire,PMO - US,From RDC,N/A - From RDC,Truck,10/22/2013,N/A - From RDC,16-Jun-14,16-Jun-14,10-Jul-14,ARV,Adult,SCMS from RDC,"Lamivudine/Nevirapine/Zidovudine 150/200/300mg, tablets, 60 Tabs",Lamivudine/Nevirapine/Zidovudine,Generic,150/300/200mg,Tablet - FDC,60,"24,765",200844.15,8.11,0.14,"Strides, Bangalore, India.",TRUE,2751,"$11,438.93 ",206.47
"85,480",114-UG-T30,FPQ-13108,SO-46871,DN-3736,Uganda,PMO - US,From RDC,N/A - From RDC,Truck,10/16/2013,N/A - From RDC,30-Jun-14,30-Jun-14,01-Jul-14,ARV,Adult,SCMS from RDC,"Lamivudine/Nevirapine/Zidovudine 150/200/300mg, tablets, 60 Tabs",Lamivudine/Nevirapine/Zidovudine,Generic,150/300/200mg,Tablet - FDC,60,"212,934",1758834.84,8.26,0.14,Hetero Unit III Hyderabad IN,TRUE,27953,"$19,248.70 ","1,808.08"
"86,052",101-CD-T30,FPQ-13554,SO-47630,DN-3561,"Congo, DRC",PMO - US,From RDC,N/A - From RDC,Air,1/15/2014,N/A - From RDC,30-May-14,19-May-14,26-Jun-14,ARV,Adult,SCMS from RDC,"Efavirenz/Lamivudine/Tenofovir Disoproxil Fumarate 600/300/300mg, tablets, 30 Tabs",Efavirenz/Lamivudine/Tenofovir Disoproxil Fumarate,Generic,600/300/300mg,Tablet - FDC,30,"4,290",46632.30,10.87,0.36,Hetero Unit III Hyderabad IN,FALSE,See DN-3561 (ID#:82654),null,47.94
"85,483",111-MZ-T30,FPQ-13575,SO-47702,DN-3744,Mozambique,PMO - US,From RDC,N/A - From RDC,Truck,1/17/2014,N/A - From RDC,31-Aug-14,18-Jul-14,07-Aug-14,ARV,Adult,SCMS from RDC,"Efavirenz/Lamivudine/Tenofovir Disoproxil Fumarate 600/300/300mg, tablets, 30 Tabs",Efavirenz/Lamivudine/Tenofovir Disoproxil Fumarate,Generic,600/300/300mg,Tablet - FDC,30,"165,917",1788585.26,10.78,0.36,Hetero Unit III Hyderabad IN,TRUE,45740,"$31,113.19 ","1,838.67"
"86,657",101-CD-T30,FPQ-13554,SO-47630,DN-3561,"Congo, DRC",PMO - US,From RDC,N/A - From RDC,Air,1/15/2014,N/A - From RDC,30-May-14,19-May-14,26-Jun-14,ARV,Adult,SCMS from RDC,"Efavirenz 600mg, tablets, 30 Tabs",Efavirenz,Generic,600mg,Tablet,30,"2,827",9413.91,3.33,0.11,"Strides, Bangalore, India.",FALSE,See DN-3561 (ID#:82654),null,9.68
"85,490",104-CI-T30,FPQ-13509,SO-47550,DN-3898,Côte d'Ivoire,PMO - US,From RDC,N/A - From RDC,Truck,12/24/2013,N/A - From RDC,30-Sep-14,08-Sep-14,19-Sep-14,ARV,Pediatric,SCMS from RDC,"Zidovudine 10mg/ml, oral solution w/syringe, Bottle, 240 ml",Zidovudine,Generic,10mg/ml,Oral solution,240,"3,393",7125.30,2.1,0.01,"Cipla, Goa, India",TRUE,1273,"$4,783.36 ",7.32
"85,491",104-CI-T30,FPQ-13691,SO-47920,DN-3899,Côte d'Ivoire,PMO - US,From RDC,N/A - From RDC,Air,02-07-14,N/A - From RDC,30-Sep-14,08-Sep-14,19-Sep-14,ARV,Pediatric,SCMS from RDC,"Zidovudine 10mg/ml, oral solution w/syringe, Bottle, 240 ml",Zidovudine,Generic,10mg/ml,Oral solution,240,"7,000",14700.00,2.1,0.01,"Cipla, Goa, India",TRUE,2625,"$9,868.54 ",15.11
"85,492",111-MZ-T30,FPQ-13124,SO-47055,DN-3873,Mozambique,PMO - US,From RDC,N/A - From RDC,Truck,10/21/2013,N/A - From RDC,01-Feb-15,13-Jan-15,21-Jan-15,ARV,Adult,SCMS from RDC,"Lamivudine/Zidovudine 150/300mg, tablets, 60 Tabs",Lamivudine/Zidovudine,Generic,150/300mg,Tablet - FDC,60,"26,512",172858.24,6.52,0.11,"Aurobindo Unit III, India",TRUE,2381,"$5,073.25 ",177.7
"86,054",100-ZM-T30,FPQ-12497,SO-45940,DN-3565,Zambia,PMO - US,From RDC,N/A - From RDC,Truck,6/20/2013,N/A - From RDC,25-Mar-14,25-Mar-14,04-Apr-14,ARV,Adult,SCMS from RDC,"Lamivudine 150mg, tablets, 60 Tabs",Lamivudine,Generic,150mg,Tablet,60,"10,000",22300.00,2.23,0.04,"Aurobindo Unit III, India",FALSE,See DN-3565 (ID#:84903),null,27.59
"84,904",104-CI-T30,FPQ-12800,SO-46361,DN-3567,Côte d'Ivoire,PMO - US,From RDC,N/A - From RDC,Air,08-09-13,N/A - From RDC,28-Mar-14,26-Mar-14,28-Apr-14,ARV,Pediatric,SCMS from RDC,"Lamivudine 10mg/ml, oral solution w/syringe, Bottle, 240 ml",Lamivudine,Generic,10mg/ml,Oral solution,240,"13,000",18590.00,1.43,0.01,"Aurobindo Unit III, India",FALSE,See DN-3567 (ID#:84342),null,23
"85,496",151-NG-T30,FPQ-13293,SO-47285,DN-3791,Nigeria,PMO - US,From RDC,N/A - From RDC,Air Charter,11/19/2013,N/A - From RDC,30-Jun-14,20-Jun-14,25-Jun-14,ARV,Adult,SCMS from RDC,"Abacavir/Lamivudine 600/300mg, tablets, 30 Tabs",Abacavir/Lamivudine,Generic,600/300mg,Tablet - FDC,30,"19,573",264626.96,13.52,0.45,"Cipla, Patalganga, India",TRUE,1947,"$28,812.57 ",272.04
"86,056",104-CI-T30,FPQ-12800,SO-46400,DN-3568,Côte d'Ivoire,PMO - US,From RDC,N/A - From RDC,Truck,08-09-13,N/A - From RDC,28-Mar-14,11-Apr-14,28-Apr-14,ARV,Adult,SCMS from RDC,"Lamivudine/Nevirapine/Zidovudine 150/200/300mg, tablets, 60 Tabs",Lamivudine/Nevirapine/Zidovudine,Generic,150/300/200mg,Tablet - FDC,60,"100,000",826000.00,8.26,0.14,"Aurobindo Unit III, India",FALSE,See DN-3568 (ID#:82655),null,"1,021.76"
"85,499",102-BI-T30,FPQ-14112,SO-48600,DN-3797,Burundi,PMO - US,From RDC,N/A - From RDC,Air,4/18/2014,N/A - From RDC,30-Aug-14,05-Sep-14,18-Sep-14,ARV,Adult,SCMS from RDC,"Lopinavir/Ritonavir 200/50mg, tablets, 120 Tabs",Lopinavir/Ritonavir,Generic,200/50mg,Tablet,120,200,4008.00,20.04,0.17,Mylan (formerly Matrix) Nashik,TRUE,53,"$1,621.53 ",4.12
"85,500",107-RW-T30,FPQ-14111,SO-48771,DN-3802,Rwanda,PMO - US,From RDC,N/A - From RDC,Truck,4/22/2014,N/A - From RDC,30-Sep-14,16-Jul-14,21-Jul-14,ARV,Pediatric,SCMS from RDC,"Abacavir/Lamivudine 60/30mg, tablets, 60 Tabs",Abacavir/Lamivudine,Generic,60/30mg,Tablet - FDC,60,"1,419",6385.50,4.5,0.08,"Aurobindo Unit III, India",TRUE,71,$961.06 ,6.56
"85,446",105-GH-T30,FPQ-13609,SO-47940,DN-3576,Ghana,PMO - US,From RDC,N/A - From RDC,Truck,2/19/2014,N/A - From RDC,20-Mar-14,14-Mar-14,25-Apr-14,ARV,Adult,SCMS from RDC,"Efavirenz 600mg, tablets, 30 Tabs",Efavirenz,Generic,600mg,Tablet,30,"24,996",83236.68,3.33,0.11,"Strides, Bangalore, India.",FALSE,See DN-3576 (ID#:83216),null,85.57
"85,447",105-GH-T30,FPQ-13609,SO-47940,DN-3576,Ghana,PMO - US,From RDC,N/A - From RDC,Truck,2/19/2014,N/A - From RDC,20-Mar-14,14-Mar-14,25-Apr-14,ARV,Adult,SCMS from RDC,"Efavirenz/Lamivudine/Tenofovir Disoproxil Fumarate 600/300/300mg, tablets, 30 Tabs",Efavirenz/Lamivudine/Tenofovir Disoproxil Fumarate,Generic,600/300/300mg,Tablet - FDC,30,"47,158",512607.46,10.87,0.36,Mylan (formerly Matrix) Nashik,FALSE,See DN-3576 (ID#:83216),null,526.96
"85,503",109-TZ-T30,FPQ-13042,SO-46675,DN-3812,Tanzania,PMO - US,From RDC,N/A - From RDC,Truck,10-01-13,N/A - From RDC,29-Aug-14,23-Sep-14,24-Nov-14,ARV,Pediatric,SCMS from RDC,"Lamivudine/Nevirapine/Zidovudine 30/50/60mg, dispersible tablets, 60 Tabs",Lamivudine/Nevirapine/Zidovudine,Generic,30/50/60mg,Chewable/dispersible tablet - FDC,60,"17,000",63410.00,3.73,0.06,Mylan (formerly Matrix) Nashik,TRUE,931,"$6,002 ",78.44
"85,504",105-GY-T30,FPQ-13567,SO-47741,DN-3816,Guyana,PMO - US,From RDC,N/A - From RDC,Air,1/16/2014,N/A - From RDC,21-Jul-14,25-Aug-14,08-Sep-14,ARV,Adult,SCMS from RDC,"Emtricitabine/Tenofovir Disoproxil Fumarate 200/300mg, tablets, 30 Tabs",Emtricitabine/Tenofovir Disoproxil Fumarate,Generic,200/300mg,Tablet - FDC,30,"2,158",12386.92,5.74,0.19,"Aurobindo Unit III, India",TRUE,196,"$3,009.33 ",12.73
"85,505",111-MZ-T30,FPQ-14226,SO-48881,DN-3818,Mozambique,PMO - US,From RDC,N/A - From RDC,Truck,05-02-14,N/A - From RDC,31-Dec-14,15-Aug-14,25-Aug-14,ARV,Adult,SCMS from RDC,"Lamivudine/Nevirapine/Stavudine 150/200/30mg, tablets, 60 Tabs",Lamivudine/Nevirapine/Stavudine,Generic,150/200/30mg,Tablet - FDC,60,"5,768",24917.76,4.32,0.07,Hetero Unit III Hyderabad IN,TRUE,592,$598.91 ,25.62
"85,506",110-ZM-T30,FPQ-13692,SO-48000,DN-3819,Zambia,PMO - US,From RDC,N/A - From RDC,Truck,02-06-14,N/A - From RDC,31-Jul-14,23-Jul-14,28-Aug-14,ARV,Adult,SCMS from RDC,"Efavirenz/Lamivudine/Tenofovir Disoproxil Fumarate 600/300/300mg, tablets, 30 Tabs",Efavirenz/Lamivudine/Tenofovir Disoproxil Fumarate,Generic,600/300/300mg,Tablet - FDC,30,"352,500",3799950.00,10.78,0.36,Hetero Unit III Hyderabad IN,TRUE,82137,"$67,855.39 ","3,906.35"
"83,218",107-RW-T30,FPQ-12766,SO-46480,DN-3579,Rwanda,PMO - US,From RDC,N/A - From RDC,Truck,08-02-13,N/A - From RDC,28-Mar-14,02-Apr-14,14-Apr-14,ARV,Adult,SCMS from RDC,"Lamivudine/Tenofovir Disoproxil Fumarate 300/300mg, tablets, 30 Tabs",Lamivudine/Tenofovir Disoproxil Fumarate,Generic,300/300mg,Tablet - FDC,30,"68,517",322029.90,4.7,0.16,"Aurobindo Unit VII, IN",FALSE,See DN-3579 (ID#:83217),null,398.35
"84,344",107-RW-T30,FPQ-12766,SO-46480,DN-3579,Rwanda,PMO - US,From RDC,N/A - From RDC,Truck,08-02-13,N/A - From RDC,28-Mar-14,02-Apr-14,14-Apr-14,ARV,Adult,SCMS from RDC,"Lamivudine/Nevirapine/Zidovudine 150/200/300mg, tablets, 60 Tabs",Lamivudine/Nevirapine/Zidovudine,Generic,150/300/200mg,Tablet - FDC,60,"49,998",412983.48,8.26,0.14,"Aurobindo Unit III, India",FALSE,See DN-3579 (ID#:83217),null,510.86
"85,448",107-RW-T30,FPQ-12766,SO-46480,DN-3579,Rwanda,PMO - US,From RDC,N/A - From RDC,Truck,08-02-13,N/A - From RDC,28-Mar-14,02-Apr-14,14-Apr-14,ARV,Adult,SCMS from RDC,"Lamivudine/Tenofovir Disoproxil Fumarate 300/300mg, tablets, 30 Tabs",Lamivudine/Tenofovir Disoproxil Fumarate,Generic,300/300mg,Tablet - FDC,30,"36,406",171108.20,4.7,0.16,Hetero Unit III Hyderabad IN,FALSE,See DN-3579 (ID#:83217),null,211.66
"85,637",104-CI-T30,FPQ-3964,SO-34501,DN-1543,Côte d'Ivoire,PMO - US,From RDC,N/A - From RDC,Air,7/24/2009,N/A - From RDC,01-Dec-09,02-Dec-09,02-Dec-09,ARV,Adult,SCMS from RDC,"Zidovudine 300mg, tablets, 60 Tabs",Zidovudine,Generic,300mg,Tablet,60,"8,430",63477.90,7.53,0.13,"Aurobindo Unit III, India",TRUE,546,"$1,211.48 ",124.42
"85,510",111-MZ-T30,FPQ-12416,SO-45899,DN-3829,Mozambique,PMO - US,From RDC,N/A - From RDC,Truck,6/28/2013,N/A - From RDC,29-Aug-14,30-Oct-14,13-Nov-14,ARV,Adult,SCMS from RDC,"Lamivudine/Zidovudine 150/300mg, tablets, 60 Tabs",Lamivudine/Zidovudine,Generic,150/300mg,Tablet - FDC,60,"9,784",63791.68,6.52,0.11,"Aurobindo Unit III, India",TRUE,884,$684.86 ,78.91
"84,345",111-MZ-T30,FPQ-13123,SO-47083,DN-3580,Mozambique,PMO - US,From RDC,N/A - From RDC,Truck,10/21/2013,N/A - From RDC,15-Apr-14,14-Apr-14,17-Apr-14,ARV,Adult,SCMS from RDC,"Lamivudine/Nevirapine/Zidovudine 150/200/300mg, tablets, 60 Tabs",Lamivudine/Nevirapine/Zidovudine,Generic,150/300/200mg,Tablet - FDC,60,"54,997",454275.22,8.26,0.14,"Aurobindo Unit III, India",FALSE,See DN-3580 (ID#:83772),null,466.99
"85,518",111-MZ-T30,FPQ-13124,SO-47053,DN-3864,Mozambique,PMO - US,From RDC,N/A - From RDC,Truck,10/21/2013,N/A - From RDC,29-Aug-14,27-Oct-14,07-Nov-14,ARV,Adult,SCMS from RDC,"Lamivudine/Zidovudine 150/300mg, tablets, 60 Tabs",Lamivudine/Zidovudine,Generic,150/300mg,Tablet - FDC,60,"15,000",97800.00,6.52,0.11,"Aurobindo Unit III, India",TRUE,15659,"$10,925.34 ",100.54
"85,519",111-MZ-T30,FPQ-13394,SO-47462,DN-3866,Mozambique,PMO - US,From RDC,N/A - From RDC,Truck,12-09-13,N/A - From RDC,29-Aug-14,27-Oct-14,07-Nov-14,ARV,Adult,SCMS from RDC,"Lamivudine/Nevirapine/Zidovudine 150/200/300mg, tablets, 60 Tabs",Lamivudine/Nevirapine/Zidovudine,Generic,150/300/200mg,Tablet - FDC,60,"33,922",275107.42,8.11,0.14,"Cipla, Goa, India",TRUE,16611,"$11,223.80 ",282.81
"85,520",109-TZ-T30,FPQ-13042,SO-46702,DN-3868,Tanzania,PMO - US,From RDC,N/A - From RDC,Truck,10-01-13,N/A - From RDC,29-Aug-14,29-Sep-14,06-Oct-14,ARV,Pediatric,SCMS from RDC,"Lamivudine/Nevirapine/Zidovudine 30/50/60mg, dispersible tablets, 60 Tabs",Lamivudine/Nevirapine/Zidovudine,Generic,30/50/60mg,Chewable/dispersible tablet - FDC,60,"57,859",215814.07,3.73,0.06,Mylan (formerly Matrix) Nashik,TRUE,3090,"$17,858.30 ",266.96
"84,346",111-MZ-T30,FPQ-13123,SO-47083,DN-3580,Mozambique,PMO - US,From RDC,N/A - From RDC,Truck,10/21/2013,N/A - From RDC,15-Apr-14,14-Apr-14,17-Apr-14,ARV,Adult,SCMS from RDC,"Efavirenz/Lamivudine/Tenofovir Disoproxil Fumarate 600/300/300mg, tablets, 30 Tabs",Efavirenz/Lamivudine/Tenofovir Disoproxil Fumarate,Generic,600/300/300mg,Tablet - FDC,30,"4,629",51613.35,11.15,0.37,"Aurobindo Unit VII, IN",FALSE,See DN-3580 (ID#:83772),null,53.06
"85,449",111-MZ-T30,FPQ-13123,SO-47083,DN-3580,Mozambique,PMO - US,From RDC,N/A - From RDC,Truck,10/21/2013,N/A - From RDC,15-Apr-14,14-Apr-14,17-Apr-14,ARV,Adult,SCMS from RDC,"Lamivudine/Nevirapine/Zidovudine 150/200/300mg, tablets, 60 Tabs",Lamivudine/Nevirapine/Zidovudine,Generic,150/300/200mg,Tablet - FDC,60,95,784.70,8.26,0.14,Mylan (formerly Matrix) Nashik,FALSE,See DN-3580 (ID#:83772),null,0.81
"85,527",109-TZ-T30,FPQ-13042,SO-47960,DN-3926,Tanzania,PMO - US,From RDC,N/A - From RDC,Truck,10-01-13,N/A - From RDC,03-Nov-14,28-Oct-14,31-Oct-14,ARV,Adult,SCMS from RDC,"Abacavir 300mg, tablets, 60 Tabs",Abacavir,Generic,300mg,Tablet,60,"2,469",27726.87,11.23,0.19,Mylan (formerly Matrix) Nashik,TRUE,230,"$1,163.20 ",34.3
"86,660",111-MZ-T30,FPQ-13123,SO-47083,DN-3580,Mozambique,PMO - US,From RDC,N/A - From RDC,Truck,10/21/2013,N/A - From RDC,15-Apr-14,14-Apr-14,17-Apr-14,ARV,Adult,SCMS from RDC,"Efavirenz 600mg, tablets, 30 Tabs",Efavirenz,Generic,600mg,Tablet,30,"43,000",143190.00,3.33,0.11,"Cipla, Goa, India",FALSE,See DN-3580 (ID#:83772),null,147.2
"85,529",109-TZ-T30,FPQ-13566,SO-47650,DN-3933,Tanzania,PMO - US,From RDC,N/A - From RDC,Truck,1/15/2014,N/A - From RDC,03-Nov-14,17-Oct-14,07-Nov-14,ARV,Adult,SCMS from RDC,"Efavirenz/Emtricitabine/Tenofovir Disoproxil Fumarate 600/200/300mg, tablets, 30 Tabs",Efavirenz/Emtricitabine/Tenofovir Disoproxil Fumarate,Generic,600/200/300mg,Tablet - FDC,30,"17,851",212248.39,11.89,0.4,"Cipla, Goa, India",TRUE,2117,"$1,663.18 ",218.19
"85,530",114-UG-T30,FPQ-14396,SO-48960,DN-3936,Uganda,PMO - US,From RDC,N/A - From RDC,Air,06-04-14,N/A - From RDC,30-Sep-14,01-Oct-14,21-Oct-14,ARV,Adult,SCMS from RDC,"Abacavir/Lamivudine 600/300mg, tablets, 30 Tabs",Abacavir/Lamivudine,Generic,600/300mg,Tablet - FDC,30,"3,273",44250.96,13.52,0.45,"Cipla, Patalganga, India",TRUE,389,"$2,786.61 ",45.49
"85,531",901-NA-T30,FPQ-14742,SO-49520,DN-3923,Namibia,PMO - US,From RDC,N/A - From RDC,Air,7/30/2014,N/A - From RDC,08-Oct-14,21-Oct-14,22-Oct-14,ARV,Adult,SCMS from RDC,"Efavirenz/Emtricitabine/Tenofovir Disoproxil Fumarate 600/200/300mg, tablets, 30 Tabs",Efavirenz/Emtricitabine/Tenofovir Disoproxil Fumarate,Generic,600/200/300mg,Tablet - FDC,30,"54,147",643807.83,11.89,0.4,"Cipla, Goa, India",TRUE,6425,"$35,476 ",661.83
"85,534",109-TZ-T30,FPQ-13566,SO-47655,DN-3964,Tanzania,PMO - US,From RDC,N/A - From RDC,Truck,1/15/2014,N/A - From RDC,28-Nov-14,19-Nov-14,20-Nov-14,ARV,Pediatric,SCMS from RDC,"Lamivudine/Zidovudine 30/60mg, dispersible tablets, 60 Tabs",Lamivudine/Zidovudine,Generic,30/60mg,Chewable/dispersible tablet - FDC,60,"34,374",73904.10,2.15,0.04,"Cipla, Goa, India",TRUE,2346,"$1,462.81 ",75.97
"85,536",110-ZM-T30,FPQ-14162,SO-48681,DN-3984,Zambia,PMO - US,From RDC,N/A - From RDC,Truck,4/24/2014,N/A - From RDC,30-Jan-15,19-Feb-15,20-Feb-15,ARV,Adult,SCMS from RDC,"Nevirapine 200mg, tablets, 60 Tabs",Nevirapine,Generic,200mg,Tablet,60,"41,768",92307.28,2.21,0.04,"Strides, Bangalore, India.",TRUE,2599,"$3,427.33 ",94.89
"86,661",111-MZ-T30,FPQ-13123,SO-47083,DN-3580,Mozambique,PMO - US,From RDC,N/A - From RDC,Truck,10/21/2013,N/A - From RDC,15-Apr-14,14-Apr-14,17-Apr-14,ARV,Pediatric,SCMS from RDC,"Nevirapine 10mg/ml, oral suspension w/syringe, Bottle, 240 ml",Nevirapine,Generic,10mg/ml,Oral suspension,240,"4,584",8526.24,1.86,0.01,"Aurobindo Unit III, India",FALSE,See DN-3580 (ID#:83772),null,8.76
"85,541",114-UG-T30,FPQ-14396,SO-49020,DN-4007,Uganda,PMO - US,From RDC,N/A - From RDC,Truck,06-04-14,N/A - From RDC,31-Oct-14,25-Nov-14,28-Nov-14,ARV,Adult,SCMS from RDC,"Abacavir/Lamivudine 600/300mg, tablets, 30 Tabs",Abacavir/Lamivudine,Generic,600/300mg,Tablet - FDC,30,"5,403",73048.56,13.52,0.45,Mylan (formerly Matrix) Nashik,TRUE,490,"$2,016.10 ",75.09
"83,220",103-SS-T30,FPQ-13173,SO-47100,DN-3581,South Sudan,PMO - US,From RDC,N/A - From RDC,Air,10/28/2013,N/A - From RDC,31-Mar-14,21-Mar-14,26-Mar-14,ARV,Adult,SCMS from RDC,"Efavirenz/Lamivudine/Tenofovir Disoproxil Fumarate 600/300/300mg, tablets, 30 Tabs",Efavirenz/Lamivudine/Tenofovir Disoproxil Fumarate,Generic,600/300/300mg,Tablet - FDC,30,"1,278",13891.86,10.87,0.36,Mylan (formerly Matrix) Nashik,FALSE,See DN-3581 (ID#:83219),null,14.28
"83,221",103-SS-T30,FPQ-13173,SO-47100,DN-3581,South Sudan,PMO - US,From RDC,N/A - From RDC,Air,10/28/2013,N/A - From RDC,31-Mar-14,21-Mar-14,26-Mar-14,ARV,Pediatric,SCMS from RDC,"Lamivudine/Nevirapine/Zidovudine 30/50/60mg, dispersible tablets, 60 Tabs",Lamivudine/Nevirapine/Zidovudine,Generic,30/50/60mg,Chewable/dispersible tablet - FDC,60,549,2058.75,3.75,0.06,Mylan (formerly Matrix) Nashik,FALSE,See DN-3581 (ID#:83219),null,2.12
"84,347",103-SS-T30,FPQ-13173,SO-47100,DN-3581,South Sudan,PMO - US,From RDC,N/A - From RDC,Air,10/28/2013,N/A - From RDC,31-Mar-14,21-Mar-14,26-Mar-14,ARV,Adult,SCMS from RDC,"Lopinavir/Ritonavir 200/50mg, tablets, 120 Tabs",Lopinavir/Ritonavir,Generic,200/50mg,Tablet,120,507,10175.49,20.07,0.17,"Aurobindo Unit III, India",FALSE,See DN-3581 (ID#:83219),null,10.46
"84,905",103-SS-T30,FPQ-13173,SO-47100,DN-3581,South Sudan,PMO - US,From RDC,N/A - From RDC,Air,10/28/2013,N/A - From RDC,31-Mar-14,21-Mar-14,26-Mar-14,ARV,Adult,SCMS from RDC,"Lamivudine/Zidovudine 150/300mg, tablets, 60 Tabs",Lamivudine/Zidovudine,Generic,150/300mg,Tablet - FDC,60,"1,702",11454.46,6.73,0.11,"Cipla, Goa, India",FALSE,See DN-3581 (ID#:83219),null,11.78
"85,555",102-ZW-T30,FPQ-13991,SO-48490,DN-4113,Zimbabwe,PMO - US,From RDC,N/A - From RDC,Truck,04-01-14,N/A - From RDC,16-Feb-15,04-Feb-15,16-Feb-15,ARV,Adult,SCMS from RDC,"Abacavir/Lamivudine 600/300mg, tablets, 30 Tabs",Abacavir/Lamivudine,Generic,600/300mg,Tablet - FDC,30,"19,913",268626.37,13.49,0.45,"Cipla, Patalganga, India",TRUE,1828,"$1,955.17 ",276.15
"85,556",103-ZW-T30,FPQ-13967,SO-48460,DN-4114,Zimbabwe,PMO - US,From RDC,N/A - From RDC,Truck,04-02-14,N/A - From RDC,16-Feb-15,04-Feb-15,16-Feb-15,ARV,Pediatric,SCMS from RDC,"Efavirenz 200mg, capsule, 90 Caps",Efavirenz,Generic,200mg,Capsule,90,"3,969",17542.98,4.42,0.05,"Micro labs, Verna, Goa, India",TRUE,561,$251.42 ,18.03
"83,773",109-TZ-T30,FPQ-12587,SO-46002,DN-3582,Tanzania,PMO - US,From RDC,N/A - From RDC,Truck,07-04-13,N/A - From RDC,30-Apr-14,02-May-14,07-May-14,ARV,Pediatric,SCMS from RDC,"Lamivudine/Nevirapine/Zidovudine 30/50/60mg, dispersible tablets, 60 Tabs",Lamivudine/Nevirapine/Zidovudine,Generic,30/50/60mg,Chewable/dispersible tablet - FDC,60,"43,460",162975.00,3.75,0.06,Mylan (formerly Matrix) Nashik,FALSE,See DN-3582 (ID#:82656),null,201.6
"83,774",105-GY-T30,FPQ-13071,SO-46800,DN-3585,Guyana,PMO - US,From RDC,N/A - From RDC,Air,10-09-13,N/A - From RDC,31-Mar-14,03-Apr-14,06-Jun-14,ARV,Adult,SCMS from RDC,"Lamivudine 150mg, tablets, 60 Tabs",Lamivudine,Generic,150mg,Tablet,60,188,374.12,1.99,0.03,"Aurobindo Unit III, India",FALSE,See DN-3585 (ID#:83223),null,0.38
"85,559",103-ZW-T30,FPQ-13967,SO-48432,DN-4116,Zimbabwe,PMO - US,From RDC,N/A - From RDC,Truck,04-02-14,N/A - From RDC,16-Feb-15,04-Feb-15,16-Feb-15,ARV,Pediatric,SCMS from RDC,"Lamivudine/Nevirapine/Zidovudine 30/50/60mg, dispersible tablets, 60 Tabs",Lamivudine/Nevirapine/Zidovudine,Generic,30/50/60mg,Chewable/dispersible tablet - FDC,60,"203,160",761850.00,3.75,0.06,Mylan (formerly Matrix) Nashik,TRUE,11353,"$12,654.78 ",783.18
"84,348",105-GY-T30,FPQ-13071,SO-46800,DN-3585,Guyana,PMO - US,From RDC,N/A - From RDC,Air,10-09-13,N/A - From RDC,31-Mar-14,03-Apr-14,06-Jun-14,ARV,Adult,SCMS from RDC,"Lamivudine/Zidovudine 150/300mg, tablets, 60 Tabs",Lamivudine/Zidovudine,Generic,150/300mg,Tablet - FDC,60,287,2009.00,7,0.12,Mylan (formerly Matrix) Nashik,FALSE,See DN-3585 (ID#:83223),null,2.07
"85,561",151-NG-T30,FPQ-14156,SO-48890,DN-4121,Nigeria,PMO - US,From RDC,N/A - From RDC,Air Charter,4/25/2014,N/A - From RDC,02-Mar-15,05-Feb-15,10-Feb-15,ARV,Adult,SCMS from RDC,"Lamivudine/Nevirapine/Zidovudine 150/200/300mg, tablets, 60 Tabs",Lamivudine/Nevirapine/Zidovudine,Generic,150/300/200mg,Tablet - FDC,60,"213,502",1648235.44,7.72,0.13,"Cipla, Goa, India",TRUE,31271,"$62,693.85 ","1,694.39"
"85,562",151-NG-T30,FPQ-14156,SO-50881,DN-4134,Nigeria,PMO - US,From RDC,N/A - From RDC,Air Charter,4/25/2014,N/A - From RDC,02-Mar-15,05-Feb-15,10-Feb-15,ARV,Adult,SCMS from RDC,"Zidovudine 300mg, tablets, 60 Tabs",Zidovudine,Generic,300mg,Tablet,60,"14,648",80564.00,5.5,0.09,"Cipla, Goa, India",TRUE,1023,"$2,244.20 ",82.82
"85,564",111-MZ-T30,FPQ-15195,SO-50131,DN-4152,Mozambique,PMO - US,From RDC,N/A - From RDC,Truck,10/17/2014,N/A - From RDC,31-Mar-15,10-Apr-15,20-Apr-15,ARV,Adult,SCMS from RDC,"Nevirapine 200mg, tablets, 60 Tabs",Nevirapine,Generic,200mg,Tablet,60,"1,400",3052.00,2.18,0.04,"Strides, Bangalore, India.",TRUE,4355,"$3,644.18 ",3.59
"85,565",113-ZW-T30,FPQ-14458,SO-49160,DN-4155,Zimbabwe,PMO - US,From RDC,N/A - From RDC,Truck,6/13/2014,N/A - From RDC,31-Mar-15,17-Mar-15,18-Mar-15,ARV,Adult,SCMS from RDC,"Efavirenz/Lamivudine/Tenofovir Disoproxil Fumarate 600/300/300mg, tablets, 30 Tabs",Efavirenz/Lamivudine/Tenofovir Disoproxil Fumarate,Generic,600/300/300mg,Tablet - FDC,30,"336,000",3225600.00,9.6,0.32,Mylan (formerly Matrix) Nashik,TRUE,37955,"$42,077.59 ","3,315.92"
"84,349",105-GY-T30,FPQ-13071,SO-46800,DN-3585,Guyana,PMO - US,From RDC,N/A - From RDC,Air,10-09-13,N/A - From RDC,31-Mar-14,03-Apr-14,06-Jun-14,ARV,Pediatric,SCMS from RDC,"Zidovudine 10mg/ml, oral solution w/syringe, Bottle, 240 ml",Zidovudine,Generic,10mg/ml,Oral solution,240,190,399.00,2.1,0.01,"Aurobindo Unit III, India",FALSE,See DN-3585 (ID#:83223),null,0.41
"84,906",105-GY-T30,FPQ-13071,SO-46800,DN-3585,Guyana,PMO - US,From RDC,N/A - From RDC,Air,10-09-13,N/A - From RDC,31-Mar-14,03-Apr-14,06-Jun-14,ARV,Pediatric,SCMS from RDC,"Efavirenz 200mg, scored tablets, 90 Tabs",Efavirenz,Generic,200mg,Tablet,90,48,446.40,9.3,0.1,"Strides, Bangalore, India.",FALSE,See DN-3585 (ID#:83223),null,0.46
"85,569",104-CI-T30,FPQ-14370,SO-49054,DN-4174,Côte d'Ivoire,PMO - US,From RDC,N/A - From RDC,Truck,5/23/2014,N/A - From RDC,31-Mar-15,26-Mar-15,30-Mar-15,ARV,Adult,SCMS from RDC,"Tenofovir Disoproxil Fumarate 300mg, tablets, 30 Tabs",Tenofovir Disoproxil Fumarate,Generic,300mg,Tablet,30,"1,764",6262.20,3.55,0.12,Mylan (formerly Matrix) Nashik,TRUE,110,$707.70 ,6.44
"84,907",105-GY-T30,FPQ-13071,SO-46800,DN-3585,Guyana,PMO - US,From RDC,N/A - From RDC,Air,10-09-13,N/A - From RDC,31-Mar-14,03-Apr-14,06-Jun-14,ARV,Adult,SCMS from RDC,"Zidovudine 300mg, tablets, 60 Tabs",Zidovudine,Generic,300mg,Tablet,60,803,5018.75,6.25,0.1,"Aurobindo Unit III, India",FALSE,See DN-3585 (ID#:83223),null,5.16
"86,060",105-GY-T30,FPQ-13071,SO-46800,DN-3585,Guyana,PMO - US,From RDC,N/A - From RDC,Air,10-09-13,N/A - From RDC,31-Mar-14,03-Apr-14,06-Jun-14,ARV,Adult,SCMS from RDC,"Lopinavir/Ritonavir 200/50mg, tablets, 120 Tabs",Lopinavir/Ritonavir,Generic,200/50mg,Tablet,120,"1,484",31164.00,21,0.18,"Aurobindo Unit III, India",FALSE,See DN-3585 (ID#:83223),null,32.04
"86,138",110-ZM-T30,FPQ-14162,SO-48670,DN-3937,Zambia,PMO - US,From RDC,N/A - From RDC,Truck,4/24/2014,N/A - From RDC,30-Sep-14,19-Sep-14,17-Oct-14,ARV,Adult,SCMS from RDC,"Nevirapine 200mg, tablets, 60 Tabs",Nevirapine,Generic,200mg,Tablet,60,"319,150",705321.50,2.21,0.04,Hetero Unit III Hyderabad IN,TRUE,19661,"$21,149.81 ",725.07
"85,573",151-NG-T30,FPQ-14766,SO-49700,DN-4186,Nigeria,PMO - US,From RDC,N/A - From RDC,Air Charter,8/13/2014,N/A - From RDC,15-Apr-15,18-Mar-15,20-Mar-15,ARV,Adult,SCMS from RDC,"Lopinavir/Ritonavir 200/50mg [Aluvia], tablets, 120 Tabs",Lopinavir/Ritonavir,Aluvia,200/50mg,Tablet,120,"41,943",781817.52,18.64,0.16,ABBVIE Ludwigshafen Germany,TRUE,10322,"$14,266.13 ",803.71
"85,574",151-NG-T30,FPQ-14766,SO-51091,DN-4188,Nigeria,PMO - US,From RDC,N/A - From RDC,Air Charter,8/13/2014,N/A - From RDC,30-Apr-15,20-Mar-15,30-Mar-15,ARV,Adult,SCMS from RDC,"Lamivudine/Nevirapine/Zidovudine 150/200/300mg, tablets, 60 Tabs",Lamivudine/Nevirapine/Zidovudine,Generic,150/300/200mg,Tablet - FDC,60,"156,995",1212001.40,7.72,0.13,"Strides, Bangalore, India.",TRUE,32219,"$50,569.84 ","1,245.94"
"83,775",106-HT-T30,FPQ-13608,SO-47690,DN-3586,Haiti,PMO - US,From RDC,N/A - From RDC,Air,1/22/2014,N/A - From RDC,30-Mar-14,24-Mar-14,06-May-14,ARV,Adult,SCMS from RDC,"Lopinavir/Ritonavir 200/50mg, tablets, 120 Tabs",Lopinavir/Ritonavir,Generic,200/50mg,Tablet,120,"2,000",40960.00,20.48,0.17,Mylan (formerly Matrix) Nashik,FALSE,See DN-3586 (ID#:83224),null,42.11
"85,577",104-SZ-T30,FPQ-15985,SO-51110,DN-4194,Swaziland,PMO - US,From RDC,N/A - From RDC,Truck,2/26/2015,N/A - From RDC,06-Apr-15,26-Mar-15,26-Mar-15,ARV,Adult,SCMS from RDC,"Efavirenz/Lamivudine/Tenofovir Disoproxil Fumarate 600/300/300mg, tablets, 30 Tabs",Efavirenz/Lamivudine/Tenofovir Disoproxil Fumarate,Generic,600/300/300mg,Tablet - FDC,30,"65,000",649350.00,9.99,0.33,Mylan (formerly Matrix) Nashik,TRUE,7403,"$4,971.05 ",764.28
"85,578",101-CD-T30,FPQ-15787,SO-50890,DN-4197,"Congo, DRC",PMO - US,From RDC,N/A - From RDC,Air,1/26/2015,N/A - From RDC,01-Jul-15,13-Jul-15,13-Jul-15,ARV,Pediatric,SCMS from RDC,"Efavirenz 200mg, scored tablets, 90 Tabs",Efavirenz,Generic,200mg,Tablet,90,300,2790.00,9.3,0.1,"Strides, Bangalore, India.",TRUE,266,"$4,147.79 ",3.28
"85,579",111-MZ-T30,FPQ-14843,SO-49720,DN-4193,Mozambique,PMO - US,From RDC,N/A - From RDC,Truck,8/21/2014,N/A - From RDC,15-May-15,15-May-15,15-May-15,ARV,Adult,SCMS from RDC,"Lopinavir/Ritonavir 200/50mg [Aluvia], tablets, 120 Tabs",Lopinavir/Ritonavir,Aluvia,200/50mg,Tablet,120,"30,120",569268.00,18.9,0.16,ABBVIE Ludwigshafen Germany,TRUE,6697,"$3,995.94 ",585.21
"85,580",107-RW-T30,FPQ-15622,SO-50711,DN-4200,Rwanda,PMO - US,From RDC,N/A - From RDC,Truck,12/22/2014,N/A - From RDC,06-Apr-15,20-Apr-15,20-Apr-15,ARV,Pediatric,SCMS from RDC,"Abacavir 20mg/ml, oral solution, Bottle, 240 ml",Abacavir,Generic,20mg/ml,Oral solution,240,"2,966",20257.78,6.83,0.03,"Aurobindo Unit III, India",TRUE,1067,"$6,310.40 ",23.84
"84,908",106-HT-T30,FPQ-13608,SO-47690,DN-3586,Haiti,PMO - US,From RDC,N/A - From RDC,Air,1/22/2014,N/A - From RDC,30-Mar-14,24-Mar-14,06-May-14,ARV,Adult,SCMS from RDC,"Efavirenz 600mg, tablets, 30 Tabs",Efavirenz,Generic,600mg,Tablet,30,"25,000",83250.00,3.33,0.11,"Hetero, Jadcherla, unit 5, IN",FALSE,See DN-3586 (ID#:83224),null,85.58
"86,061",106-HT-T30,FPQ-13608,SO-47690,DN-3586,Haiti,PMO - US,From RDC,N/A - From RDC,Air,1/22/2014,N/A - From RDC,30-Mar-14,24-Mar-14,06-May-14,ARV,Adult,SCMS from RDC,"Lamivudine/Nevirapine/Zidovudine 150/200/300mg, tablets, 60 Tabs",Lamivudine/Nevirapine/Zidovudine,Generic,150/300/200mg,Tablet - FDC,60,"30,000",247800.00,8.26,0.14,Mylan (formerly Matrix) Nashik,FALSE,See DN-3586 (ID#:83224),null,254.74
"86,062",106-HT-T30,FPQ-13648,SO-47800,DN-3587,Haiti,PMO - US,From RDC,N/A - From RDC,Air,02-03-14,N/A - From RDC,05-May-14,24-Mar-14,06-May-14,ARV,Adult,SCMS from RDC,"Lamivudine/Zidovudine 150/300mg, tablets, 60 Tabs",Lamivudine/Zidovudine,Generic,150/300mg,Tablet - FDC,60,"16,374",110197.02,6.73,0.11,Mylan (formerly Matrix) Nashik,FALSE,See DN-3587 (ID#:83776),null,113.28
"83,226",113-ZW-T30,FPQ-12950,SO-46620,DN-3588,Zimbabwe,PMO - US,From RDC,N/A - From RDC,Truck,09-10-13,N/A - From RDC,06-May-14,21-Mar-14,17-Apr-14,ARV,Adult,SCMS from RDC,"Efavirenz/Lamivudine/Tenofovir Disoproxil Fumarate 600/300/300mg, tablets, 30 Tabs",Efavirenz/Lamivudine/Tenofovir Disoproxil Fumarate,Generic,600/300/300mg,Tablet - FDC,30,"360,000",4014000.00,11.15,0.37,Hetero Unit III Hyderabad IN,FALSE,See DN-3588 (ID#:83225),null,"4,965.32"
"85,589",151-NG-T30,FPQ-14989,SO-49932,DN-4228,Nigeria,PMO - US,From RDC,N/A - From RDC,Air Charter,9/19/2014,N/A - From RDC,30-Jun-15,15-Apr-15,20-Apr-15,ARV,Adult,SCMS from RDC,"Efavirenz/Lamivudine/Tenofovir Disoproxil Fumarate 600/300/300mg, tablets, 30 Tabs",Efavirenz/Lamivudine/Tenofovir Disoproxil Fumarate,Generic,600/300/300mg,Tablet - FDC,30,"68,072",653491.20,9.6,0.32,Hetero Unit III Hyderabad IN,TRUE,8799,"$15,880 ",671.79
"85,590",111-MZ-T30,FPQ-15229,SO-50500,DN-4237,Mozambique,PMO - US,From RDC,N/A - From RDC,Truck,10/17/2014,N/A - From RDC,29-May-15,15-Jun-15,15-Jun-15,ARV,Adult,SCMS from RDC,"Tenofovir Disoproxil Fumarate 300mg, tablets, 30 Tabs",Tenofovir Disoproxil Fumarate,Generic,300mg,Tablet,30,960,3408.00,3.55,0.12,Hetero Unit III Hyderabad IN,TRUE,76,$137.40 ,4.01
"86,662",113-ZW-T30,FPQ-12950,SO-46620,DN-3588,Zimbabwe,PMO - US,From RDC,N/A - From RDC,Truck,09-10-13,N/A - From RDC,06-May-14,21-Mar-14,17-Apr-14,ARV,Adult,SCMS from RDC,"Efavirenz/Lamivudine/Tenofovir Disoproxil Fumarate 600/300/300mg, tablets, 30 Tabs",Efavirenz/Lamivudine/Tenofovir Disoproxil Fumarate,Generic,600/300/300mg,Tablet - FDC,30,"143,023",1594706.45,11.15,0.37,Mylan (formerly Matrix) Nashik,FALSE,See DN-3588 (ID#:83225),null,"1,972.65"
"85,592",151-NG-T30,FPQ-14989,SO-49938,DN-4245,Nigeria,PMO - US,From RDC,N/A - From RDC,Air Charter,9/19/2014,N/A - From RDC,30-Jun-15,15-Apr-15,20-Apr-15,ARV,Adult,SCMS from RDC,"Lamivudine/Nevirapine/Zidovudine 150/200/300mg, tablets, 60 Tabs",Lamivudine/Nevirapine/Zidovudine,Generic,150/300/200mg,Tablet - FDC,60,"50,000",386000.00,7.72,0.13,"Strides, Bangalore, India.",TRUE,6201,"$12,082 ",396.81
"84,909",114-UG-T30,FPQ-13108,SO-46870,DN-3589,Uganda,PMO - US,From RDC,N/A - From RDC,Truck,10/16/2013,N/A - From RDC,20-Apr-14,18-Apr-14,28-Apr-14,ARV,Adult,SCMS from RDC,"Lamivudine/Zidovudine 150/300mg, tablets, 60 Tabs",Lamivudine/Zidovudine,Generic,150/300mg,Tablet - FDC,60,"3,757",25284.61,6.73,0.11,"Aurobindo Unit III, India",FALSE,See DN-3589 (ID#:82657),null,25.99
"86,063",114-UG-T30,FPQ-13108,SO-46870,DN-3589,Uganda,PMO - US,From RDC,N/A - From RDC,Truck,10/16/2013,N/A - From RDC,20-Apr-14,18-Apr-14,28-Apr-14,ARV,Adult,SCMS from RDC,"Lamivudine/Nevirapine/Zidovudine 150/200/300mg, tablets, 60 Tabs",Lamivudine/Nevirapine/Zidovudine,Generic,150/300/200mg,Tablet - FDC,60,"50,000",413000.00,8.26,0.14,"Aurobindo Unit III, India",FALSE,See DN-3589 (ID#:82657),null,424.56
"85,451",105-GH-T30,FPQ-13609,SO-47930,DN-3590,Ghana,PMO - US,From RDC,N/A - From RDC,Air,2/19/2014,N/A - From RDC,07-Apr-14,07-Apr-14,17-Apr-14,ARV,Adult,SCMS from RDC,"Lamivudine/Tenofovir Disoproxil Fumarate 300/300mg, tablets, 30 Tabs",Lamivudine/Tenofovir Disoproxil Fumarate,Generic,300/300mg,Tablet - FDC,30,"34,224",160852.80,4.7,0.16,Hetero Unit III Hyderabad IN,FALSE,See DN-3590 (ID#:84350),null,165.36
"86,664",104-CI-T30,FPQ-12144,SO-45630,DN-3598,Côte d'Ivoire,PMO - US,From RDC,N/A - From RDC,Truck,4/22/2013,N/A - From RDC,10-Apr-14,10-Apr-14,06-May-14,ARV,Adult,SCMS from RDC,"Abacavir/Lamivudine 600/300mg, scored tablets, 30 Tabs",Abacavir/Lamivudine,Generic,600/300mg,Tablet - FDC,30,"1,900",25688.00,13.52,0.45,Mylan (formerly Matrix) Nashik,FALSE,See DN-3598 (ID#:85452),null,31.78
"85,596",151-NG-T30,FPQ-14989,SO-49935,DN-4260,Nigeria,PMO - US,From RDC,N/A - From RDC,Air Charter,9/19/2014,N/A - From RDC,30-Jun-15,28-Apr-15,29-Apr-15,ARV,Adult,SCMS from RDC,"Lamivudine/Nevirapine/Zidovudine 150/200/300mg, tablets, 60 Tabs",Lamivudine/Nevirapine/Zidovudine,Generic,150/300/200mg,Tablet - FDC,60,"234,519",1810486.68,7.72,0.13,"Cipla, Goa, India",TRUE,51833,"$107,573.94 ","1,861.18"
"84,911",104-CI-T30,FPQ-12800,SO-46430,DN-3599,Côte d'Ivoire,PMO - US,From RDC,N/A - From RDC,Truck,08-09-13,N/A - From RDC,30-Apr-14,14-Apr-14,22-May-14,ARV,Adult,SCMS from RDC,"Lamivudine/Tenofovir Disoproxil Fumarate 300/300mg, tablets, 30 Tabs",Lamivudine/Tenofovir Disoproxil Fumarate,Generic,300/300mg,Tablet - FDC,30,"26,000",122200.00,4.7,0.16,Hetero Unit III Hyderabad IN,FALSE,See DN-3599 (ID#:84351),null,151.16
"86,665",104-CI-T30,FPQ-12800,SO-46430,DN-3599,Côte d'Ivoire,PMO - US,From RDC,N/A - From RDC,Truck,08-09-13,N/A - From RDC,30-Apr-14,14-Apr-14,22-May-14,ARV,Adult,SCMS from RDC,"Efavirenz/Lamivudine/Tenofovir Disoproxil Fumarate 600/300/300mg, tablets, 30 Tabs",Efavirenz/Lamivudine/Tenofovir Disoproxil Fumarate,Generic,600/300/300mg,Tablet - FDC,30,"60,200",633304.00,10.52,0.35,Hetero Unit III Hyderabad IN,FALSE,See DN-3599 (ID#:84351),null,783.4
"86,065",104-CI-T30,FPQ-12800,SO-46380,DN-3601,Côte d'Ivoire,PMO - US,From RDC,N/A - From RDC,Air,08-09-13,N/A - From RDC,31-Mar-14,14-Apr-14,22-May-14,ARV,Adult,SCMS from RDC,"Lamivudine 150mg, tablets, 60 Tabs",Lamivudine,Generic,150mg,Tablet,60,519,1115.85,2.15,0.04,"Micro labs, Verna, Goa, India",FALSE,See DN-3601 (ID#:85453),null,1.38
"86,666",151-NG-T30,FPQ-12248,SO-45660,DN-3619,Nigeria,PMO - US,From RDC,N/A - From RDC,Air Charter,05-06-13,N/A - From RDC,15-Apr-14,17-Apr-14,02-May-14,ARV,Adult,SCMS from RDC,"Lamivudine/Nevirapine/Zidovudine 150/200/300mg, tablets, 60 Tabs",Lamivudine/Nevirapine/Zidovudine,Generic,150/300/200mg,Tablet - FDC,60,"37,869",312797.94,8.26,0.14,Mylan (formerly Matrix) Nashik,FALSE,See DN-3619 (ID#:86069),null,386.93
"11,160",114-UG-T01,Pre-PQ Process,SO-1080,DN-362,Uganda,PMO - US,From RDC,N/A - From RDC,Air,Pre-PQ Process,N/A - From RDC,05-Nov-07,05-Nov-07,05-Nov-07,ARV,Adult,SCMS from RDC,"Efavirenz 600mg, tablets, 30 Tabs",Efavirenz,Generic,600mg,Tablet,30,"1,717",21325.14,12.42,0.41,"Strides, Bangalore, India.",FALSE,See DN-362 (ID#:10600),null,34.12
"85,455",110-ZM-T30,FPQ-13221,SO-47202,DN-3625,Zambia,PMO - US,From RDC,N/A - From RDC,Truck,10/31/2013,N/A - From RDC,06-May-14,04-Jun-14,12-Jun-14,ARV,Adult,SCMS from RDC,"Lopinavir/Ritonavir 200/50mg, tablets, 120 Tabs",Lopinavir/Ritonavir,Generic,200/50mg,Tablet,120,"3,599",73707.52,20.48,0.17,Mylan (formerly Matrix) Nashik,FALSE,See DN-3625 (ID#:83233),null,75.77
"85,627",111-MZ-T30,FPQ-4106,SO-33100,DN-1421,Mozambique,PMO - US,From RDC,N/A - From RDC,Air,8/17/2009,N/A - From RDC,30-Nov-09,30-Oct-09,30-Oct-09,ARV,Adult,SCMS from RDC,"Saquinavir 200mg [Invirase], capsules, 270 Caps",Saquinavir,Invirase,200mg,Capsule,270,168,13540.80,80.6,0.3,Roche Basel,TRUE,85,"$1,139.50 ",26.54
"84,354",105-GY-T30,FPQ-13567,SO-47730,DN-3626,Guyana,PMO - US,From RDC,N/A - From RDC,Air,1/16/2014,N/A - From RDC,30-Jun-14,14-Apr-14,06-Jun-14,ARV,Pediatric,SCMS from RDC,"Zidovudine 10mg/ml, oral solution w/syringe, Bottle, 240 ml",Zidovudine,Generic,10mg/ml,Oral solution,240,176,369.60,2.1,0.01,"Aurobindo Unit III, India",FALSE,See DN-3626 (ID#:83781),null,0.38
"85,629",114-UG-T30,FPQ-4065,SO-33180,DN-1429,Uganda,PMO - US,From RDC,N/A - From RDC,Air,08-06-09,N/A - From RDC,08-Oct-09,08-Oct-09,08-Oct-09,ARV,Adult,SCMS from RDC,"Efavirenz 600mg, tablets, 30 Tabs",Efavirenz,Generic,600mg,Tablet,30,200,1370.00,6.85,0.23,"Aurobindo Unit III, India",TRUE,18,"$1,140.08 ",2.69
"84,914",105-GY-T30,FPQ-13567,SO-47730,DN-3626,Guyana,PMO - US,From RDC,N/A - From RDC,Air,1/16/2014,N/A - From RDC,30-Jun-14,14-Apr-14,06-Jun-14,ARV,Pediatric,SCMS from RDC,"Efavirenz 200mg, scored tablets, 90 Tabs",Efavirenz,Generic,200mg,Tablet,90,74,688.20,9.3,0.1,"Strides, Bangalore, India.",FALSE,See DN-3626 (ID#:83781),null,0.71
"85,631",106-HT-T30,FPQ-4277,SO-33740,DN-1481,Haiti,PMO - US,From RDC,N/A - From RDC,Air,9/22/2009,N/A - From RDC,18-Nov-09,09-Oct-09,09-Oct-09,ARV,Adult,SCMS from RDC,"Lamivudine 150mg, tablets, 60 Tabs",Lamivudine,Generic,150mg,Tablet,60,"2,305",5624.20,2.44,0.04,"Aurobindo Unit III, India",TRUE,126,"$1,350.33 ",11.02
"85,632",104-CI-T30,FPQ-3964,SO-33210,DN-1482,Côte d'Ivoire,PMO - US,From RDC,N/A - From RDC,Air,7/24/2009,N/A - From RDC,30-Oct-09,20-Oct-09,20-Oct-09,ARV,Pediatric,SCMS from RDC,"Lamivudine 10mg/ml, oral solution, Bottle, 240 ml",Lamivudine,Generic,10mg/ml,Oral solution,240,819,1556.10,1.9,0.01,"Aurobindo Unit III, India",TRUE,284,"$1,668.76 ",3.05
"84,915",105-GY-T30,FPQ-13567,SO-47730,DN-3626,Guyana,PMO - US,From RDC,N/A - From RDC,Air,1/16/2014,N/A - From RDC,30-Jun-14,14-Apr-14,06-Jun-14,ARV,Adult,SCMS from RDC,"Lamivudine 150mg, tablets, 60 Tabs",Lamivudine,Generic,150mg,Tablet,60,210,468.30,2.23,0.04,"Strides, Bangalore, India.",FALSE,See DN-3626 (ID#:83781),null,0.48
"85,456",105-GY-T30,FPQ-13567,SO-47730,DN-3626,Guyana,PMO - US,From RDC,N/A - From RDC,Air,1/16/2014,N/A - From RDC,30-Jun-14,14-Apr-14,06-Jun-14,ARV,Pediatric,SCMS from RDC,"Lamivudine 10mg/ml, oral solution w/syringe, Bottle, 240 ml",Lamivudine,Generic,10mg/ml,Oral solution,240,144,205.92,1.43,0.01,"Aurobindo Unit III, India",FALSE,See DN-3626 (ID#:83781),null,0.21
"86,070",105-GY-T30,FPQ-13567,SO-47730,DN-3626,Guyana,PMO - US,From RDC,N/A - From RDC,Air,1/16/2014,N/A - From RDC,30-Jun-14,14-Apr-14,06-Jun-14,ARV,Adult,SCMS from RDC,"Abacavir 300mg, tablets, 60 Tabs",Abacavir,Generic,300mg,Tablet,60,70,795.20,11.36,0.19,"Aurobindo Unit III, India",FALSE,See DN-3626 (ID#:83781),null,0.82
"86,071",105-GY-T30,FPQ-13567,SO-47730,DN-3626,Guyana,PMO - US,From RDC,N/A - From RDC,Air,1/16/2014,N/A - From RDC,30-Jun-14,14-Apr-14,06-Jun-14,ARV,Pediatric,SCMS from RDC,"Nevirapine 10mg/ml, oral suspension w/syringe, Bottle, 240 ml",Nevirapine,Generic,10mg/ml,Oral suspension,240,152,282.72,1.86,0.01,"Aurobindo Unit III, India",FALSE,See DN-3626 (ID#:83781),null,0.29
"86,669",105-GY-T30,FPQ-13567,SO-47730,DN-3626,Guyana,PMO - US,From RDC,N/A - From RDC,Air,1/16/2014,N/A - From RDC,30-Jun-14,14-Apr-14,06-Jun-14,ARV,Adult,SCMS from RDC,"Lamivudine/Zidovudine 150/300mg, tablets, 60 Tabs",Lamivudine/Zidovudine,Generic,150/300mg,Tablet - FDC,60,293,1971.89,6.73,0.11,Mylan (formerly Matrix) Nashik,FALSE,See DN-3626 (ID#:83781),null,2.03
"83,783",111-MZ-T30,FPQ-13123,SO-47084,DN-3627,Mozambique,PMO - US,From RDC,N/A - From RDC,Truck,10/21/2013,N/A - From RDC,03-Jun-14,03-Jun-14,11-Jun-14,ARV,Adult,SCMS from RDC,"Lopinavir/Ritonavir 200/50mg [Aluvia], tablets, 120 Tabs",Lopinavir/Ritonavir,Aluvia,200/50mg,Tablet,120,"10,040",189756.00,18.9,0.16,ABBVIE Ludwigshafen Germany,FALSE,See DN-3627 (ID#:83782),null,195.07
"85,641",110-ZM-T30,FPQ-4035,SO-34800,DN-1567,Zambia,PMO - US,From RDC,N/A - From RDC,Truck,08-05-09,N/A - From RDC,15-Jan-10,26-Nov-09,26-Nov-09,ARV,Adult,SCMS from RDC,"Efavirenz 600mg, tablets, 30 Tabs",Efavirenz,Generic,600mg,Tablet,30,"6,714",38806.92,5.78,0.19,"Aurobindo Unit III, India",TRUE,574,"$5,837.94 ",76.06
"85,642",104-CI-T30,FPQ-4378,SO-34420,DN-1568,Côte d'Ivoire,PMO - US,From RDC,N/A - From RDC,Air,10/15/2009,N/A - From RDC,14-Dec-09,11-Dec-09,11-Dec-09,ARV,Adult,SCMS from RDC,"Lamivudine/Nevirapine/Stavudine 150/200/30mg, tablets, 60 Tabs",Lamivudine/Nevirapine/Stavudine,Generic,150/200/30mg,Tablet - FDC,60,"9,024",60099.84,6.66,0.11,"Cipla, Goa, India",TRUE,976,"$12,369.80 ",117.8
"85,643",114-UG-T30,FPQ-4454,SO-34630,DN-1574,Uganda,PMO - US,From RDC,N/A - From RDC,Air,9/25/2009,N/A - From RDC,15-Jan-10,22-Jan-10,22-Jan-10,ARV,Adult,SCMS from RDC,"Lamivudine/Nevirapine/Zidovudine 150/200/300mg, tablets, 60 Tabs",Lamivudine/Nevirapine/Zidovudine,Generic,150/300/200mg,Tablet - FDC,60,"5,500",61710.00,11.22,0.19,Mylan (formerly Matrix) Nashik,TRUE,708,"$2,524 ",120.95
"85,644",104-CI-T30,FPQ-4378,SO-34390,DN-1577,Côte d'Ivoire,PMO - US,From RDC,N/A - From RDC,Air,10/15/2009,N/A - From RDC,17-Dec-09,14-Dec-09,14-Dec-09,ARV,Adult,SCMS from RDC,"Lamivudine/Nevirapine/Stavudine 150/200/30mg, tablets, 60 Tabs",Lamivudine/Nevirapine/Stavudine,Generic,150/200/30mg,Tablet - FDC,60,"9,024",60099.84,6.66,0.11,"Strides, Bangalore, India.",TRUE,680,"$2,698.22 ",117.8
"84,355",111-MZ-T30,FPQ-13123,SO-47084,DN-3627,Mozambique,PMO - US,From RDC,N/A - From RDC,Truck,10/21/2013,N/A - From RDC,03-Jun-14,03-Jun-14,11-Jun-14,ARV,Adult,SCMS from RDC,"Lamivudine/Nevirapine/Zidovudine 150/200/300mg, tablets, 60 Tabs",Lamivudine/Nevirapine/Zidovudine,Generic,150/300/200mg,Tablet - FDC,60,"100,000",811000.00,8.11,0.14,Hetero Unit III Hyderabad IN,FALSE,See DN-3627 (ID#:83782),null,833.71
"85,646",106-HT-T30,FPQ-4469,SO-35180,DN-1589,Haiti,PMO - US,From RDC,N/A - From RDC,Air,9/23/2009,N/A - From RDC,22-Dec-09,16-Dec-09,16-Dec-09,ARV,Pediatric,SCMS from RDC,"Lamivudine 10mg/ml, oral solution, Bottle, 240 ml",Lamivudine,Generic,10mg/ml,Oral solution,240,"4,077",7746.30,1.9,0.01,"Aurobindo Unit III, India",TRUE,1404,"$8,329.13 ",16.7
"86,670",111-MZ-T30,FPQ-13123,SO-47084,DN-3627,Mozambique,PMO - US,From RDC,N/A - From RDC,Truck,10/21/2013,N/A - From RDC,03-Jun-14,03-Jun-14,11-Jun-14,ARV,Adult,SCMS from RDC,"Tenofovir Disoproxil Fumarate 300mg, tablets, 30 Tabs",Tenofovir Disoproxil Fumarate,Generic,300mg,Tablet,30,640,2419.20,3.78,0.13,Hetero Unit III Hyderabad IN,FALSE,See DN-3627 (ID#:83782),null,2.49
"85,648",114-UG-T30,FPQ-4275,SO-33880,DN-1599,Uganda,PMO - US,From RDC,N/A - From RDC,Air,9/17/2009,N/A - From RDC,25-Feb-10,15-Jan-10,15-Jan-10,ARV,Adult,SCMS from RDC,"Lamivudine 150mg, tablets, 60 Tabs",Lamivudine,Generic,150mg,Tablet,60,"6,985",17043.40,2.44,0.04,"Aurobindo Unit III, India",TRUE,336,"$2,528.69 ",33.41
"85,649",114-UG-T30,FPQ-4470,SO-34780,DN-1622,Uganda,PMO - US,From RDC,N/A - From RDC,Air,8/17/2009,N/A - From RDC,03-Feb-10,03-Feb-10,03-Feb-10,ARV,Adult,SCMS from RDC,"Lamivudine/Nevirapine/Zidovudine 150/200/300mg, tablets, 60 Tabs",Lamivudine/Nevirapine/Zidovudine,Generic,150/300/200mg,Tablet - FDC,60,"31,000",351850.00,11.35,0.19,Mylan (formerly Matrix) Nashik,TRUE,3941,"$42,656.07 ",689.63
"83,235",111-MZ-T30,FPQ-13124,SO-47041,DN-3628,Mozambique,PMO - US,From RDC,N/A - From RDC,Truck,10/21/2013,N/A - From RDC,14-Jun-14,24-Jun-14,14-Jul-14,ARV,Adult,SCMS from RDC,"Efavirenz/Lamivudine/Tenofovir Disoproxil Fumarate 600/300/300mg, tablets, 30 Tabs",Efavirenz/Lamivudine/Tenofovir Disoproxil Fumarate,Generic,600/300/300mg,Tablet - FDC,30,"263,351",2936363.65,11.15,0.37,Mylan (formerly Matrix) Nashik,FALSE,See DN-3628 (ID#:83234),null,"3,018.58"
"85,651",114-UG-T30,FPQ-4325,SO-34080,DN-1631,Uganda,PMO - US,From RDC,N/A - From RDC,Truck,9/23/2009,N/A - From RDC,19-Mar-10,29-Jan-10,29-Jan-10,ARV,Adult,SCMS from RDC,"Nevirapine 200mg, tablets, 60 Tabs",Nevirapine,Generic,200mg,Tablet,60,"5,184",15033.60,2.9,0.05,"Aurobindo Unit III, India",TRUE,507,"$1,576.80 ",29.47
"85,652",104-CI-T30,FPQ-4378,SO-35770,DN-1640,Côte d'Ivoire,PMO - US,From RDC,N/A - From RDC,Air,10/15/2009,N/A - From RDC,06-Apr-10,15-Feb-10,15-Feb-10,ARV,Adult,SCMS from RDC,"Abacavir/Lamivudine 600/300mg, scored tablets, 30 Tabs",Abacavir/Lamivudine,Generic,600/300mg,Tablet - FDC,30,"1,276",29348.00,23,0.77,"Aurobindo Unit III, India",TRUE,117,"$1,083.30 ",57.52
"84,356",111-MZ-T30,FPQ-13124,SO-47041,DN-3628,Mozambique,PMO - US,From RDC,N/A - From RDC,Truck,10/21/2013,N/A - From RDC,14-Jun-14,24-Jun-14,14-Jul-14,ARV,Adult,SCMS from RDC,"Efavirenz/Lamivudine/Tenofovir Disoproxil Fumarate 600/300/300mg, tablets, 30 Tabs",Efavirenz/Lamivudine/Tenofovir Disoproxil Fumarate,Generic,600/300/300mg,Tablet - FDC,30,"127,671",1423531.65,11.15,0.37,Hetero Unit III Hyderabad IN,FALSE,See DN-3628 (ID#:83234),null,"1,463.39"
"85,670",151-NG-T30,FPQ-4537,SO-34914,DN-1778,Nigeria,PMO - US,From RDC,N/A - From RDC,Air Charter,11-06-09,N/A - From RDC,31-May-10,18-May-10,18-May-10,ARV,Adult,SCMS from RDC,"Efavirenz 600mg, tablets, 30 Tabs",Efavirenz,Generic,600mg,Tablet,30,"7,500",35625.00,4.75,0.16,"Aurobindo Unit III, India",TRUE,662,"$9,736.10 ",76.81
"86,072",111-MZ-T30,FPQ-13124,SO-47041,DN-3628,Mozambique,PMO - US,From RDC,N/A - From RDC,Truck,10/21/2013,N/A - From RDC,14-Jun-14,24-Jun-14,14-Jul-14,ARV,Adult,SCMS from RDC,"Efavirenz 600mg, tablets, 30 Tabs",Efavirenz,Generic,600mg,Tablet,30,"63,000",209790.00,3.33,0.11,"Strides, Bangalore, India.",FALSE,See DN-3628 (ID#:83234),null,215.66
"85,655",104-CI-T30,FPQ-4378,SO-34372,DN-1656,Côte d'Ivoire,PMO - US,From RDC,N/A - From RDC,Air,10/15/2009,N/A - From RDC,06-Apr-10,01-Mar-10,01-Mar-10,ARV,Pediatric,SCMS from RDC,"Zidovudine 10mg/ml, oral solution, Bottle, 240 ml",Zidovudine,Generic,10mg/ml,Oral solution,240,"7,107",14924.70,2.1,0.01,"Aurobindo Unit III, India",TRUE,2633,"$3,688.33 ",29.25
"86,671",111-MZ-T30,FPQ-13124,SO-47041,DN-3628,Mozambique,PMO - US,From RDC,N/A - From RDC,Truck,10/21/2013,N/A - From RDC,14-Jun-14,24-Jun-14,14-Jul-14,ARV,Adult,SCMS from RDC,"Nevirapine 200mg, tablets, 60 Tabs",Nevirapine,Generic,200mg,Tablet,60,"2,100",4746.00,2.26,0.04,Hetero Unit III Hyderabad IN,FALSE,See DN-3628 (ID#:83234),null,4.88
"86,672",104-CI-T30,FPQ-12800,SO-46423,DN-3630,Côte d'Ivoire,PMO - US,From RDC,N/A - From RDC,Air,08-09-13,N/A - From RDC,30-Apr-14,25-Apr-14,06-Jun-14,ARV,Adult,SCMS from RDC,"Tenofovir Disoproxil Fumarate 300mg, tablets, 30 Tabs",Tenofovir Disoproxil Fumarate,Generic,300mg,Tablet,30,700,2646.00,3.78,0.13,Hetero Unit III Hyderabad IN,FALSE,See DN-3630 (ID#:84916),null,3.27
"85,658",106-HT-T30,FPQ-5152,SO-35950,DN-1669,Haiti,PMO - US,From RDC,N/A - From RDC,Air,02-12-10,N/A - From RDC,02-Mar-10,03-Mar-10,03-Mar-10,ARV,Adult,SCMS from RDC,"Indinavir 400mg [Crixivan], capsules, 180 Caps",Indinavir,Crixivan,400mg,Capsule,180,450,22500.00,50,0.28,"MSD, Haarlem, NL",TRUE,101,"$6,036.98 ",48.51
"86,673",104-CI-T30,FPQ-12144,SO-45641,DN-3631,Côte d'Ivoire,PMO - US,From RDC,N/A - From RDC,Truck,4/22/2013,N/A - From RDC,30-May-14,23-Apr-14,11-Jun-14,ARV,Adult,SCMS from RDC,"Lopinavir/Ritonavir 200/50mg, tablets, 120 Tabs",Lopinavir/Ritonavir,Generic,200/50mg,Tablet,120,"28,516",571460.64,20.04,0.17,"Aurobindo Unit III, India",FALSE,See DN-3631 (ID#:85458),null,706.9
"84,917",104-CI-T30,FPQ-13142,SO-47131,DN-3632,Côte d'Ivoire,PMO - US,From RDC,N/A - From RDC,Truck,10/22/2013,N/A - From RDC,30-Apr-14,25-Apr-14,11-Jun-14,ARV,Adult,SCMS from RDC,"Efavirenz/Lamivudine/Tenofovir Disoproxil Fumarate 600/300/300mg, tablets, 30 Tabs",Efavirenz/Lamivudine/Tenofovir Disoproxil Fumarate,Generic,600/300/300mg,Tablet - FDC,30,"52,200",562716.00,10.78,0.36,Hetero Unit III Hyderabad IN,FALSE,See DN-3632 (ID#:82665),null,578.47
"85,459",104-CI-T30,FPQ-13142,SO-47131,DN-3632,Côte d'Ivoire,PMO - US,From RDC,N/A - From RDC,Truck,10/22/2013,N/A - From RDC,30-Apr-14,25-Apr-14,11-Jun-14,ARV,Adult,SCMS from RDC,"Abacavir 300mg, tablets, 60 Tabs",Abacavir,Generic,300mg,Tablet,60,"10,620",119262.60,11.23,0.19,"Aurobindo Unit III, India",FALSE,See DN-3632 (ID#:82665),null,122.6
"83,784",104-CI-T30,FPQ-13142,SO-47151,DN-3633,Côte d'Ivoire,PMO - US,From RDC,N/A - From RDC,Truck,10/22/2013,N/A - From RDC,30-Apr-14,22-Apr-14,11-Jun-14,ARV,Adult,SCMS from RDC,"Tenofovir Disoproxil Fumarate 300mg, tablets, 30 Tabs",Tenofovir Disoproxil Fumarate,Generic,300mg,Tablet,30,"4,300",16254.00,3.78,0.13,Hetero Unit III Hyderabad IN,FALSE,See DN-3633 (ID#:82666),null,16.71
"85,460",104-CI-T30,FPQ-13142,SO-47151,DN-3633,Côte d'Ivoire,PMO - US,From RDC,N/A - From RDC,Truck,10/22/2013,N/A - From RDC,30-Apr-14,22-Apr-14,11-Jun-14,ARV,Adult,SCMS from RDC,"Efavirenz/Lamivudine/Tenofovir Disoproxil Fumarate 600/300/300mg, tablets, 30 Tabs",Efavirenz/Lamivudine/Tenofovir Disoproxil Fumarate,Generic,600/300/300mg,Tablet - FDC,30,"30,000",323400.00,10.78,0.36,Hetero Unit III Hyderabad IN,FALSE,See DN-3633 (ID#:82666),null,332.46
"84,359",107-RW-T30,FPQ-12766,SO-46485,DN-3642,Rwanda,PMO - US,From RDC,N/A - From RDC,Truck,08-02-13,N/A - From RDC,05-May-14,06-Jun-14,20-Jun-14,ARV,Adult,SCMS from RDC,"Efavirenz/Lamivudine/Tenofovir Disoproxil Fumarate 600/300/300mg, tablets, 30 Tabs",Efavirenz/Lamivudine/Tenofovir Disoproxil Fumarate,Generic,600/300/300mg,Tablet - FDC,30,"30,205",325609.90,10.78,0.36,Mylan (formerly Matrix) Nashik,FALSE,See DN-3642 (ID#:82668),null,402.78
"84,919",110-ZM-T30,FPQ-13221,SO-47201,DN-3648,Zambia,PMO - US,From RDC,N/A - From RDC,Truck,10/31/2013,N/A - From RDC,06-May-14,19-May-14,12-Jun-14,ARV,Adult,SCMS from RDC,"Lamivudine/Tenofovir Disoproxil Fumarate 300/300mg, tablets, 30 Tabs",Lamivudine/Tenofovir Disoproxil Fumarate,Generic,300/300mg,Tablet - FDC,30,"29,440",136601.60,4.64,0.15,Ranbaxy per Shasun Pharma,FALSE,See DN-3648 (ID#:84360),null,140.43
"85,462",110-ZM-T30,FPQ-13221,SO-47201,DN-3648,Zambia,PMO - US,From RDC,N/A - From RDC,Truck,10/31/2013,N/A - From RDC,06-May-14,19-May-14,12-Jun-14,ARV,Adult,SCMS from RDC,"Lamivudine/Tenofovir Disoproxil Fumarate 300/300mg, tablets, 30 Tabs",Lamivudine/Tenofovir Disoproxil Fumarate,Generic,300/300mg,Tablet - FDC,30,"123,856",574691.84,4.64,0.15,Hetero Unit III Hyderabad IN,FALSE,See DN-3648 (ID#:84360),null,590.78
"86,677",110-ZM-T30,FPQ-13221,SO-47201,DN-3648,Zambia,PMO - US,From RDC,N/A - From RDC,Truck,10/31/2013,N/A - From RDC,06-May-14,19-May-14,12-Jun-14,ARV,Adult,SCMS from RDC,"Lamivudine/Tenofovir Disoproxil Fumarate 300/300mg, tablets, 30 Tabs",Lamivudine/Tenofovir Disoproxil Fumarate,Generic,300/300mg,Tablet - FDC,30,"12,590",58417.60,4.64,0.15,Ranbaxy per Shasun Pharma,FALSE,See DN-3648 (ID#:84360),null,60.05
"85,464",111-MZ-T30,FPQ-13123,SO-47085,DN-3652,Mozambique,PMO - US,From RDC,N/A - From RDC,Truck,10/21/2013,N/A - From RDC,16-Jun-14,23-May-14,13-Jun-14,ARV,Adult,SCMS from RDC,"Lamivudine/Nevirapine/Zidovudine 150/200/300mg, tablets, 60 Tabs",Lamivudine/Nevirapine/Zidovudine,Generic,150/300/200mg,Tablet - FDC,60,"100,000",811000.00,8.11,0.14,"Aurobindo Unit III, India",FALSE,See DN-3652 (ID#:85463),null,833.71
"85,669",114-UG-T30,FPQ-5275,SO-36240,DN-1770,Uganda,PMO - US,From RDC,N/A - From RDC,Air,03-04-10,N/A - From RDC,04-Jun-10,15-Apr-10,15-Apr-10,ARV,Adult,SCMS from RDC,"Emtricitabine/Tenofovir Disoproxil Fumarate 200/300mg, tablets, 30 Tabs",Emtricitabine/Tenofovir Disoproxil Fumarate,Generic,200/300mg,Tablet - FDC,30,"1,300",15275.00,11.75,0.39,Mylan (formerly Matrix) Nashik,TRUE,105,"$2,393.54 ",32.93
"85,671",151-NG-T30,FPQ-4537,SO-35051,DN-1821,Nigeria,PMO - US,From RDC,N/A - From RDC,Air Charter,11-06-09,N/A - From RDC,31-May-10,18-May-10,18-May-10,ARV,Adult,SCMS from RDC,"Lamivudine/Zidovudine 150/300mg, tablets, 60 Tabs",Lamivudine/Zidovudine,Generic,150/300mg,Tablet - FDC,60,"20,579",180272.04,8.76,0.15,Hetero Unit III Hyderabad IN,TRUE,1773,"$9,736.10 ",388.67
"86,678",111-MZ-T30,FPQ-13123,SO-47085,DN-3652,Mozambique,PMO - US,From RDC,N/A - From RDC,Truck,10/21/2013,N/A - From RDC,16-Jun-14,23-May-14,13-Jun-14,ARV,Adult,SCMS from RDC,"Lamivudine/Nevirapine/Zidovudine 150/200/300mg, tablets, 60 Tabs",Lamivudine/Nevirapine/Zidovudine,Generic,150/300/200mg,Tablet - FDC,60,"173,309",1405535.99,8.11,0.14,"Cipla, Goa, India",FALSE,See DN-3652 (ID#:85463),null,"1,444.89"
"86,679",101-CD-T30,FPQ-13554,SO-47631,DN-3654,"Congo, DRC",PMO - US,From RDC,N/A - From RDC,Air,1/15/2014,N/A - From RDC,15-Aug-14,15-Aug-14,05-Sep-14,ARV,Adult,SCMS from RDC,"Zidovudine 300mg, tablets, 60 Tabs",Zidovudine,Generic,300mg,Tablet,60,"3,000",16500.00,5.5,0.09,Mylan (formerly Matrix) Nashik,FALSE,See DN-3654 (ID#:84361),null,16.96
"84,362",104-CI-T30,FPQ-13142,SO-47130,DN-3655,Côte d'Ivoire,PMO - US,From RDC,N/A - From RDC,Truck,10/22/2013,N/A - From RDC,21-Apr-14,01-May-14,11-Jun-14,ARV,Adult,SCMS from RDC,"Abacavir/Lamivudine 600/300mg, scored tablets, 30 Tabs",Abacavir/Lamivudine,Generic,600/300mg,Tablet - FDC,30,489,6611.28,13.52,0.45,Mylan (formerly Matrix) Nashik,FALSE,See DN-3655 (ID#:83237),null,6.8
"84,920",104-CI-T30,FPQ-13142,SO-47130,DN-3655,Côte d'Ivoire,PMO - US,From RDC,N/A - From RDC,Truck,10/22/2013,N/A - From RDC,21-Apr-14,01-May-14,11-Jun-14,ARV,Adult,SCMS from RDC,"Abacavir/Lamivudine 600/300mg, tablets, 30 Tabs",Abacavir/Lamivudine,Generic,600/300mg,Tablet - FDC,30,"3,291",44494.32,13.52,0.45,"Aurobindo Unit III, India",FALSE,See DN-3655 (ID#:83237),null,45.74
"84,921",104-CI-T30,FPQ-13142,SO-47130,DN-3655,Côte d'Ivoire,PMO - US,From RDC,N/A - From RDC,Truck,10/22/2013,N/A - From RDC,21-Apr-14,01-May-14,11-Jun-14,ARV,Adult,SCMS from RDC,"Abacavir/Lamivudine 600/300mg, tablets, 30 Tabs",Abacavir/Lamivudine,Generic,600/300mg,Tablet - FDC,30,"3,709",50145.68,13.52,0.45,"Aurobindo Unit III, India",FALSE,See DN-3655 (ID#:83237),null,51.55
"85,676",114-UG-T30,FPQ-5238,SO-36050,DN-1846,Uganda,PMO - US,From RDC,N/A - From RDC,Air,03-02-10,N/A - From RDC,30-Jun-10,22-Jun-10,22-Jun-10,ARV,Adult,SCMS from RDC,"Emtricitabine/Tenofovir Disoproxil Fumarate 200/300mg, tablets, 30 Tabs",Emtricitabine/Tenofovir Disoproxil Fumarate,Generic,200/300mg,Tablet - FDC,30,"6,000",70500.00,11.75,0.39,Mylan (formerly Matrix) Nashik,TRUE,493,"$7,879.03 ",152
"86,077",104-CI-T30,FPQ-13142,SO-47130,DN-3655,Côte d'Ivoire,PMO - US,From RDC,N/A - From RDC,Truck,10/22/2013,N/A - From RDC,21-Apr-14,01-May-14,11-Jun-14,ARV,Pediatric,SCMS from RDC,"Nevirapine 10mg/ml, oral suspension w/syringe, Bottle, 100 ml",Nevirapine,Generic,10mg/ml,Oral suspension,100,"4,000",5200.00,1.3,0.01,"Aurobindo Unit III, India",FALSE,See DN-3655 (ID#:83237),null,5.35
"85,466",104-CI-T30,FPQ-13142,SO-47150,DN-3656,Côte d'Ivoire,PMO - US,From RDC,N/A - From RDC,Truck,10/22/2013,N/A - From RDC,30-Apr-14,22-Apr-14,11-Jun-14,ARV,Pediatric,SCMS from RDC,"Abacavir/Lamivudine 60/30mg, dispersible tablets, 60 Tabs",Abacavir/Lamivudine,Generic,60/30mg,Chewable/dispersible tablet - FDC,60,"11,000",61930.00,5.63,0.09,"Cipla, Patalganga, India",FALSE,See DN-3656 (ID#:84922),null,63.66
"85,679",104-CI-T30,FPQ-4659,SO-35563,DN-1888,Côte d'Ivoire,PMO - US,From RDC,N/A - From RDC,Air,12-08-09,N/A - From RDC,09-Jul-10,05-Jul-10,05-Jul-10,ARV,Pediatric,SCMS from RDC,"Didanosine 200mg, chewable/dispersible tablets, 60 Tabs",Didanosine,Generic,200mg,Chewable/dispersible tablet,60,"2,788",43214.00,15.5,0.26,"Aurobindo Unit III, India",TRUE,588,"$5,121.68 ",93.17
"85,680",109-TZ-T30,FPQ-5237,SO-36041,DN-1890,Tanzania,PMO - US,From RDC,N/A - From RDC,Air,03-01-10,N/A - From RDC,21-Jul-10,08-Jul-10,08-Jul-10,ARV,Adult,SCMS from RDC,"Nevirapine 200mg, tablets, 60 Tabs",Nevirapine,Generic,200mg,Tablet,60,"20,124",54938.52,2.73,0.05,"Cipla, Goa, India",TRUE,2262,"$10,536.12 ",118.45
"85,467",110-ZM-T30,FPQ-13574,SO-47791,DN-3657,Zambia,PMO - US,From RDC,N/A - From RDC,Air,1/16/2014,N/A - From RDC,08-Apr-14,18-Apr-14,22-May-14,ARV,Pediatric,SCMS from RDC,"Nevirapine 10mg/ml, oral suspension w/syringe, Bottle, 100 ml",Nevirapine,Generic,10mg/ml,Oral suspension,100,"2,000",2600.00,1.3,0.01,"Aurobindo Unit III, India",FALSE,See DN-3657 (ID#:82670),null,2.67
"11,162",110-ZM-T01,Pre-PQ Process,SO-940,DN-366,Zambia,PMO - US,From RDC,N/A - From RDC,,Pre-PQ Process,N/A - From RDC,27-Sep-07,27-Sep-07,27-Sep-07,ARV,Adult,SCMS from RDC,"Efavirenz 600mg, tablets, 30 Tabs",Efavirenz,Generic,600mg,Tablet,30,"69,783",1360768.50,19.5,0.65,"Cipla, Goa, India",FALSE,See DN-366 (ID#:11161),null,"2,177.23"
"12,406",110-ZM-T01,Pre-PQ Process,SO-940,DN-366,Zambia,PMO - US,From RDC,N/A - From RDC,,Pre-PQ Process,N/A - From RDC,27-Sep-07,27-Sep-07,27-Sep-07,ARV,Adult,SCMS from RDC,"Zidovudine 300mg, tablets, 60 Tabs",Zidovudine,Generic,300mg,Tablet,60,"12,420",101223.00,8.15,0.14,"Aurobindo Unit III, India",FALSE,See DN-366 (ID#:11161),null,161.96
"85,473",104-CI-T30,FPQ-13142,SO-47160,DN-3685,Côte d'Ivoire,PMO - US,From RDC,N/A - From RDC,Truck,10/22/2013,N/A - From RDC,30-May-14,12-May-14,30-Jun-14,ARV,Adult,SCMS from RDC,"Lamivudine 150mg, tablets, 60 Tabs",Lamivudine,Generic,150mg,Tablet,60,"1,821",3168.54,1.74,0.03,"Micro labs, Verna, Goa, India",FALSE,See DN-3685 (ID#:83245),null,3.26
"86,083",113-ZW-T30,FPQ-12950,SO-46650,DN-3702,Zimbabwe,PMO - US,From RDC,N/A - From RDC,Truck,09-10-13,N/A - From RDC,30-May-14,30-May-14,23-Jun-14,ARV,Adult,SCMS from RDC,"Efavirenz/Lamivudine/Tenofovir Disoproxil Fumarate 600/300/300mg, tablets, 30 Tabs",Efavirenz/Lamivudine/Tenofovir Disoproxil Fumarate,Generic,600/300/300mg,Tablet - FDC,30,"66,407",715867.46,10.78,0.36,Hetero Unit III Hyderabad IN,FALSE,See DN-3702 (ID#:84928),null,885.53
"85,476",104-CI-T30,FPQ-10633,SO-43370,DN-3706,Côte d'Ivoire,PMO - US,From RDC,N/A - From RDC,Truck,09-11-12,N/A - From RDC,30-Jun-14,04-Jun-14,10-Jul-14,ARV,Adult,SCMS from RDC,"Efavirenz 600mg, tablets, 30 Tabs",Efavirenz,Generic,600mg,Tablet,30,"25,000",83250.00,3.33,0.11,"Strides, Bangalore, India.",FALSE,See DN-3706 (ID#:82676),null,116.72
"85,703",104-CI-T30,FPQ-5623,SO-36900,DN-2001,Côte d'Ivoire,PMO - US,From RDC,N/A - From RDC,Air,05-07-10,N/A - From RDC,21-Sep-10,06-Sep-10,06-Sep-10,ARV,Adult,SCMS from RDC,"Lamivudine/Zidovudine 150/300mg, tablets, 60 Tabs",Lamivudine/Zidovudine,Generic,150/300mg,Tablet - FDC,60,"40,752",348429.60,8.55,0.14,Hetero Unit III Hyderabad IN,TRUE,3506,"$8,815.65 ",751.21
"83,796",102-BI-T30,FPQ-13627,SO-47670,DN-3712,Burundi,PMO - US,From RDC,N/A - From RDC,Air,1/24/2014,N/A - From RDC,30-May-14,25-Jun-14,01-Jul-14,ARV,Adult,SCMS from RDC,"Lamivudine/Nevirapine/Zidovudine 150/200/300mg, tablets, 60 Tabs",Lamivudine/Nevirapine/Zidovudine,Generic,150/300/200mg,Tablet - FDC,60,"1,152",9342.72,8.11,0.14,Hetero Unit III Hyderabad IN,FALSE,See DN-3712 (ID#:83795),null,9.6
"83,797",102-BI-T30,FPQ-13627,SO-47670,DN-3712,Burundi,PMO - US,From RDC,N/A - From RDC,Air,1/24/2014,N/A - From RDC,30-May-14,25-Jun-14,01-Jul-14,ARV,Adult,SCMS from RDC,"Nevirapine 200mg, tablets, 60 Tabs",Nevirapine,Generic,200mg,Tablet,60,450,994.50,2.21,0.04,"Aurobindo Unit III, India",FALSE,See DN-3712 (ID#:83795),null,1.02
"84,371",102-BI-T30,FPQ-13627,SO-47670,DN-3712,Burundi,PMO - US,From RDC,N/A - From RDC,Air,1/24/2014,N/A - From RDC,30-May-14,25-Jun-14,01-Jul-14,ARV,Adult,SCMS from RDC,"Lopinavir/Ritonavir 200/50mg, tablets, 120 Tabs",Lopinavir/Ritonavir,Generic,200/50mg,Tablet,120,200,4008.00,20.04,0.17,Mylan (formerly Matrix) Nashik,FALSE,See DN-3712 (ID#:83795),null,4.12
"86,685",151-NG-T30,FPQ-13293,SO-47284,DN-3719,Nigeria,PMO - US,From RDC,N/A - From RDC,Air Charter,11/19/2013,N/A - From RDC,30-Jun-14,09-May-14,23-May-14,ARV,Pediatric,SCMS from RDC,"Lamivudine/Nevirapine/Zidovudine 30/50/60mg, dispersible tablets, 60 Tabs",Lamivudine/Nevirapine/Zidovudine,Generic,30/50/60mg,Chewable/dispersible tablet - FDC,60,"11,820",44325.00,3.75,0.06,"Strides, Bangalore, India.",FALSE,See DN-3719 (ID#:85477),null,45.57
"86,686",151-NG-T30,FPQ-13293,SO-47271,DN-3721,Nigeria,PMO - US,From RDC,N/A - From RDC,Air Charter,11/19/2013,N/A - From RDC,03-Jun-14,09-May-14,23-May-14,ARV,Adult,SCMS from RDC,"Lamivudine/Nevirapine/Zidovudine 150/200/300mg, tablets, 60 Tabs",Lamivudine/Nevirapine/Zidovudine,Generic,150/300/200mg,Tablet - FDC,60,"200,000",1622000.00,8.11,0.14,Hetero Unit III Hyderabad IN,FALSE,See DN-3721 (ID#:86086),null,"1,667.42"
"10,624",112-NG-T01,Pre-PQ Process,SO-565,DN-373,Nigeria,PMO - US,From RDC,N/A - From RDC,Air,Pre-PQ Process,N/A - From RDC,20-Sep-07,20-Sep-07,20-Sep-07,ARV,Adult,SCMS from RDC,"Lamivudine/Nevirapine/Stavudine 150/200/30mg, tablets, 60 Tabs",Lamivudine/Nevirapine/Stavudine,Generic,150/200/30mg,Tablet - FDC,60,222,1665.00,7.5,0.12,"Cipla, Goa, India",FALSE,See DN-373 (ID#:10623),null,2.66
"10,625",112-NG-T01,Pre-PQ Process,SO-565,DN-373,Nigeria,PMO - US,From RDC,N/A - From RDC,Air,Pre-PQ Process,N/A - From RDC,20-Sep-07,20-Sep-07,20-Sep-07,ARV,Adult,SCMS from RDC,"Lamivudine/Nevirapine/Stavudine 150/200/40mg, tablets, 60 Tabs",Lamivudine/Nevirapine/Stavudine,Generic,150/200/40mg,Tablet - FDC,60,"1,132",8716.40,7.7,0.13,"Cipla, Goa, India",FALSE,See DN-373 (ID#:10623),null,13.95
"85,694",151-NG-T30,FPQ-5023,SO-36437,DN-1956,Nigeria,PMO - US,From RDC,N/A - From RDC,Air Charter,02-10-10,N/A - From RDC,16-Aug-10,17-Aug-10,17-Aug-10,ARV,Adult,SCMS from RDC,"Lamivudine/Nevirapine/Zidovudine 150/200/300mg, tablets, 60 Tabs",Lamivudine/Nevirapine/Zidovudine,Generic,150/300/200mg,Tablet - FDC,60,"55,070",617885.40,11.22,0.19,"Aurobindo Unit III, India",TRUE,7253,"$6,147.18 ","1,332.16"
"10,626",112-NG-T01,Pre-PQ Process,SO-565,DN-373,Nigeria,PMO - US,From RDC,N/A - From RDC,Air,Pre-PQ Process,N/A - From RDC,20-Sep-07,20-Sep-07,20-Sep-07,ARV,Pediatric,SCMS from RDC,"Zidovudine 10mg/ml, oral solution, Bottle, 240 ml",Zidovudine,Generic,10mg/ml,Oral solution,240,"1,653",6529.35,3.95,0.02,"Aurobindo Unit III, India",FALSE,See DN-373 (ID#:10623),null,10.45
"85,696",151-NG-T30,FPQ-5023,SO-36433,DN-1884,Nigeria,PMO - US,From RDC,N/A - From RDC,Air,02-10-10,N/A - From RDC,31-Aug-10,17-Aug-10,17-Aug-10,ARV,Adult,SCMS from RDC,"Lamivudine/Nevirapine/Zidovudine 150/200/300mg, tablets, 60 Tabs",Lamivudine/Nevirapine/Zidovudine,Generic,150/300/200mg,Tablet - FDC,60,"10,000",112200.00,11.22,0.19,"Aurobindo Unit III, India",TRUE,1250,"$6,147.18 ",241.9
"85,697",151-NG-T30,FPQ-5688,SO-36930,DN-1974,Nigeria,PMO - US,From RDC,N/A - From RDC,Air Charter,5/27/2010,N/A - From RDC,31-Aug-10,17-Aug-10,17-Aug-10,ARV,Adult,SCMS from RDC,"Lamivudine/Nevirapine/Zidovudine 150/200/300mg, tablets, 60 Tabs",Lamivudine/Nevirapine/Zidovudine,Generic,150/300/200mg,Tablet - FDC,60,"80,000",897600.00,11.22,0.19,"Aurobindo Unit III, India",TRUE,10519,"$6,147.18 ","1,935.23"
"85,698",151-NG-T30,FPQ-5688,SO-36933,DN-1977,Nigeria,PMO - US,From RDC,N/A - From RDC,Air Charter,5/27/2010,N/A - From RDC,31-Aug-10,17-Aug-10,17-Aug-10,ARV,Adult,SCMS from RDC,"Lamivudine/Nevirapine/Zidovudine 150/200/300mg, tablets, 60 Tabs",Lamivudine/Nevirapine/Zidovudine,Generic,150/300/200mg,Tablet - FDC,60,"15,000",168300.00,11.22,0.19,"Aurobindo Unit III, India",TRUE,1972,"$6,147.18 ",362.85
"85,699",151-NG-T30,FPQ-5023,SO-36450,DN-1980,Nigeria,PMO - US,From RDC,N/A - From RDC,Air Charter,02-10-10,N/A - From RDC,31-Aug-10,17-Aug-10,17-Aug-10,ARV,Adult,SCMS from RDC,"Abacavir 300mg, tablets, 60 Tabs",Abacavir,Generic,300mg,Tablet,60,"2,300",37812.00,16.44,0.27,"Aurobindo Unit III, India",TRUE,336,"$6,147.18 ",81.52
"10,893",112-NG-T01,Pre-PQ Process,SO-565,DN-373,Nigeria,PMO - US,From RDC,N/A - From RDC,Air,Pre-PQ Process,N/A - From RDC,20-Sep-07,20-Sep-07,20-Sep-07,ARV,Adult,SCMS from RDC,"Lamivudine 150mg, tablets, 60 Tabs",Lamivudine,Generic,150mg,Tablet,60,614,2032.34,3.31,0.06,"Aurobindo Unit III, India",FALSE,See DN-373 (ID#:10623),null,3.25
"10,894",112-NG-T01,Pre-PQ Process,SO-565,DN-373,Nigeria,PMO - US,From RDC,N/A - From RDC,Air,Pre-PQ Process,N/A - From RDC,20-Sep-07,20-Sep-07,20-Sep-07,ARV,Adult,SCMS from RDC,"Nevirapine 200mg, tablets, 60 Tabs",Nevirapine,Generic,200mg,Tablet,60,600,2142.00,3.57,0.06,"Aurobindo Unit III, India",FALSE,See DN-373 (ID#:10623),null,3.43
"10,895",112-NG-T01,Pre-PQ Process,SO-565,DN-373,Nigeria,PMO - US,From RDC,N/A - From RDC,Air,Pre-PQ Process,N/A - From RDC,20-Sep-07,20-Sep-07,20-Sep-07,ARV,Pediatric,SCMS from RDC,"Lamivudine 10mg/ml, oral solution, Bottle, 240 ml",Lamivudine,Generic,10mg/ml,Oral solution,240,390,1010.10,2.59,0.01,"Cipla, Goa, India",FALSE,See DN-373 (ID#:10623),null,1.62
"85,705",117-ET-T30,FPQ-5581,SO-36680,DN-2006,Ethiopia,PMO - US,From RDC,N/A - From RDC,Air,4/28/2010,N/A - From RDC,15-Sep-10,13-Sep-10,13-Sep-10,ARV,Adult,SCMS from RDC,"Lamivudine 150mg, tablets, 60 Tabs",Lamivudine,Generic,150mg,Tablet,60,"1,800",4194.00,2.33,0.04,"Aurobindo Unit III, India",TRUE,74,$530.36 ,9.04
"11,462",112-NG-T01,Pre-PQ Process,SO-565,DN-373,Nigeria,PMO - US,From RDC,N/A - From RDC,Air,Pre-PQ Process,N/A - From RDC,20-Sep-07,20-Sep-07,20-Sep-07,ARV,Adult,SCMS from RDC,"Lamivudine/Zidovudine 150/300mg, tablets, 60 Tabs",Lamivudine/Zidovudine,Generic,150/300mg,Tablet - FDC,60,229,2445.72,10.68,0.18,"Aurobindo Unit III, India",FALSE,See DN-373 (ID#:10623),null,3.91
"85,707",104-CI-T30,FPQ-5925,SO-37142,DN-2013,Côte d'Ivoire,PMO - US,From RDC,N/A - From RDC,Truck,6/23/2010,N/A - From RDC,30-Sep-10,25-Sep-10,25-Sep-10,ARV,Adult,SCMS from RDC,"Lamivudine/Stavudine 150/30mg, tablets, 60 Tabs",Lamivudine/Stavudine,Generic,150/30mg,Tablet - FDC,60,"2,376",7793.28,3.28,0.05,Mylan (formerly Matrix) Nashik,TRUE,189,"$8,953.21 ",16.8
"85,708",111-MZ-T30,FPQ-5127,SO-36020,DN-2014,Mozambique,PMO - US,From RDC,N/A - From RDC,Truck,2/15/2010,N/A - From RDC,15-Oct-10,29-Oct-10,29-Oct-10,ARV,Adult,SCMS from RDC,"Lamivudine/Nevirapine/Zidovudine 150/200/300mg, tablets, 60 Tabs",Lamivudine/Nevirapine/Zidovudine,Generic,150/300/200mg,Tablet - FDC,60,"48,551",544742.22,11.22,0.19,Mylan (formerly Matrix) Nashik,TRUE,15664,"$11,884.42 ","1,174.46"
"12,724",112-NG-T01,Pre-PQ Process,SO-565,DN-373,Nigeria,PMO - US,From RDC,N/A - From RDC,Air,Pre-PQ Process,N/A - From RDC,20-Sep-07,20-Sep-07,20-Sep-07,ARV,Pediatric,SCMS from RDC,"Nevirapine 10mg/ml, oral suspension, Bottle, 240 ml",Nevirapine,Generic,10mg/ml,Oral suspension,240,"1,622",10056.40,6.2,0.03,"Aurobindo Unit III, India",FALSE,See DN-373 (ID#:10623),null,16.09
"86,089",114-UG-T30,FPQ-13108,SO-46875,DN-3732,Uganda,PMO - US,From RDC,N/A - From RDC,Truck,10/16/2013,N/A - From RDC,30-Jun-14,30-Jun-14,01-Jul-14,ARV,Adult,SCMS from RDC,"Lamivudine/Nevirapine/Zidovudine 150/200/300mg, tablets, 60 Tabs",Lamivudine/Nevirapine/Zidovudine,Generic,150/300/200mg,Tablet - FDC,60,"52,898",429002.78,8.11,0.14,Hetero Unit III Hyderabad IN,FALSE,See DN-3732 (ID#:82680),null,441.01
"86,090",114-UG-T30,FPQ-13108,SO-46875,DN-3732,Uganda,PMO - US,From RDC,N/A - From RDC,Truck,10/16/2013,N/A - From RDC,30-Jun-14,30-Jun-14,01-Jul-14,ARV,Adult,SCMS from RDC,"Lamivudine/Nevirapine/Zidovudine 150/200/300mg, tablets, 60 Tabs",Lamivudine/Nevirapine/Zidovudine,Generic,150/300/200mg,Tablet - FDC,60,30,243.30,8.11,0.14,"Cipla, Goa, India",FALSE,See DN-3732 (ID#:82680),null,0.25
"85,712",102-UG-T30,FPQ-6202,SO-37270,DN-2028,Uganda,PMO - US,From RDC,N/A - From RDC,Truck,08-06-10,N/A - From RDC,29-Oct-10,15-Oct-10,15-Oct-10,ARV,Adult,SCMS from RDC,"Lamivudine/Nevirapine/Zidovudine 150/200/300mg, tablets, 60 Tabs",Lamivudine/Nevirapine/Zidovudine,Generic,150/300/200mg,Tablet - FDC,60,"30,000",336600.00,11.22,0.19,"Aurobindo Unit III, India",TRUE,4050,"$15,759.47 ",725.71
"85,481",105-GY-T30,FPQ-14042,SO-48500,DN-3737,Guyana,PMO - US,From RDC,N/A - From RDC,Air,04-09-14,N/A - From RDC,30-Jun-14,03-Jun-14,18-Jul-14,ARV,Adult,SCMS from RDC,"Lamivudine 150mg, tablets, 60 Tabs",Lamivudine,Generic,150mg,Tablet,60,574,998.76,1.74,0.03,"Aurobindo Unit III, India",FALSE,See DN-3737 (ID#:84934),null,1.03
"85,714",109-TZ-T30,FPQ-5237,SO-37180,DN-2040,Tanzania,PMO - US,From RDC,N/A - From RDC,Truck,03-01-10,N/A - From RDC,30-Nov-10,03-Dec-10,03-Dec-10,ARV,Adult,SCMS from RDC,"Nevirapine 200mg, tablets, 60 Tabs",Nevirapine,Generic,200mg,Tablet,60,"110,000",283800.00,2.58,0.04,"Aurobindo Unit III, India",TRUE,12543,"$1,979.75 ",611.87
"84,372",102-BI-T30,FPQ-12602,SO-46023,DN-3739,Burundi,PMO - US,From RDC,N/A - From RDC,Air,07-09-13,N/A - From RDC,16-Jun-14,04-Jun-14,09-Jul-14,ARV,Adult,SCMS from RDC,"Lopinavir/Ritonavir 200/50mg, tablets, 120 Tabs",Lopinavir/Ritonavir,Generic,200/50mg,Tablet,120,112,2207.52,19.71,0.16,Mylan (formerly Matrix) Nashik,FALSE,See DN-3739 (ID#:83804),null,2.73
"84,935",102-BI-T30,FPQ-12602,SO-46023,DN-3739,Burundi,PMO - US,From RDC,N/A - From RDC,Air,07-09-13,N/A - From RDC,16-Jun-14,04-Jun-14,09-Jul-14,ARV,Adult,SCMS from RDC,"Efavirenz 600mg, tablets, 30 Tabs",Efavirenz,Generic,600mg,Tablet,30,573,1839.33,3.21,0.11,"Strides, Bangalore, India.",FALSE,See DN-3739 (ID#:83804),null,2.28
"86,691",111-MZ-T30,FPQ-13575,SO-47702,DN-3744,Mozambique,PMO - US,From RDC,N/A - From RDC,Truck,1/17/2014,N/A - From RDC,31-Aug-14,18-Jul-14,07-Aug-14,ARV,Adult,SCMS from RDC,"Efavirenz/Lamivudine/Tenofovir Disoproxil Fumarate 600/300/300mg, tablets, 30 Tabs",Efavirenz/Lamivudine/Tenofovir Disoproxil Fumarate,Generic,600/300/300mg,Tablet - FDC,30,"247,500",2668050.00,10.78,0.36,Mylan (formerly Matrix) Nashik,FALSE,See DN-3744 (ID#:85483),null,"2,742.76"
"84,937",111-MZ-T30,FPQ-13123,SO-47092,DN-3752,Mozambique,PMO - US,From RDC,N/A - From RDC,Truck,10/21/2013,N/A - From RDC,31-Jul-14,25-Jul-14,05-Sep-14,ARV,Adult,SCMS from RDC,"Efavirenz 600mg, tablets, 30 Tabs",Efavirenz,Generic,600mg,Tablet,30,"30,000",96300.00,3.21,0.11,"Strides, Bangalore, India.",FALSE,See DN-3752 (ID#:84373),null,99
"86,096",111-MZ-T30,FPQ-13123,SO-47092,DN-3752,Mozambique,PMO - US,From RDC,N/A - From RDC,Truck,10/21/2013,N/A - From RDC,31-Jul-14,25-Jul-14,05-Sep-14,ARV,Pediatric,SCMS from RDC,"Nevirapine 10mg/ml, oral suspension w/syringe, Bottle, 240 ml",Nevirapine,Generic,10mg/ml,Oral suspension,240,"45,696",74484.48,1.63,0.01,"Aurobindo Unit III, India",FALSE,See DN-3752 (ID#:84373),null,76.57
"85,720",151-NG-T30,FPQ-5023,SO-37210,DN-2046,Nigeria,PMO - US,From RDC,N/A - From RDC,Air Charter,02-10-10,N/A - From RDC,16-Nov-10,10-Nov-10,10-Nov-10,ARV,Adult,SCMS from RDC,"Nevirapine 200mg, tablets, 60 Tabs",Nevirapine,Generic,200mg,Tablet,60,350,903.00,2.58,0.04,"Aurobindo Unit III, India",TRUE,40,"$20,264.93 ",1.95
"85,721",102-UG-T30,FPQ-6202,SO-37510,DN-2048,Uganda,PMO - US,From RDC,N/A - From RDC,Air,08-06-10,N/A - From RDC,26-Nov-10,23-Nov-10,23-Nov-10,ARV,Adult,SCMS from RDC,"Lamivudine/Nevirapine/Zidovudine 150/200/300mg, tablets, 60 Tabs",Lamivudine/Nevirapine/Zidovudine,Generic,150/300/200mg,Tablet - FDC,60,"115,745",1298658.90,11.22,0.19,Mylan (formerly Matrix) Nashik,TRUE,15500,"$83,195.98 ","2,799.91"
"10,898",104-CI-T01,Pre-PQ Process,SO-845,DN-376,Côte d'Ivoire,PMO - US,From RDC,N/A - From RDC,Air,Pre-PQ Process,N/A - From RDC,02-Oct-07,02-Oct-07,02-Oct-07,HRDT,HIV test,SCMS from RDC,"HIV 1/2, Determine Complete HIV Kit, 100 Tests","HIV 1/2, Determine Complete HIV Kit",Determine,,Test kit,100,350,25200.00,72,0.72,Inverness Japan,FALSE,See DN-376 (ID#:10628),null,40.32
"84,374",109-TZ-T30,FPQ-13042,SO-46701,DN-3762,Tanzania,PMO - US,From RDC,N/A - From RDC,Air,10-01-13,N/A - From RDC,31-Jul-14,25-Sep-14,06-Oct-14,ARV,Pediatric,SCMS from RDC,"Nevirapine 10mg/ml, oral suspension w/syringe, Bottle, 100 ml",Nevirapine,Generic,10mg/ml,Oral suspension,100,"43,293",56280.90,1.3,0.01,"Aurobindo Unit III, India",FALSE,See DN-3762 (ID#:82685),null,69.62
"84,942",109-TZ-T30,FPQ-13042,SO-46701,DN-3762,Tanzania,PMO - US,From RDC,N/A - From RDC,Air,10-01-13,N/A - From RDC,31-Jul-14,25-Sep-14,06-Oct-14,ARV,Pediatric,SCMS from RDC,"Nevirapine 10mg/ml, oral suspension w/syringe, Bottle, 100 ml",Nevirapine,Generic,10mg/ml,Oral suspension,100,"28,464",37003.20,1.3,0.01,"Aurobindo Unit III, India",FALSE,See DN-3762 (ID#:82685),null,45.77
"86,694",113-ZW-T30,FPQ-13508,SO-47541,DN-3771,Zimbabwe,PMO - US,From RDC,N/A - From RDC,Truck,12/24/2013,N/A - From RDC,30-Sep-14,20-Jun-14,07-Jul-14,ARV,Adult,SCMS from RDC,"Nevirapine 200mg, tablets, 60 Tabs",Nevirapine,Generic,200mg,Tablet,60,"178,097",402499.22,2.26,0.04,Hetero Unit III Hyderabad IN,FALSE,See DN-3771 (ID#:84943),null,413.77
"85,488",113-ZW-T30,FPQ-13508,SO-47530,DN-3780,Zimbabwe,PMO - US,From RDC,N/A - From RDC,Truck,12/24/2013,N/A - From RDC,30-Jul-14,11-Jul-14,04-Aug-14,ARV,Adult,SCMS from RDC,"Nevirapine 200mg, tablets, 60 Tabs",Nevirapine,Generic,200mg,Tablet,60,"51,747",116948.22,2.26,0.04,"Strides, Bangalore, India.",FALSE,See DN-3780 (ID#:84944),null,120.22
"86,110",107-RW-T30,FPQ-13812,SO-48161,DN-3787,Rwanda,PMO - US,From RDC,N/A - From RDC,Truck,03-04-14,N/A - From RDC,19-Aug-14,13-Aug-14,14-Aug-14,ARV,Adult,SCMS from RDC,"Nevirapine 200mg, tablets, 60 Tabs",Nevirapine,Generic,200mg,Tablet,60,"88,809",200708.34,2.26,0.04,Hetero Unit III Hyderabad IN,FALSE,See DN-3787 (ID#:83818),null,206.33
"11,792",104-CI-T01,Pre-PQ Process,SO-964,DN-379,Côte d'Ivoire,PMO - US,From RDC,N/A - From RDC,Air,Pre-PQ Process,N/A - From RDC,15-Oct-07,15-Oct-07,15-Oct-07,ARV,Adult,SCMS from RDC,"Ritonavir 100mg [Norvir], capsules, cool, 4 x 84 Caps",Ritonavir,Norvir,100mg,Capsule,336,"1,455",55813.80,38.36,0.11,ABBVIE (Abbott) France,FALSE,See DN-379 (ID#:10890),null,89.3
"12,416",104-CI-T01,Pre-PQ Process,SO-964,DN-379,Côte d'Ivoire,PMO - US,From RDC,N/A - From RDC,Air,Pre-PQ Process,N/A - From RDC,15-Oct-07,15-Oct-07,15-Oct-07,ARV,Adult,SCMS from RDC,"Zidovudine 300mg, tablets, 60 Tabs",Zidovudine,Generic,300mg,Tablet,60,"5,794",47221.10,8.15,0.14,"Ranbaxy, Paonta Shahib, India",FALSE,See DN-379 (ID#:10890),null,75.55
"85,497",151-NG-T30,FPQ-13293,SO-47286,DN-3792,Nigeria,PMO - US,From RDC,N/A - From RDC,Air Charter,11/19/2013,N/A - From RDC,30-Jun-14,20-Jun-14,25-Jun-14,ARV,Adult,SCMS from RDC,"Lamivudine/Zidovudine 150/300mg, tablets, 60 Tabs",Lamivudine/Zidovudine,Generic,150/300mg,Tablet - FDC,60,"34,000",221680.00,6.52,0.11,Hetero Unit III Hyderabad IN,FALSE,See DN-3792 (ID#:83259),null,227.89
"86,254",117-ET-T30,FPQ-4668,SO-35240,DN-1604,Ethiopia,PMO - US,From RDC,N/A - From RDC,Air,11/26/2009,N/A - From RDC,04-Jan-10,18-Dec-09,18-Dec-09,ARV,Adult,SCMS from RDC,"Lamivudine 150mg, tablets, 60 Tabs",Lamivudine,Generic,150mg,Tablet,60,"8,000",19520.00,2.44,0.04,Mylan (formerly Matrix) Nashik,TRUE,425,"$2,978.50 ",42.09
"82,695",151-NG-T30,FPQ-13293,SO-47272,DN-3794,Nigeria,PMO - US,From RDC,N/A - From RDC,Air Charter,11/19/2013,N/A - From RDC,30-Jun-14,20-Jun-14,25-Jun-14,ARV,Adult,SCMS from RDC,"Lamivudine/Nevirapine/Zidovudine 150/200/300mg, tablets, 60 Tabs",Lamivudine/Nevirapine/Zidovudine,Generic,150/300/200mg,Tablet - FDC,60,"145,235",1177855.85,8.11,0.14,"Strides, Bangalore, India.",FALSE,See DN-3794 (ID#:82694),null,"1,210.84"
"83,819",151-NG-T30,FPQ-13293,SO-47272,DN-3794,Nigeria,PMO - US,From RDC,N/A - From RDC,Air Charter,11/19/2013,N/A - From RDC,30-Jun-14,20-Jun-14,25-Jun-14,ARV,Adult,SCMS from RDC,"Lamivudine/Nevirapine/Zidovudine 150/200/300mg, tablets, 60 Tabs",Lamivudine/Nevirapine/Zidovudine,Generic,150/300/200mg,Tablet - FDC,60,"63,285",513241.35,8.11,0.14,Mylan (formerly Matrix) Nashik,FALSE,See DN-3794 (ID#:82694),null,527.61
"85,733",104-CI-T30,FPQ-5925,SO-37130,DN-2095,Côte d'Ivoire,PMO - US,From RDC,N/A - From RDC,Air,6/23/2010,N/A - From RDC,22-Feb-11,22-Feb-11,22-Feb-11,ARV,Adult,SCMS from RDC,"Lamivudine/Stavudine 150/30mg, tablets, 60 Tabs",Lamivudine/Stavudine,Generic,150/30mg,Tablet - FDC,60,"33,998",111513.44,3.28,0.05,Mylan (formerly Matrix) Nashik,TRUE,7275,"$8,758.36 ",240.42
"10,891",110-ZM-T01,Pre-PQ Process,SO-535,DN-380,Zambia,PMO - US,From RDC,N/A - From RDC,,Pre-PQ Process,N/A - From RDC,17-Oct-07,17-Oct-07,17-Oct-07,HRDT,HIV test,SCMS from RDC,"HIV 1/2, Determine HIV Kit, without Lancets, 100 Tests","HIV 1/2, Determine HIV Kit, without Lancets",Determine,,Test kit,100,872,62775.28,71.99,0.72,Inverness Japan,FALSE,See DN-380 (ID#:10622),null,100.44
"85,735",151-NG-T30,FPQ-6243,SO-38390,DN-2101,Nigeria,PMO - US,From RDC,N/A - From RDC,Air Charter,8/25/2010,N/A - From RDC,17-Feb-11,16-Feb-11,16-Feb-11,ARV,Adult,SCMS from RDC,"Tenofovir Disoproxil Fumarate 300mg, tablets, 30 Tabs",Tenofovir Disoproxil Fumarate,Generic,300mg,Tablet,30,"3,000",19710.00,6.57,0.22,"Aurobindo Unit III, India",TRUE,2252,"$43,548 ",42.49
"12,723",110-ZM-T01,Pre-PQ Process,SO-535,DN-380,Zambia,PMO - US,From RDC,N/A - From RDC,,Pre-PQ Process,N/A - From RDC,17-Oct-07,17-Oct-07,17-Oct-07,HRDT,HIV test - Ancillary,SCMS from RDC,"HIV, Lancet, Safety, for HIV Test kits, 100 Pcs","HIV, Lancet, Safety, for HIV Test kits, 100 Pcs",Generic,,Test kit - Ancillary,100,872,8.72,0.01,0,Inverness Japan,FALSE,See DN-380 (ID#:10622),null,0.01
"85,737",109-TZ-T30,FPQ-5237,SO-37910,DN-2103,Tanzania,PMO - US,From RDC,N/A - From RDC,Truck,03-01-10,N/A - From RDC,28-Feb-11,28-Feb-11,28-Feb-11,ARV,Adult,SCMS from RDC,"Nevirapine 200mg, tablets, 60 Tabs",Nevirapine,Generic,200mg,Tablet,60,"36,576",94366.08,2.58,0.04,"Aurobindo Unit III, India",TRUE,4145,"$1,647 ",203.45
"85,738",104-CI-T30,FPQ-6499,SO-38500,DN-2110,Côte d'Ivoire,PMO - US,From RDC,N/A - From RDC,Air,10-04-10,N/A - From RDC,15-Feb-11,23-Feb-11,23-Feb-11,ARV,Adult,SCMS from RDC,"Efavirenz/Emtricitabine/Tenofovir Disoproxil Fumarate 600/200/300mg, tablets, 30 Tabs",Efavirenz/Emtricitabine/Tenofovir Disoproxil Fumarate,Generic,600/200/300mg,Tablet - FDC,30,"4,800",95616.00,19.92,0.66,Mylan (formerly Matrix) Nashik,TRUE,532,"$7,441.57 ",157.77
"83,262",104-CI-T30,FPQ-13628,SO-47880,DN-3803,Côte d'Ivoire,PMO - US,From RDC,N/A - From RDC,Truck,1/29/2014,N/A - From RDC,28-Nov-14,09-Jul-14,07-Aug-14,ARV,Adult,SCMS from RDC,"Lamivudine/Tenofovir Disoproxil Fumarate 300/300mg, tablets, 30 Tabs",Lamivudine/Tenofovir Disoproxil Fumarate,Generic,300/300mg,Tablet - FDC,30,"10,000",46300.00,4.63,0.15,Hetero Unit III Hyderabad IN,FALSE,See DN-3803 (ID#:83260),null,47.6
"85,501",104-CI-T30,FPQ-13628,SO-47880,DN-3803,Côte d'Ivoire,PMO - US,From RDC,N/A - From RDC,Truck,1/29/2014,N/A - From RDC,28-Nov-14,09-Jul-14,07-Aug-14,ARV,Pediatric,SCMS from RDC,"Abacavir/Lamivudine 60/30mg, tablets, 60 Tabs",Abacavir/Lamivudine,Generic,60/30mg,Tablet - FDC,60,"2,863",11709.67,4.09,0.07,Mylan (formerly Matrix) Nashik,FALSE,See DN-3803 (ID#:83260),null,12.04
"85,502",151-NG-T30,FPQ-14156,SO-48901,DN-3807,Nigeria,PMO - US,From RDC,N/A - From RDC,Air Charter,4/25/2014,N/A - From RDC,31-Oct-14,20-Jun-14,25-Jun-14,ARV,Adult,SCMS from RDC,"Lamivudine/Tenofovir Disoproxil Fumarate 300/300mg, tablets, 30 Tabs",Lamivudine/Tenofovir Disoproxil Fumarate,Generic,300/300mg,Tablet - FDC,30,"7,354",34122.56,4.64,0.15,Hetero Unit III Hyderabad IN,FALSE,See DN-3807 (ID#:82698),null,35.08
"86,706",111-MZ-T30,FPQ-13124,SO-47040,DN-3809,Mozambique,PMO - US,From RDC,N/A - From RDC,Truck,10/21/2013,N/A - From RDC,15-Aug-14,15-Aug-14,25-Aug-14,ARV,Adult,SCMS from RDC,"Zidovudine 300mg, tablets, 60 Tabs",Zidovudine,Generic,300mg,Tablet,60,"57,870",314812.80,5.44,0.09,"Aurobindo Unit III, India",FALSE,See DN-3809 (ID#:84950),null,323.63
"84,389",105-GY-T30,FPQ-14042,SO-48510,DN-3817,Guyana,PMO - US,From RDC,N/A - From RDC,Air,04-09-14,N/A - From RDC,30-Sep-14,29-Aug-14,08-Sep-14,ARV,Adult,SCMS from RDC,"Emtricitabine/Tenofovir Disoproxil Fumarate 200/300mg, tablets, 30 Tabs",Emtricitabine/Tenofovir Disoproxil Fumarate,Generic,200/300mg,Tablet - FDC,30,"2,238",12846.12,5.74,0.19,"Aurobindo Unit III, India",FALSE,See DN-3817 (ID#:83822),null,13.21
"85,507",110-ZM-T30,FPQ-13692,SO-48000,DN-3819,Zambia,PMO - US,From RDC,N/A - From RDC,Truck,02-06-14,N/A - From RDC,31-Jul-14,23-Jul-14,28-Aug-14,ARV,Adult,SCMS from RDC,"Efavirenz/Lamivudine/Tenofovir Disoproxil Fumarate 600/300/300mg, tablets, 30 Tabs",Efavirenz/Lamivudine/Tenofovir Disoproxil Fumarate,Generic,600/300/300mg,Tablet - FDC,30,"106,280",1145698.40,10.78,0.36,"Aurobindo Unit VII, IN",FALSE,See DN-3819 (ID#:85506),null,"1,177.78"
"86,114",110-ZM-T30,FPQ-13692,SO-48000,DN-3819,Zambia,PMO - US,From RDC,N/A - From RDC,Truck,02-06-14,N/A - From RDC,31-Jul-14,23-Jul-14,28-Aug-14,ARV,Adult,SCMS from RDC,"Efavirenz/Lamivudine/Tenofovir Disoproxil Fumarate 600/300/300mg, tablets, 30 Tabs",Efavirenz/Lamivudine/Tenofovir Disoproxil Fumarate,Generic,600/300/300mg,Tablet - FDC,30,"175,000",1886500.00,10.78,0.36,Mylan (formerly Matrix) Nashik,FALSE,See DN-3819 (ID#:85506),null,"1,939.32"
"85,746",117-ET-T30,FPQ-7000,SO-38430,DN-2131,Ethiopia,PMO - US,From RDC,N/A - From RDC,Air,01-07-11,N/A - From RDC,10-Mar-11,11-Mar-11,11-Mar-11,ARV,Adult,SCMS from RDC,"Lopinavir/Ritonavir 200/50mg [Aluvia], tablets, 120 Tabs",Lopinavir/Ritonavir,Aluvia,200/50mg,Tablet,120,"2,680",96908.80,36.16,0.3,ABBVIE Ludwigshafen Germany,TRUE,549,"$3,600.65 ",159.9
"85,747",114-UG-T30,FPQ-7166,SO-38880,DN-2133,Uganda,PMO - US,From RDC,N/A - From RDC,Air,02-11-11,N/A - From RDC,11-Mar-11,22-Mar-11,22-Mar-11,ARV,Adult,SCMS from RDC,"Zidovudine 300mg, tablets, 60 Tabs",Zidovudine,Generic,300mg,Tablet,60,"10,000",72100.00,7.21,0.12,"Aurobindo Unit III, India",TRUE,1108,"$10,648.62 ",118.96
"85,748",104-CI-T30,FPQ-6495,SO-38770,DN-2147,Côte d'Ivoire,PMO - US,From RDC,N/A - From RDC,Air,10-04-10,N/A - From RDC,31-Mar-11,29-Apr-11,29-Apr-11,ARV,Pediatric,SCMS from RDC,"Zidovudine 10mg/ml, oral solution w/syringe, Bottle, 240 ml",Zidovudine,Generic,10mg/ml,Oral solution,240,"5,000",10500.00,2.1,0.01,"Aurobindo Unit III, India",TRUE,1841,"$9,447.08 ",22.64
"86,115",110-ZM-T30,FPQ-13692,SO-47991,DN-3822,Zambia,PMO - US,From RDC,N/A - From RDC,Truck,02-06-14,N/A - From RDC,14-Jul-14,03-Sep-14,06-Oct-14,ARV,Adult,SCMS from RDC,"Zidovudine 300mg, tablets, 60 Tabs",Zidovudine,Generic,300mg,Tablet,60,"7,130",38787.20,5.44,0.09,"Aurobindo Unit III, India",FALSE,See DN-3822 (ID#:84390),null,39.87
"82,703",113-ZW-T30,FPQ-13508,SO-47540,DN-3825,Zimbabwe,PMO - US,From RDC,N/A - From RDC,Truck,12/24/2013,N/A - From RDC,30-Sep-14,29-Jun-14,04-Aug-14,ARV,Adult,SCMS from RDC,"Lamivudine/Tenofovir Disoproxil Fumarate 300/300mg, tablets, 30 Tabs",Lamivudine/Tenofovir Disoproxil Fumarate,Generic,300/300mg,Tablet - FDC,30,"76,950",356278.50,4.63,0.15,Ranbaxy per Shasun Pharma,FALSE,See DN-3825 (ID#:82702),null,366.25
"85,752",151-NG-T30,FPQ-6800,SO-39210,DN-2171,Nigeria,PMO - US,From RDC,N/A - From RDC,Air Charter,12-07-10,N/A - From RDC,21-Jun-11,10-May-11,10-May-11,ARV,Adult,SCMS from RDC,"Nevirapine 200mg, tablets, 60 Tabs",Nevirapine,Generic,200mg,Tablet,60,"129,557",325188.07,2.51,0.04,"Aurobindo Unit III, India",TRUE,14710,"$12,601.07 ",536.56
"85,753",151-NG-T30,FPQ-6800,SO-39220,DN-2172,Nigeria,PMO - US,From RDC,N/A - From RDC,Air Charter,12-07-10,N/A - From RDC,21-Jun-11,11-May-11,11-May-11,ARV,Adult,SCMS from RDC,"Tenofovir Disoproxil Fumarate 300mg, tablets, 30 Tabs",Tenofovir Disoproxil Fumarate,Generic,300mg,Tablet,30,156,1024.92,6.57,0.22,Mylan (formerly Matrix) Nashik,TRUE,9,"$12,601.07 ",1.69
"85,754",151-NG-T30,FPQ-6800,SO-38490,DN-2162,Nigeria,PMO - US,From RDC,N/A - From RDC,Air Charter,12-07-10,N/A - From RDC,31-Mar-11,10-May-11,10-May-11,ARV,Adult,SCMS from RDC,"Lamivudine/Nevirapine/Zidovudine 150/200/300mg, tablets, 60 Tabs",Lamivudine/Nevirapine/Zidovudine,Generic,150/300/200mg,Tablet - FDC,60,"154,667",1735363.74,11.22,0.19,"Aurobindo Unit III, India",TRUE,20339,"$12,601.06 ","2,863.35"
"85,755",200-ZW-T30,FPQ-6483,SO-39290,DN-2180,Zimbabwe,PMO - US,From RDC,N/A - From RDC,Truck,10/13/2010,N/A - From RDC,20-Apr-11,20-May-11,20-May-11,ARV,Pediatric,SCMS from RDC,"Lamivudine/Nevirapine/Zidovudine 30/50/60mg, dispersible tablets, 60 Tabs",Lamivudine/Nevirapine/Zidovudine,Generic,30/50/60mg,Chewable/dispersible tablet - FDC,60,"55,000",233750.00,4.25,0.07,Mylan (formerly Matrix) Nashik,TRUE,5357,"$3,403.99 ",503.96
"85,756",111-MZ-T30,FPQ-7053,SO-38650,DN-2184,Mozambique,PMO - US,From RDC,N/A - From RDC,Truck,1/24/2011,N/A - From RDC,11-May-11,25-May-11,25-May-11,ARV,Adult,SCMS from RDC,"Lamivudine/Zidovudine 150/300mg, tablets, 60 Tabs",Lamivudine/Zidovudine,Generic,150/300mg,Tablet - FDC,60,"45,000",384750.00,8.55,0.14,"Aurobindo Unit III, India",TRUE,4171,"$3,936.85 ",634.84
"85,757",151-NG-T30,FPQ-6800,SO-39200,DN-2170,Nigeria,PMO - US,From RDC,N/A - From RDC,Air Charter,12-07-10,N/A - From RDC,21-Jun-11,11-May-11,11-May-11,ARV,Adult,SCMS from RDC,"Lamivudine/Zidovudine 150/300mg, tablets, 60 Tabs",Lamivudine/Zidovudine,Generic,150/300mg,Tablet - FDC,60,"137,900",1139054.00,8.26,0.14,"Aurobindo Unit III, India",TRUE,12766,"$12,601.07 ","1,879.44"
"85,758",110-ZM-T30,FPQ-6482,SO-39130,DN-2194,Zambia,PMO - US,From RDC,N/A - From RDC,Truck,10/15/2010,N/A - From RDC,30-Apr-11,20-May-11,20-May-11,ARV,Adult,SCMS from RDC,"Nevirapine 200mg, tablets, 60 Tabs",Nevirapine,Generic,200mg,Tablet,60,84,210.84,2.51,0.04,Hetero Unit III Hyderabad IN,TRUE,6,"$3,402.23 ",0.45
"82,704",113-ZW-T30,FPQ-13508,SO-47540,DN-3825,Zimbabwe,PMO - US,From RDC,N/A - From RDC,Truck,12/24/2013,N/A - From RDC,30-Sep-14,29-Jun-14,04-Aug-14,ARV,Adult,SCMS from RDC,"Lamivudine/Tenofovir Disoproxil Fumarate 300/300mg, tablets, 30 Tabs",Lamivudine/Tenofovir Disoproxil Fumarate,Generic,300/300mg,Tablet - FDC,30,"43,715",202400.45,4.63,0.15,"Cipla, Kurkumbh, India",FALSE,See DN-3825 (ID#:82702),null,208.07
"85,760",111-MZ-T30,FPQ-7053,SO-39530,DN-2206,Mozambique,PMO - US,From RDC,N/A - From RDC,Truck,1/24/2011,N/A - From RDC,30-Jun-11,13-Jul-11,13-Jul-11,ARV,Adult,SCMS from RDC,"Lamivudine 150mg, tablets, 60 Tabs",Lamivudine,Generic,150mg,Tablet,60,"2,268",5284.44,2.33,0.04,"Aurobindo Unit III, India",TRUE,109,"$1,148.65 ",8.72
"85,761",114-UG-T30,FPQ-7166,SO-39660,DN-2222,Uganda,PMO - US,From RDC,N/A - From RDC,Air,02-11-11,N/A - From RDC,15-Jun-11,31-May-11,31-May-11,ARV,Pediatric,SCMS from RDC,"Nevirapine 10mg/ml, oral suspension w/syringe, Bottle, 240 ml",Nevirapine,Generic,10mg/ml,Oral suspension,240,"20,000",39000.00,1.95,0.01,"Aurobindo Unit III, India",TRUE,7464,"$4,605.44 ",64.35
"85,762",151-NG-T30,FPQ-6800,SO-39380,DN-2210,Nigeria,PMO - US,From RDC,N/A - From RDC,Air Charter,12-07-10,N/A - From RDC,21-Jun-11,06-Jul-11,06-Jul-11,ARV,Adult,SCMS from RDC,"Nevirapine 200mg, tablets, 60 Tabs",Nevirapine,Generic,200mg,Tablet,60,"22,623",56783.73,2.51,0.04,"Aurobindo Unit III, India",TRUE,2809,"$13,398.06 ",93.69
"85,763",104-CI-T30,FPQ-6495,SO-39670,DN-2232,Côte d'Ivoire,PMO - US,From RDC,N/A - From RDC,Air,10-04-10,N/A - From RDC,16-May-11,20-Jun-11,20-Jun-11,ARV,Pediatric,SCMS from RDC,"Nevirapine 10mg/ml, oral suspension w/syringe, Bottle, 240 ml",Nevirapine,Generic,10mg/ml,Oral suspension,240,"3,500",6825.00,1.95,0.01,"Aurobindo Unit III, India",TRUE,1313,"$5,597.54 ",14.71
"85,764",106-HT-T30,FPQ-6484,SO-39680,DN-2233,Haiti,PMO - US,From RDC,N/A - From RDC,Air,10/13/2010,N/A - From RDC,16-May-11,20-Jun-11,20-Jun-11,ARV,Pediatric,SCMS from RDC,"Nevirapine 10mg/ml, oral suspension w/syringe, Bottle, 240 ml",Nevirapine,Generic,10mg/ml,Oral suspension,240,"4,000",7800.00,1.95,0.01,"Aurobindo Unit III, India",TRUE,1496,"$14,897.04 ",16.82
"83,264",113-ZW-T30,FPQ-13508,SO-47540,DN-3825,Zimbabwe,PMO - US,From RDC,N/A - From RDC,Truck,12/24/2013,N/A - From RDC,30-Sep-14,29-Jun-14,04-Aug-14,ARV,Adult,SCMS from RDC,"Nevirapine 200mg, tablets, 60 Tabs",Nevirapine,Generic,200mg,Tablet,60,"120,000",261600.00,2.18,0.04,"Cipla, Goa, India",FALSE,See DN-3825 (ID#:82702),null,268.92
"83,823",113-ZW-T30,FPQ-13508,SO-47540,DN-3825,Zimbabwe,PMO - US,From RDC,N/A - From RDC,Truck,12/24/2013,N/A - From RDC,30-Sep-14,29-Jun-14,04-Aug-14,ARV,Adult,SCMS from RDC,"Nevirapine 200mg, tablets, 60 Tabs",Nevirapine,Generic,200mg,Tablet,60,"68,113",148486.34,2.18,0.04,Hetero Unit III Hyderabad IN,FALSE,See DN-3825 (ID#:82702),null,152.64
"84,392",113-ZW-T30,FPQ-13508,SO-47540,DN-3825,Zimbabwe,PMO - US,From RDC,N/A - From RDC,Truck,12/24/2013,N/A - From RDC,30-Sep-14,29-Jun-14,04-Aug-14,ARV,Adult,SCMS from RDC,"Lamivudine/Tenofovir Disoproxil Fumarate 300/300mg, tablets, 30 Tabs",Lamivudine/Tenofovir Disoproxil Fumarate,Generic,300/300mg,Tablet - FDC,30,"140,000",648200.00,4.63,0.15,Hetero Unit III Hyderabad IN,FALSE,See DN-3825 (ID#:82702),null,666.35
"84,951",113-ZW-T30,FPQ-13508,SO-47540,DN-3825,Zimbabwe,PMO - US,From RDC,N/A - From RDC,Truck,12/24/2013,N/A - From RDC,30-Sep-14,29-Jun-14,04-Aug-14,ARV,Adult,SCMS from RDC,"Nevirapine 200mg, tablets, 60 Tabs",Nevirapine,Generic,200mg,Tablet,60,"48,253",105191.54,2.18,0.04,"Strides, Bangalore, India.",FALSE,See DN-3825 (ID#:82702),null,108.14
"85,508",113-ZW-T30,FPQ-13508,SO-47540,DN-3825,Zimbabwe,PMO - US,From RDC,N/A - From RDC,Truck,12/24/2013,N/A - From RDC,30-Sep-14,29-Jun-14,04-Aug-14,ARV,Adult,SCMS from RDC,"Lamivudine/Tenofovir Disoproxil Fumarate 300/300mg, tablets, 30 Tabs",Lamivudine/Tenofovir Disoproxil Fumarate,Generic,300/300mg,Tablet - FDC,30,"75,701",350495.63,4.63,0.15,"Cipla, Kurkumbh, India",FALSE,See DN-3825 (ID#:82702),null,360.31
"85,769",104-CI-T30,FPQ-6891,SO-39880,DN-2248,Côte d'Ivoire,PMO - US,From RDC,N/A - From RDC,Air,12/21/2010,N/A - From RDC,30-Jun-11,26-Jun-11,26-Jun-11,ARV,Adult,SCMS from RDC,"Stavudine 15mg, capsules, 60 Caps",Stavudine,Generic,15mg,Capsule,60,207,273.24,1.32,0.02,"Aurobindo Unit III, India",TRUE,12,"$2,503.34 ",0.45
"85,770",100-BJ-T30,FPQ-7658,SO-39780,DN-2251,Benin,PMO - US,From RDC,N/A - From RDC,Air,5/15/2011,N/A - From RDC,04-Jul-11,30-Jun-11,30-Jun-11,ARV,Adult,SCMS from RDC,"Lamivudine/Zidovudine 150/300mg, tablets, 60 Tabs",Lamivudine/Zidovudine,Generic,150/300mg,Tablet - FDC,60,"15,000",123900.00,8.26,0.14,"Aurobindo Unit III, India",TRUE,1440,"$6,477.67 ",204.44
"85,771",100-GH-T30,FPQ-7799,SO-39930,DN-2260,Ghana,PMO - US,From RDC,N/A - From RDC,Air,06-06-11,N/A - From RDC,04-Jul-11,20-Jul-11,20-Jul-11,ARV,Adult,SCMS from RDC,"Nevirapine 200mg, tablets, 60 Tabs",Nevirapine,Generic,200mg,Tablet,60,"25,509",64027.59,2.51,0.04,Hetero Unit III Hyderabad IN,TRUE,2216,$226.25 ,105.65
"85,509",111-MZ-T30,FPQ-13124,SO-47050,DN-3827,Mozambique,PMO - US,From RDC,N/A - From RDC,Truck,10/21/2013,N/A - From RDC,29-Aug-14,25-Aug-14,28-Aug-14,ARV,Adult,SCMS from RDC,"Lamivudine/Nevirapine/Zidovudine 150/200/300mg, tablets, 60 Tabs",Lamivudine/Nevirapine/Zidovudine,Generic,150/300/200mg,Tablet - FDC,60,"150,000",1216500.00,8.11,0.14,Mylan (formerly Matrix) Nashik,FALSE,See DN-3827 (ID#:82705),null,"1,250.56"
"86,116",111-MZ-T30,FPQ-13124,SO-47050,DN-3827,Mozambique,PMO - US,From RDC,N/A - From RDC,Truck,10/21/2013,N/A - From RDC,29-Aug-14,25-Aug-14,28-Aug-14,ARV,Adult,SCMS from RDC,"Lamivudine/Nevirapine/Zidovudine 150/200/300mg, tablets, 60 Tabs",Lamivudine/Nevirapine/Zidovudine,Generic,150/300/200mg,Tablet - FDC,60,"232,476",1885380.36,8.11,0.14,"Cipla, Goa, India",FALSE,See DN-3827 (ID#:82705),null,"1,938.17"
"85,774",106-HT-T30,FPQ-6801,SO-40160,DN-2278,Haiti,PMO - US,From RDC,N/A - From RDC,Air,12/14/2010,N/A - From RDC,19-Jul-11,21-Jul-11,21-Jul-11,ARV,Adult,SCMS from RDC,"Lamivudine/Zidovudine 150/300mg, tablets, 60 Tabs",Lamivudine/Zidovudine,Generic,150/300mg,Tablet - FDC,60,"20,642",176489.10,8.55,0.14,Hetero Unit III Hyderabad IN,TRUE,1778,"$28,585.57 ",291.21
"85,775",110-ZM-T30,FPQ-7085,SO-38731,DN-2280,Zambia,PMO - US,From RDC,N/A - From RDC,Truck,02-03-11,N/A - From RDC,18-Aug-11,05-Aug-11,05-Aug-11,ARV,Adult,SCMS from RDC,"Zidovudine 300mg, tablets, 60 Tabs",Zidovudine,Generic,300mg,Tablet,60,"26,000",187460.00,7.21,0.12,Hetero Unit III Hyderabad IN,TRUE,1405,"$3,949.19 ",309.31
"85,776",111-MZ-T30,FPQ-7053,SO-38631,DN-2281,Mozambique,PMO - US,From RDC,N/A - From RDC,Truck,1/24/2011,N/A - From RDC,17-Nov-11,17-Nov-11,17-Nov-11,ARV,Adult,SCMS from RDC,"Lamivudine/Nevirapine/Stavudine 150/200/30mg, tablets, 60 Tabs",Lamivudine/Nevirapine/Stavudine,Generic,150/200/30mg,Tablet - FDC,60,"81,270",451861.20,5.56,0.09,"Cipla, Goa, India",TRUE,8491,"$10,605.03 ",745.57
"85,777",104-CI-T30,FPQ-6495,SO-39390,DN-2294,Côte d'Ivoire,PMO - US,From RDC,N/A - From RDC,Air,10-04-10,N/A - From RDC,22-Jul-11,22-Jul-11,22-Jul-11,ARV,Pediatric,SCMS from RDC,"Nevirapine 10mg/ml, oral suspension w/syringe, Bottle, 240 ml",Nevirapine,Generic,10mg/ml,Oral suspension,240,600,1170.00,1.95,0.01,"Aurobindo Unit III, India",TRUE,224,"$3,545.10 ",2.52
"86,117",111-MZ-T30,FPQ-13124,SO-47050,DN-3827,Mozambique,PMO - US,From RDC,N/A - From RDC,Truck,10/21/2013,N/A - From RDC,29-Aug-14,25-Aug-14,28-Aug-14,ARV,Adult,SCMS from RDC,"Lamivudine/Nevirapine/Zidovudine 150/200/300mg, tablets, 60 Tabs",Lamivudine/Nevirapine/Zidovudine,Generic,150/300/200mg,Tablet - FDC,60,"42,000",340620.00,8.11,0.14,"Strides, Bangalore, India.",FALSE,See DN-3827 (ID#:82705),null,350.16
"85,779",113-ZW-T30,FPQ-6470,SO-37840,DN-2307,Zimbabwe,PMO - US,From RDC,N/A - From RDC,Truck,10/13/2010,N/A - From RDC,06-Sep-11,05-Sep-11,05-Sep-11,ARV,Adult,SCMS from RDC,"Efavirenz 600mg, tablets, 30 Tabs",Efavirenz,Generic,600mg,Tablet,30,"6,392",27741.28,4.34,0.14,Hetero Unit III Hyderabad IN,TRUE,539,"$1,709.78 ",59.81
"85,780",114-UG-T30,FPQ-8048,SO-40220,DN-2313,Uganda,PMO - US,From RDC,N/A - From RDC,Truck,7/13/2011,N/A - From RDC,22-Sep-11,26-Aug-11,26-Aug-11,ARV,Adult,SCMS from RDC,"Lamivudine 150mg, tablets, 60 Tabs",Lamivudine,Generic,150mg,Tablet,60,"1,946",4534.18,2.33,0.04,Hetero Unit III Hyderabad IN,TRUE,195,"$2,070.68 ",7.48
"85,781",109-TZ-T30,FPQ-7675,SO-39751,DN-2314,Tanzania,PMO - US,From RDC,N/A - From RDC,Air,5/18/2011,N/A - From RDC,30-Sep-11,30-Aug-11,30-Aug-11,ARV,Adult,SCMS from RDC,"Tenofovir Disoproxil Fumarate 300mg, tablets, 30 Tabs",Tenofovir Disoproxil Fumarate,Generic,300mg,Tablet,30,"4,279",28113.03,6.57,0.22,Mylan (formerly Matrix) Nashik,TRUE,259,"$1,553.64 ",46.39
"85,782",114-UG-T30,FPQ-7162,SO-38802,DN-2315,Uganda,PMO - US,From RDC,N/A - From RDC,Truck,2/14/2011,N/A - From RDC,05-Aug-11,24-Aug-11,24-Aug-11,ARV,Adult,SCMS from RDC,"Lamivudine/Zidovudine 150/300mg, tablets, 60 Tabs",Lamivudine/Zidovudine,Generic,150/300mg,Tablet - FDC,60,"32,000",264320.00,8.26,0.14,"Aurobindo Unit III, India",TRUE,3026,"$14,406.99 ",436.13
"85,783",111-MZ-T30,FPQ-7053,SO-38680,DN-2316,Mozambique,PMO - US,From RDC,N/A - From RDC,Truck,1/24/2011,N/A - From RDC,30-Sep-11,15-Sep-11,15-Sep-11,ARV,Adult,SCMS from RDC,"Lamivudine 150mg, tablets, 60 Tabs",Lamivudine,Generic,150mg,Tablet,60,"3,357",7821.81,2.33,0.04,Hetero Unit III Hyderabad IN,TRUE,181,$315.51 ,12.91
"83,267",111-MZ-T30,FPQ-13123,SO-47080,DN-3828,Mozambique,PMO - US,From RDC,N/A - From RDC,Truck,10/21/2013,N/A - From RDC,29-Aug-14,05-Nov-14,07-Nov-14,ARV,Adult,SCMS from RDC,"Abacavir 300mg, tablets, 60 Tabs",Abacavir,Generic,300mg,Tablet,60,"3,700",41551.00,11.23,0.19,Mylan (formerly Matrix) Nashik,FALSE,See DN-3828 (ID#:82713),null,42.71
"85,786",111-MZ-T30,FPQ-7053,SO-40410,DN-2335,Mozambique,PMO - US,From RDC,N/A - From RDC,Truck,1/24/2011,N/A - From RDC,20-Sep-11,30-Sep-11,30-Sep-11,ARV,Adult,SCMS from RDC,"Stavudine 30mg, capsules, 60 Caps",Stavudine,Generic,30mg,Capsule,60,538,753.20,1.4,0.02,"Aurobindo Unit III, India",TRUE,43,$888.93 ,1.24
"85,787",110-ZM-T30,FPQ-7233,SO-39050,DN-2341,Zambia,PMO - US,From RDC,N/A - From RDC,Truck,03-01-11,N/A - From RDC,21-Sep-11,26-Sep-11,26-Sep-11,ARV,Adult,SCMS from RDC,"Zidovudine 300mg, tablets, 60 Tabs",Zidovudine,Generic,300mg,Tablet,60,"1,917",13821.57,7.21,0.12,Hetero Unit III Hyderabad IN,TRUE,2629,"$3,139.96 ",22.81
"84,398",111-MZ-T30,FPQ-13123,SO-47080,DN-3828,Mozambique,PMO - US,From RDC,N/A - From RDC,Truck,10/21/2013,N/A - From RDC,29-Aug-14,05-Nov-14,07-Nov-14,ARV,Adult,SCMS from RDC,"Lamivudine/Stavudine 150/30mg, tablets, 60 Tabs",Lamivudine/Stavudine,Generic,150/30mg,Tablet - FDC,60,"5,232",13027.68,2.49,0.04,"Strides, Bangalore, India.",FALSE,See DN-3828 (ID#:82713),null,13.39
"85,789",114-UG-T30,FPQ-7162,SO-38803,DN-2344,Uganda,PMO - US,From RDC,N/A - From RDC,Truck,2/14/2011,N/A - From RDC,30-Sep-11,26-Sep-11,26-Sep-11,ARV,Adult,SCMS from RDC,"Lamivudine/Tenofovir Disoproxil Fumarate 300/300mg, tablets, 30 Tabs",Lamivudine/Tenofovir Disoproxil Fumarate,Generic,300/300mg,Tablet - FDC,30,"5,000",41150.00,8.23,0.27,Mylan (formerly Matrix) Nashik,TRUE,607,"$4,911.39 ",67.9
"86,121",111-MZ-T30,FPQ-13123,SO-47080,DN-3828,Mozambique,PMO - US,From RDC,N/A - From RDC,Truck,10/21/2013,N/A - From RDC,29-Aug-14,05-Nov-14,07-Nov-14,ARV,Adult,SCMS from RDC,"Lamivudine/Zidovudine 150/300mg, tablets, 60 Tabs",Lamivudine/Zidovudine,Generic,150/300mg,Tablet - FDC,60,"90,472",589877.44,6.52,0.11,"Aurobindo Unit III, India",FALSE,See DN-3828 (ID#:82713),null,606.39
"86,104",110-ZM-T30,FPQ-13221,SO-47204,DN-3833,Zambia,PMO - US,From RDC,N/A - From RDC,Truck,10/31/2013,N/A - From RDC,29-Aug-14,04-Sep-14,06-Oct-14,ARV,Adult,SCMS from RDC,"Lopinavir/Ritonavir 200/50mg [Aluvia], tablets, 120 Tabs",Lopinavir/Ritonavir,Aluvia,200/50mg,Tablet,120,"35,822",677035.80,18.9,0.16,ABBVIE Ludwigshafen Germany,FALSE,See DN-3833 (ID#:82691),null,695.99
"84,394",101-CD-T30,FPQ-14252,SO-48860,DN-3836,"Congo, DRC",PMO - US,From RDC,N/A - From RDC,Air,05-07-14,N/A - From RDC,24-Sep-14,28-Oct-14,04-Dec-14,ARV,Adult,SCMS from RDC,"Nevirapine 200mg, tablets, 60 Tabs",Nevirapine,Generic,200mg,Tablet,60,"2,725",5940.50,2.18,0.04,Hetero Unit III Hyderabad IN,FALSE,See DN-3836 (ID#:83825),null,6.11
"11,798",110-ZM-T01,Pre-PQ Process,SO-976,DN-384,Zambia,PMO - US,From RDC,N/A - From RDC,,Pre-PQ Process,N/A - From RDC,29-Oct-07,29-Oct-07,29-Oct-07,ARV,Adult,SCMS from RDC,"Abacavir 300mg, tablets, 60 Tabs",Abacavir,Generic,300mg,Tablet,60,"2,489",68522.17,27.53,0.46,"Cipla, Patalganga, India",FALSE,See DN-384 (ID#:10901),null,109.64
"85,796",105-GY-T30,FPQ-8024,SO-40450,DN-2381,Guyana,PMO - US,From RDC,N/A - From RDC,Air,8/19/2011,N/A - From RDC,15-Dec-11,05-Oct-11,05-Oct-11,ARV,Adult,SCMS from RDC,"Lamivudine 150mg, tablets, 60 Tabs",Lamivudine,Generic,150mg,Tablet,60,696,1621.68,2.33,0.04,"Aurobindo Unit III, India",TRUE,33,"$1,002.59 ",2.68
"85,797",151-NG-T30,FPQ-7812,SO-40721,DN-2393,Nigeria,PMO - US,From RDC,N/A - From RDC,Air Charter,06-06-11,N/A - From RDC,05-Dec-11,17-Oct-11,17-Oct-11,ARV,Adult,SCMS from RDC,"Emtricitabine/Tenofovir Disoproxil Fumarate 200/300mg, tablets, 30 Tabs",Emtricitabine/Tenofovir Disoproxil Fumarate,Generic,200/300mg,Tablet - FDC,30,"17,038",152830.86,8.97,0.3,"Aurobindo Unit III, India",TRUE,1722,"$21,326.73 ",252.17
"85,798",151-NG-T30,FPQ-8364,SO-40725,DN-2402,Nigeria,PMO - US,From RDC,N/A - From RDC,Air Charter,8/29/2011,N/A - From RDC,02-Mar-12,14-Oct-11,14-Oct-11,ARV,Adult,SCMS from RDC,"Lamivudine/Zidovudine 150/300mg, tablets, 60 Tabs",Lamivudine/Zidovudine,Generic,150/300mg,Tablet - FDC,60,"88,433",730456.58,8.26,0.14,"Aurobindo Unit III, India",TRUE,8935,"$21,326.73 ","1,205.25"
"11,799",110-ZM-T01,Pre-PQ Process,SO-976,DN-384,Zambia,PMO - US,From RDC,N/A - From RDC,,Pre-PQ Process,N/A - From RDC,29-Oct-07,29-Oct-07,29-Oct-07,ARV,Adult,SCMS from RDC,"Lamivudine/Zidovudine 150/300mg, tablets, 60 Tabs",Lamivudine/Zidovudine,Generic,150/300mg,Tablet - FDC,60,"60,060",372372.00,6.2,0.1,"Aurobindo Unit III, India",FALSE,See DN-384 (ID#:10901),null,595.8
"85,800",106-HT-T30,FPQ-6801,SO-38210,DN-2408,Haiti,PMO - US,From RDC,N/A - From RDC,Air,12/14/2010,N/A - From RDC,31-Oct-11,08-Nov-11,08-Nov-11,ARV,Pediatric,SCMS from RDC,"Nevirapine 10mg/ml, oral suspension w/syringe, Bottle, 240 ml",Nevirapine,Generic,10mg/ml,Oral suspension,240,"2,848",5553.60,1.95,0.01,"Aurobindo Unit III, India",TRUE,1066,"$10,794.84 ",9.16
"85,801",100-ZW-T30,FPQ-7559,SO-39540,DN-2409,Zimbabwe,PMO - US,From RDC,N/A - From RDC,Truck,4/29/2011,N/A - From RDC,30-Nov-11,21-Nov-11,21-Nov-11,ARV,Pediatric,SCMS from RDC,"Abacavir 20mg/ml, oral solution, Bottle, 240 ml",Abacavir,Generic,20mg/ml,Oral solution,240,592,8051.20,13.6,0.06,"Cipla, Goa, India",TRUE,195,$221.96 ,13.28
"83,827",103-SS-T30,FPQ-14409,SO-49120,DN-3842,South Sudan,PMO - US,From RDC,N/A - From RDC,Air,06-05-14,N/A - From RDC,01-Sep-14,01-Sep-14,02-Sep-14,ARV,Pediatric,SCMS from RDC,"Efavirenz 200mg, scored tablets, 90 Tabs",Efavirenz,Generic,200mg,Tablet,90,"1,016",9448.80,9.3,0.1,"Strides, Bangalore, India.",FALSE,See DN-3842 (ID#:82706),null,9.71
"84,956",103-SS-T30,FPQ-14409,SO-49120,DN-3842,South Sudan,PMO - US,From RDC,N/A - From RDC,Air,06-05-14,N/A - From RDC,01-Sep-14,01-Sep-14,02-Sep-14,ARV,Pediatric,SCMS from RDC,"Abacavir/Lamivudine 60/30mg, dispersible tablets, 60 Tabs",Abacavir/Lamivudine,Generic,60/30mg,Chewable/dispersible tablet - FDC,60,"3,274",18432.62,5.63,0.09,"Cipla, Patalganga, India",FALSE,See DN-3842 (ID#:82706),null,18.95
"85,804",110-ZM-T30,FPQ-7767,SO-40250,DN-2430,Zambia,PMO - US,From RDC,N/A - From RDC,Truck,7/26/2011,N/A - From RDC,24-Jan-12,28-Nov-11,28-Nov-11,ARV,Adult,SCMS from RDC,"Efavirenz 600mg, tablets, 30 Tabs",Efavirenz,Generic,600mg,Tablet,30,"230,000",970600.00,4.22,0.14,Mylan (formerly Matrix) Nashik,TRUE,18968,"$22,168.18 ","1,601.49"
"85,805",110-ZM-T30,FPQ-7767,SO-40271,DN-2431,Zambia,PMO - US,From RDC,N/A - From RDC,Truck,7/26/2011,N/A - From RDC,28-Feb-12,28-Nov-11,28-Nov-11,ARV,Adult,SCMS from RDC,"Abacavir 300mg, tablets, 60 Tabs",Abacavir,Generic,300mg,Tablet,60,"2,548",38321.92,15.04,0.25,Mylan (formerly Matrix) Nashik,TRUE,257,$361.73 ,63.23
"82,708",101-CD-T30,FPQ-14252,SO-48850,DN-3843,"Congo, DRC",PMO - US,From RDC,N/A - From RDC,Air,05-07-14,N/A - From RDC,13-Aug-14,24-Sep-14,06-Nov-14,ARV,Adult,SCMS from RDC,"Lamivudine 150mg, tablets, 60 Tabs",Lamivudine,Generic,150mg,Tablet,60,980,1705.20,1.74,0.03,"Aurobindo Unit III, India",FALSE,See DN-3843 (ID#:82707),null,1.75
"85,807",113-ZW-T30,FPQ-7560,SO-39450,DN-2442,Zimbabwe,PMO - US,From RDC,N/A - From RDC,Truck,4/26/2011,N/A - From RDC,14-Dec-11,09-Dec-11,09-Dec-11,ARV,Adult,SCMS from RDC,"Zidovudine 300mg, tablets, 60 Tabs",Zidovudine,Generic,300mg,Tablet,60,"18,534",130108.68,7.02,0.12,Hetero Unit III Hyderabad IN,TRUE,1013,"$5,216.63 ",214.68
"85,808",151-NG-T30,FPQ-8364,SO-40651,DN-2453,Nigeria,PMO - US,From RDC,N/A - From RDC,Air Charter,8/29/2011,N/A - From RDC,02-Mar-12,18-Dec-11,18-Dec-11,ARV,Adult,SCMS from RDC,"Efavirenz 600mg, tablets, 30 Tabs",Efavirenz,Generic,600mg,Tablet,30,"10,944",46183.68,4.22,0.14,"Strides, Bangalore, India.",TRUE,726,"$15,322.73 ",76.2
"85,809",110-ZM-T30,FPQ-7667,SO-40242,DN-2457,Zambia,PMO - US,From RDC,N/A - From RDC,Truck,7/26/2011,N/A - From RDC,10-Jan-12,20-Jan-12,20-Jan-12,ARV,Pediatric,SCMS from RDC,"Nevirapine 10mg/ml, oral suspension w/syringe, Bottle, 240 ml",Nevirapine,Generic,10mg/ml,Oral suspension,240,"8,000",15600.00,1.95,0.01,"Aurobindo Unit III, India",TRUE,3088,"$6,476.69 ",25.74
"85,812",111-MZ-T30,FPQ-8157,SO-40350,DN-2481,Mozambique,PMO - US,From RDC,N/A - From RDC,Truck,08-04-11,N/A - From RDC,29-Feb-12,22-Feb-12,22-Feb-12,ARV,Adult,SCMS from RDC,"Lamivudine/Nevirapine/Zidovudine 150/200/300mg, tablets, 60 Tabs",Lamivudine/Nevirapine/Zidovudine,Generic,150/300/200mg,Tablet - FDC,60,"250,000",2805000.00,11.22,0.19,Mylan (formerly Matrix) Nashik,TRUE,32538,"$20,179.39 ","4,628.25"
"82,709",101-CD-T30,FPQ-14252,SO-48850,DN-3843,"Congo, DRC",PMO - US,From RDC,N/A - From RDC,Air,05-07-14,N/A - From RDC,13-Aug-14,24-Sep-14,06-Nov-14,ARV,Adult,SCMS from RDC,"Lopinavir/Ritonavir 200/50mg, tablets, 120 Tabs",Lopinavir/Ritonavir,Generic,200/50mg,Tablet,120,"1,727",34039.17,19.71,0.16,Mylan (formerly Matrix) Nashik,FALSE,See DN-3843 (ID#:82707),null,34.99
"83,266",101-CD-T30,FPQ-14252,SO-48850,DN-3843,"Congo, DRC",PMO - US,From RDC,N/A - From RDC,Air,05-07-14,N/A - From RDC,13-Aug-14,24-Sep-14,06-Nov-14,ARV,Pediatric,SCMS from RDC,"Efavirenz 200mg, scored tablets, 90 Tabs",Efavirenz,Generic,200mg,Tablet,90,710,6603.00,9.3,0.1,"Strides, Bangalore, India.",FALSE,See DN-3843 (ID#:82707),null,6.79
"83,828",101-CD-T30,FPQ-14252,SO-48850,DN-3843,"Congo, DRC",PMO - US,From RDC,N/A - From RDC,Air,05-07-14,N/A - From RDC,13-Aug-14,24-Sep-14,06-Nov-14,ARV,Pediatric,SCMS from RDC,"Lamivudine/Nevirapine/Zidovudine 30/50/60mg, dispersible tablets, 60 Tabs",Lamivudine/Nevirapine/Zidovudine,Generic,30/50/60mg,Chewable/dispersible tablet - FDC,60,"2,825",10537.25,3.73,0.06,"Strides, Bangalore, India.",FALSE,See DN-3843 (ID#:82707),null,10.83
"84,957",101-CD-T30,FPQ-14252,SO-48850,DN-3843,"Congo, DRC",PMO - US,From RDC,N/A - From RDC,Air,05-07-14,N/A - From RDC,13-Aug-14,24-Sep-14,06-Nov-14,ARV,Adult,SCMS from RDC,"Tenofovir Disoproxil Fumarate 300mg, tablets, 30 Tabs",Tenofovir Disoproxil Fumarate,Generic,300mg,Tablet,30,"1,540",5821.20,3.78,0.13,Mylan (formerly Matrix) Nashik,FALSE,See DN-3843 (ID#:82707),null,5.98
"85,511",101-CD-T30,FPQ-14252,SO-48850,DN-3843,"Congo, DRC",PMO - US,From RDC,N/A - From RDC,Air,05-07-14,N/A - From RDC,13-Aug-14,24-Sep-14,06-Nov-14,ARV,Pediatric,SCMS from RDC,"Lamivudine/Zidovudine 30/60mg, tablets, 60 Tabs",Lamivudine/Zidovudine,Generic,30/60mg,Tablet - FDC,60,900,1791.00,1.99,0.03,Mylan (formerly Matrix) Nashik,FALSE,See DN-3843 (ID#:82707),null,1.84
"86,118",101-CD-T30,FPQ-14252,SO-48850,DN-3843,"Congo, DRC",PMO - US,From RDC,N/A - From RDC,Air,05-07-14,N/A - From RDC,13-Aug-14,24-Sep-14,06-Nov-14,ARV,Adult,SCMS from RDC,"Efavirenz 600mg, tablets, 30 Tabs",Efavirenz,Generic,600mg,Tablet,30,"2,955",9485.55,3.21,0.11,"Strides, Bangalore, India.",FALSE,See DN-3843 (ID#:82707),null,9.75
"86,119",101-CD-T30,FPQ-14252,SO-48850,DN-3843,"Congo, DRC",PMO - US,From RDC,N/A - From RDC,Air,05-07-14,N/A - From RDC,13-Aug-14,24-Sep-14,06-Nov-14,ARV,Adult,SCMS from RDC,"Zidovudine 300mg, tablets, 60 Tabs",Zidovudine,Generic,300mg,Tablet,60,"2,829",15389.76,5.44,0.09,"Aurobindo Unit III, India",FALSE,See DN-3843 (ID#:82707),null,15.82
"85,821",101-CD-T30,FPQ-8840,SO-41144,DN-2508,"Congo, DRC",PMO - US,From RDC,N/A - From RDC,Air,11/21/2011,N/A - From RDC,16-Mar-12,14-Mar-12,14-Mar-12,ARV,Adult,SCMS from RDC,"Zidovudine 300mg, tablets, 60 Tabs",Zidovudine,Generic,300mg,Tablet,60,187,1312.74,7.02,0.12,Hetero Unit III Hyderabad IN,TRUE,125,"$1,554.64 ",1.84
"86,120",101-CD-T30,FPQ-14252,SO-48850,DN-3843,"Congo, DRC",PMO - US,From RDC,N/A - From RDC,Air,05-07-14,N/A - From RDC,13-Aug-14,24-Sep-14,06-Nov-14,ARV,Adult,SCMS from RDC,"Efavirenz/Lamivudine/Tenofovir Disoproxil Fumarate 600/300/300mg, tablets, 30 Tabs",Efavirenz/Lamivudine/Tenofovir Disoproxil Fumarate,Generic,600/300/300mg,Tablet - FDC,30,"3,300",35574.00,10.78,0.36,Hetero Unit III Hyderabad IN,FALSE,See DN-3843 (ID#:82707),null,36.57
"85,999",151-NG-T30,FPQ-11864,SO-44921,DN-3322,Nigeria,PMO - US,From RDC,N/A - From RDC,Air Charter,3/14/2013,N/A - From RDC,20-Sep-13,12-Sep-13,12-Sep-13,ARV,Adult,SCMS from RDC,"Efavirenz 600mg, tablets, 30 Tabs",Efavirenz,Generic,600mg,Tablet,30,"8,917",29693.61,3.33,0.11,"Aurobindo Unit III, India",TRUE,857,"$34,218.36 ",36.73
"82,711",105-GY-T30,FPQ-14042,SO-48520,DN-3844,Guyana,PMO - US,From RDC,N/A - From RDC,Air,04-09-14,N/A - From RDC,30-Sep-14,30-Jul-14,05-Sep-14,ARV,Pediatric,SCMS from RDC,"Lamivudine 10mg/ml, oral solution w/syringe, Bottle, 240 ml",Lamivudine,Generic,10mg/ml,Oral solution,240,90,128.70,1.43,0.01,"Aurobindo Unit III, India",FALSE,See DN-3844 (ID#:82710),null,0.13
"85,824",101-CD-T30,FPQ-8840,SO-41387,DN-2528,"Congo, DRC",PMO - US,From RDC,N/A - From RDC,Air,11/21/2011,N/A - From RDC,22-Mar-12,22-Mar-12,22-Mar-12,ARV,Adult,SCMS from RDC,"Lamivudine 150mg, tablets, 60 Tabs",Lamivudine,Generic,150mg,Tablet,60,220,512.60,2.33,0.04,Hetero Unit III Hyderabad IN,TRUE,12,$91.43 ,0.72
"85,825",104-CI-T30,FPQ-8295,SO-40792,DN-2531,Côte d'Ivoire,PMO - US,From RDC,N/A - From RDC,Truck,8/25/2011,N/A - From RDC,29-Feb-12,08-Feb-12,08-Feb-12,ARV,Pediatric,SCMS from RDC,"Didanosine 200mg, delayed-release capsules, 30 Caps",Didanosine,Generic,200mg,Delayed-release capsules,30,650,7150.00,11,0.37,"Aurobindo Unit III, India",TRUE,61,"$1,572.97 ",11.8
"82,712",105-GY-T30,FPQ-14042,SO-48520,DN-3844,Guyana,PMO - US,From RDC,N/A - From RDC,Air,04-09-14,N/A - From RDC,30-Sep-14,30-Jul-14,05-Sep-14,ARV,Adult,SCMS from RDC,"Zidovudine 300mg, tablets, 60 Tabs",Zidovudine,Generic,300mg,Tablet,60,791,4303.04,5.44,0.09,"Aurobindo Unit III, India",FALSE,See DN-3844 (ID#:82710),null,4.42
"83,829",105-GY-T30,FPQ-14042,SO-48520,DN-3844,Guyana,PMO - US,From RDC,N/A - From RDC,Air,04-09-14,N/A - From RDC,30-Sep-14,30-Jul-14,05-Sep-14,ARV,Adult,SCMS from RDC,"Lamivudine 150mg, tablets, 60 Tabs",Lamivudine,Generic,150mg,Tablet,60,320,556.80,1.74,0.03,"Aurobindo Unit III, India",FALSE,See DN-3844 (ID#:82710),null,0.57
"84,396",105-GY-T30,FPQ-14042,SO-48520,DN-3844,Guyana,PMO - US,From RDC,N/A - From RDC,Air,04-09-14,N/A - From RDC,30-Sep-14,30-Jul-14,05-Sep-14,ARV,Adult,SCMS from RDC,"Lopinavir/Ritonavir 200/50mg, tablets, 120 Tabs",Lopinavir/Ritonavir,Generic,200/50mg,Tablet,120,"1,603",31595.13,19.71,0.16,Mylan (formerly Matrix) Nashik,FALSE,See DN-3844 (ID#:82710),null,32.48
"11,473",104-CI-T01,Pre-PQ Process,SO-1113,DN-385,Côte d'Ivoire,PMO - US,From RDC,N/A - From RDC,Air,Pre-PQ Process,N/A - From RDC,22-Oct-07,22-Oct-07,22-Oct-07,HRDT,HIV test - Ancillary,SCMS from RDC,"HIV, Lancet, Safety, for HIV Test kits, 100 Pcs","HIV, Lancet, Safety, for HIV Test kits, 100 Pcs",Generic,,Test kit - Ancillary,100,595,5.95,0.01,0,Inverness Japan,FALSE,See DN-385 (ID#:11186),null,0.01
"85,968",151-NG-T30,FPQ-11022,SO-43848,DN-3162,Nigeria,PMO - US,From RDC,N/A - From RDC,Air Charter,11/15/2012,N/A - From RDC,21-May-13,03-May-13,03-May-13,ARV,Adult,SCMS from RDC,"Nevirapine 200mg, tablets, 60 Tabs",Nevirapine,Generic,200mg,Tablet,60,"95,000",214700.00,2.26,0.04,Hetero Unit III Hyderabad IN,TRUE,6528,"$14,547.55 ",265.58
"85,830",104-CI-T30,FPQ-8363,SO-40840,DN-2553,Côte d'Ivoire,PMO - US,From RDC,N/A - From RDC,Truck,8/29/2011,N/A - From RDC,30-Mar-12,24-Feb-12,24-Feb-12,ARV,Adult,SCMS from RDC,"Abacavir/Lamivudine 600/300mg, scored tablets, 30 Tabs",Abacavir/Lamivudine,Generic,600/300mg,Tablet - FDC,30,"1,260",28350.00,22.5,0.75,Mylan (formerly Matrix) Nashik,TRUE,122,"$1,131.63 ",46.78
"85,831",104-CI-T30,FPQ-8363,SO-40841,DN-2555,Côte d'Ivoire,PMO - US,From RDC,N/A - From RDC,Truck,8/29/2011,N/A - From RDC,30-Mar-12,24-Feb-12,24-Feb-12,ARV,Adult,SCMS from RDC,"Efavirenz/Emtricitabine/Tenofovir Disoproxil Fumarate 600/200/300mg, tablets, 30 Tabs",Efavirenz/Emtricitabine/Tenofovir Disoproxil Fumarate,Generic,600/200/300mg,Tablet - FDC,30,"7,140",119452.20,16.73,0.56,Mylan (formerly Matrix) Nashik,TRUE,779,"$4,646.14 ",197.1
"85,832",151-NG-T30,FPQ-8364,SO-40650,DN-2559,Nigeria,PMO - US,From RDC,N/A - From RDC,Air Charter,8/29/2011,N/A - From RDC,02-Mar-12,16-Feb-12,16-Feb-12,ARV,Adult,SCMS from RDC,"Nevirapine 200mg, tablets, 60 Tabs",Nevirapine,Generic,200mg,Tablet,60,"51,355",125819.75,2.45,0.04,"Aurobindo Unit III, India",TRUE,6436,"$25,231.96 ",207.6
"85,833",151-NG-T30,FPQ-8364,SO-40664,DN-2560,Nigeria,PMO - US,From RDC,N/A - From RDC,Air Charter,8/29/2011,N/A - From RDC,16-Mar-12,16-Feb-12,16-Feb-12,ARV,Adult,SCMS from RDC,"Lamivudine/Nevirapine/Zidovudine 150/200/300mg, tablets, 60 Tabs",Lamivudine/Nevirapine/Zidovudine,Generic,150/300/200mg,Tablet - FDC,60,"240,976",2703750.72,11.22,0.19,"Aurobindo Unit III, India",TRUE,30789,"$25,231.96 ","4,461.19"
"86,718",111-MZ-T30,FPQ-13124,SO-47053,DN-3864,Mozambique,PMO - US,From RDC,N/A - From RDC,Truck,10/21/2013,N/A - From RDC,29-Aug-14,27-Oct-14,07-Nov-14,ARV,Adult,SCMS from RDC,"Lamivudine/Nevirapine/Zidovudine 150/200/300mg, tablets, 60 Tabs",Lamivudine/Nevirapine/Zidovudine,Generic,150/300/200mg,Tablet - FDC,60,"114,324",927167.64,8.11,0.14,"Cipla, Goa, India",FALSE,See DN-3864 (ID#:85518),null,953.13
"85,835",114-UG-T30,FPQ-8522,SO-40943,DN-2569,Uganda,PMO - US,From RDC,N/A - From RDC,Truck,10-05-11,N/A - From RDC,30-Mar-12,27-Feb-12,27-Feb-12,ARV,Adult,SCMS from RDC,"Zidovudine 300mg, tablets, 60 Tabs",Zidovudine,Generic,300mg,Tablet,60,"4,398",30873.96,7.02,0.12,Hetero Unit III Hyderabad IN,TRUE,224,"$1,933.30 ",50.94
"85,836",110-ZM-T30,FPQ-9186,SO-41400,DN-2574,Zambia,PMO - US,From RDC,N/A - From RDC,Truck,1/16/2012,N/A - From RDC,08-May-12,16-Mar-12,16-Mar-12,ARV,Adult,SCMS from RDC,"Efavirenz 600mg, tablets, 30 Tabs",Efavirenz,Generic,600mg,Tablet,30,"61,060",251567.20,4.12,0.14,"Strides, Bangalore, India.",TRUE,3718,"$19,949.86 ",352.7
"85,837",114-UG-T30,FPQ-8522,SO-40942,DN-2580,Uganda,PMO - US,From RDC,N/A - From RDC,Truck,10-05-11,N/A - From RDC,30-Mar-12,09-Mar-12,09-Mar-12,ARV,Adult,SCMS from RDC,"Lamivudine/Tenofovir Disoproxil Fumarate 300/300mg, tablets, 30 Tabs",Lamivudine/Tenofovir Disoproxil Fumarate,Generic,300/300mg,Tablet - FDC,30,"5,785",35172.80,6.08,0.2,Mylan (formerly Matrix) Nashik,TRUE,460,"$3,571.60 ",58.04
"84,967",111-MZ-T30,FPQ-13575,SO-47703,DN-3865,Mozambique,PMO - US,From RDC,N/A - From RDC,Truck,1/17/2014,N/A - From RDC,31-Aug-14,30-Oct-14,13-Nov-14,ARV,Adult,SCMS from RDC,"Efavirenz 600mg, tablets, 30 Tabs",Efavirenz,Generic,600mg,Tablet,30,"6,600",21186.00,3.21,0.11,"Strides, Bangalore, India.",FALSE,See DN-3865 (ID#:82723),null,21.78
"85,839",109-TZ-T30,FPQ-8303,SO-40502,DN-2593,Tanzania,PMO - US,From RDC,N/A - From RDC,Truck,8/22/2011,N/A - From RDC,30-Apr-12,11-Apr-12,11-Apr-12,ARV,Pediatric,SCMS from RDC,"Lamivudine/Zidovudine 30/60mg, tablets, 60 Tabs",Lamivudine/Zidovudine,Generic,30/60mg,Tablet - FDC,60,"34,054",101821.46,2.99,0.05,Mylan (formerly Matrix) Nashik,TRUE,1309,"$3,279.25 ",168.01
"85,840",110-ZM-T30,FPQ-9186,SO-41411,DN-2577,Zambia,PMO - US,From RDC,N/A - From RDC,Truck,1/16/2012,N/A - From RDC,08-May-12,27-Feb-12,27-Feb-12,ARV,Adult,SCMS from RDC,"Efavirenz 600mg, tablets, 30 Tabs",Efavirenz,Generic,600mg,Tablet,30,"99,714",410821.68,4.12,0.14,"Strides, Bangalore, India.",TRUE,6005,"$5,447.21 ",575.97
"85,841",107-RW-T30,FPQ-9190,SO-41420,DN-2585,Rwanda,PMO - US,From RDC,N/A - From RDC,Air,1/27/2012,N/A - From RDC,12-Mar-12,28-Feb-12,28-Feb-12,ARV,Pediatric,SCMS from RDC,"Efavirenz 200mg, capsule, 90 Caps",Efavirenz,Generic,200mg,Capsule,90,"2,520",21772.80,8.64,0.1,"Aurobindo Unit III, India",TRUE,318,"$2,716.08 ",30.53
"85,843",109-TZ-T30,FPQ-8303,SO-40491,DN-2592,Tanzania,PMO - US,From RDC,N/A - From RDC,Truck,8/22/2011,N/A - From RDC,08-May-12,11-Apr-12,11-Apr-12,ARV,Pediatric,SCMS from RDC,"Lamivudine/Nevirapine/Zidovudine 30/50/60mg, dispersible tablets, 60 Tabs",Lamivudine/Nevirapine/Zidovudine,Generic,30/50/60mg,Chewable/dispersible tablet - FDC,60,"5,603",23812.75,4.25,0.07,Mylan (formerly Matrix) Nashik,TRUE,316,"$3,279.25 ",39.29
"86,130",111-MZ-T30,FPQ-13575,SO-47703,DN-3865,Mozambique,PMO - US,From RDC,N/A - From RDC,Truck,1/17/2014,N/A - From RDC,31-Aug-14,30-Oct-14,13-Nov-14,ARV,Adult,SCMS from RDC,"Efavirenz 600mg, tablets, 30 Tabs",Efavirenz,Generic,600mg,Tablet,30,"77,000",247170.00,3.21,0.11,"Micro labs, Verna, Goa, India",FALSE,See DN-3865 (ID#:82723),null,254.09
"86,719",111-MZ-T30,FPQ-13394,SO-47462,DN-3866,Mozambique,PMO - US,From RDC,N/A - From RDC,Truck,12-09-13,N/A - From RDC,29-Aug-14,27-Oct-14,07-Nov-14,ARV,Adult,SCMS from RDC,"Lamivudine/Nevirapine/Zidovudine 150/200/300mg, tablets, 60 Tabs",Lamivudine/Nevirapine/Zidovudine,Generic,150/300/200mg,Tablet - FDC,60,"103,410",838655.10,8.11,0.14,"Aurobindo Unit III, India",FALSE,See DN-3866 (ID#:85519),null,862.14
"86,720",109-TZ-T30,FPQ-13042,SO-46674,DN-3867,Tanzania,PMO - US,From RDC,N/A - From RDC,Truck,10-01-13,N/A - From RDC,29-Aug-14,29-Sep-14,06-Oct-14,ARV,Pediatric,SCMS from RDC,"Lamivudine/Nevirapine/Zidovudine 30/50/60mg, dispersible tablets, 60 Tabs",Lamivudine/Nevirapine/Zidovudine,Generic,30/50/60mg,Chewable/dispersible tablet - FDC,60,"42,141",157185.93,3.73,0.06,Mylan (formerly Matrix) Nashik,FALSE,See DN-3867 (ID#:84968),null,194.44
"83,272",111-MZ-T30,FPQ-13394,SO-47460,DN-3872,Mozambique,PMO - US,From RDC,N/A - From RDC,Truck,12-09-13,N/A - From RDC,30-Sep-14,27-Oct-14,07-Nov-14,ARV,Adult,SCMS from RDC,"Lamivudine/Nevirapine/Zidovudine 150/200/300mg, tablets, 60 Tabs",Lamivudine/Nevirapine/Zidovudine,Generic,150/300/200mg,Tablet - FDC,60,"85,490",693323.90,8.11,0.14,"Cipla, Goa, India",FALSE,See DN-3872 (ID#:82726),null,712.74
"85,521",111-MZ-T30,FPQ-13394,SO-47460,DN-3872,Mozambique,PMO - US,From RDC,N/A - From RDC,Truck,12-09-13,N/A - From RDC,30-Sep-14,27-Oct-14,07-Nov-14,ARV,Adult,SCMS from RDC,"Lamivudine/Nevirapine/Zidovudine 150/200/300mg, tablets, 60 Tabs",Lamivudine/Nevirapine/Zidovudine,Generic,150/300/200mg,Tablet - FDC,60,"90,000",729900.00,8.11,0.14,Hetero Unit III Hyderabad IN,FALSE,See DN-3872 (ID#:82726),null,750.34
"86,136",109-TZ-T30,FPQ-13042,SO-46710,DN-3925,Tanzania,PMO - US,From RDC,N/A - From RDC,Truck,10-01-13,N/A - From RDC,03-Nov-14,17-Oct-14,07-Nov-14,ARV,Adult,SCMS from RDC,"Abacavir 300mg, tablets, 60 Tabs",Abacavir,Generic,300mg,Tablet,60,"24,876",285078.96,11.46,0.19,Mylan (formerly Matrix) Nashik,TRUE,2345,"$2,456.74 ",352.64
"83,256",111-MZ-T30,FPQ-14226,SO-48883,DN-3875,Mozambique,PMO - US,From RDC,N/A - From RDC,Truck,05-02-14,N/A - From RDC,31-Dec-14,30-Oct-14,07-Nov-14,ARV,Adult,SCMS from RDC,"Efavirenz/Lamivudine/Tenofovir Disoproxil Fumarate 600/300/300mg, tablets, 30 Tabs",Efavirenz/Lamivudine/Tenofovir Disoproxil Fumarate,Generic,600/300/300mg,Tablet - FDC,30,"36,000",388080.00,10.78,0.36,Cipla Ltd A-42 MIDC Mahar. IN,FALSE,See DN-3875 (ID#:83255),null,398.95
"85,850",110-ZM-T30,FPQ-8476,SO-40954,DN-2610,Zambia,PMO - US,From RDC,N/A - From RDC,Truck,9/27/2011,N/A - From RDC,15-May-12,16-Apr-12,16-Apr-12,ARV,Adult,SCMS from RDC,"Efavirenz/Emtricitabine/Tenofovir Disoproxil Fumarate 600/200/300mg, tablets, 30 Tabs",Efavirenz/Emtricitabine/Tenofovir Disoproxil Fumarate,Generic,600/200/300mg,Tablet - FDC,30,"150,000",2509500.00,16.73,0.56,Mylan (formerly Matrix) Nashik,TRUE,17001,"$8,510.81 ","4,140.68"
"85,851",110-ZM-T30,FPQ-8759,SO-41123,DN-2614,Zambia,PMO - US,From RDC,N/A - From RDC,Truck,11-06-11,N/A - From RDC,27-Apr-12,16-Apr-12,16-Apr-12,ARV,Adult,SCMS from RDC,"Abacavir 300mg, tablets, 60 Tabs",Abacavir,Generic,300mg,Tablet,60,"15,000",219450.00,14.63,0.24,"Aurobindo Unit III, India",TRUE,1485,"$8,510.82 ",307.67
"84,947",111-MZ-T30,FPQ-14226,SO-48883,DN-3875,Mozambique,PMO - US,From RDC,N/A - From RDC,Truck,05-02-14,N/A - From RDC,31-Dec-14,30-Oct-14,07-Nov-14,ARV,Adult,SCMS from RDC,"Efavirenz 600mg, tablets, 30 Tabs",Efavirenz,Generic,600mg,Tablet,30,"8,283",26588.43,3.21,0.11,"Cipla, Goa, India",FALSE,See DN-3875 (ID#:83255),null,27.33
"85,493",111-MZ-T30,FPQ-14226,SO-48883,DN-3875,Mozambique,PMO - US,From RDC,N/A - From RDC,Truck,05-02-14,N/A - From RDC,31-Dec-14,30-Oct-14,07-Nov-14,ARV,Adult,SCMS from RDC,"Efavirenz 600mg, tablets, 30 Tabs",Efavirenz,Generic,600mg,Tablet,30,"1,040",3338.40,3.21,0.11,"Strides, Bangalore, India.",FALSE,See DN-3875 (ID#:83255),null,3.43
"85,494",111-MZ-T30,FPQ-14226,SO-48883,DN-3875,Mozambique,PMO - US,From RDC,N/A - From RDC,Truck,05-02-14,N/A - From RDC,31-Dec-14,30-Oct-14,07-Nov-14,ARV,Adult,SCMS from RDC,"Efavirenz/Lamivudine/Tenofovir Disoproxil Fumarate 600/300/300mg, tablets, 30 Tabs",Efavirenz/Lamivudine/Tenofovir Disoproxil Fumarate,Generic,600/300/300mg,Tablet - FDC,30,"18,886",203591.08,10.78,0.36,"Aurobindo Unit VII, IN",FALSE,See DN-3875 (ID#:83255),null,209.29
"85,855",151-NG-T30,FPQ-8952,SO-41253,DN-2647,Nigeria,PMO - US,From RDC,N/A - From RDC,Air Charter,12-08-11,N/A - From RDC,04-Jul-12,30-Apr-12,30-Apr-12,ARV,Adult,SCMS from RDC,"Nevirapine 200mg, tablets, 60 Tabs",Nevirapine,Generic,200mg,Tablet,60,"87,499",213497.56,2.44,0.04,"Aurobindo Unit III, India",TRUE,9645,"$27,441.22 ",299.32
"86,107",111-MZ-T30,FPQ-14226,SO-48883,DN-3875,Mozambique,PMO - US,From RDC,N/A - From RDC,Truck,05-02-14,N/A - From RDC,31-Dec-14,30-Oct-14,07-Nov-14,ARV,Adult,SCMS from RDC,"Efavirenz/Lamivudine/Tenofovir Disoproxil Fumarate 600/300/300mg, tablets, 30 Tabs",Efavirenz/Lamivudine/Tenofovir Disoproxil Fumarate,Generic,600/300/300mg,Tablet - FDC,30,"76,236",821824.08,10.78,0.36,Mylan (formerly Matrix) Nashik,FALSE,See DN-3875 (ID#:83255),null,844.84
"84,381",110-ZM-T30,FPQ-14105,SO-48652,DN-3877,Zambia,PMO - US,From RDC,N/A - From RDC,Truck,4/16/2014,N/A - From RDC,04-Sep-14,23-Sep-14,17-Oct-14,ARV,Adult,SCMS from RDC,"Lamivudine/Zidovudine 150/300mg, tablets, 60 Tabs",Lamivudine/Zidovudine,Generic,150/300mg,Tablet - FDC,60,"35,000",228200.00,6.52,0.11,Hetero Unit III Hyderabad IN,FALSE,See DN-3877 (ID#:83254),null,234.59
"12,421",110-ZM-T01,Pre-PQ Process,SO-572,DN-388,Zambia,PMO - US,From RDC,N/A - From RDC,,Pre-PQ Process,N/A - From RDC,09-Nov-07,09-Nov-07,09-Nov-07,ARV,Adult,SCMS from RDC,"Efavirenz 600mg, tablets, 30 Tabs",Efavirenz,Generic,600mg,Tablet,30,"11,254",182990.04,16.26,0.54,"Aurobindo Unit III, India",FALSE,See DN-388 (ID#:11188),null,292.78
"86,108",101-CD-T30,FPQ-14252,SO-48852,DN-3885,"Congo, DRC",PMO - US,From RDC,N/A - From RDC,Air,05-07-14,N/A - From RDC,22-Sep-14,30-Sep-14,17-Nov-14,ARV,Adult,SCMS from RDC,"Lamivudine/Zidovudine 150/300mg, tablets, 60 Tabs",Lamivudine/Zidovudine,Generic,150/300mg,Tablet - FDC,60,"3,485",22722.20,6.52,0.11,Hetero Unit III Hyderabad IN,FALSE,See DN-3885 (ID#:82693),null,23.36
"86,698",111-MZ-T30,FPQ-14226,SO-49390,DN-3886,Mozambique,PMO - US,From RDC,N/A - From RDC,Truck,05-02-14,N/A - From RDC,30-Sep-14,30-Oct-14,13-Nov-14,ARV,Adult,SCMS from RDC,"Lamivudine/Tenofovir Disoproxil Fumarate 300/300mg, tablets, 30 Tabs",Lamivudine/Tenofovir Disoproxil Fumarate,Generic,300/300mg,Tablet - FDC,30,"2,199",10203.36,4.64,0.15,"Aurobindo Unit VII, IN",FALSE,See DN-3886 (ID#:83817),null,10.49
"85,863",151-NG-T30,FPQ-8952,SO-42330,DN-2685,Nigeria,PMO - US,From RDC,N/A - From RDC,Air Charter,12-08-11,N/A - From RDC,20-Jun-12,03-Jun-12,03-Jun-12,ARV,Adult,SCMS from RDC,"Efavirenz/Lamivudine/Tenofovir Disoproxil Fumarate 600/300/300mg, tablets, 30 Tabs",Efavirenz/Lamivudine/Tenofovir Disoproxil Fumarate,Generic,600/300/300mg,Tablet - FDC,30,"20,000",282000.00,14.1,0.47,Mylan (formerly Matrix) Nashik,TRUE,2334,"$17,090 ",395.36
"85,864",151-NG-T30,FPQ-9432,SO-42331,DN-2686,Nigeria,PMO - US,From RDC,N/A - From RDC,Air Charter,03-01-12,N/A - From RDC,02-Aug-12,03-Jun-12,03-Jun-12,ARV,Pediatric,SCMS from RDC,"Efavirenz 200mg, capsule, 90 Caps",Efavirenz,Generic,200mg,Capsule,90,"2,067",17858.88,8.64,0.1,"Aurobindo Unit III, India",TRUE,307,"$17,090 ",25.04
"85,865",110-ZM-T30,FPQ-9515,SO-41950,DN-2681,Zambia,PMO - US,From RDC,N/A - From RDC,Air,04-10-12,N/A - From RDC,02-Jul-12,07-Jun-12,07-Jun-12,HRDT,HIV test,SCMS from RDC,"HIV 1/2, Determine Complete HIV Kit, 100 Tests","HIV 1/2, Determine Complete HIV Kit",Determine,,Test kit,100,"5,996",479680.00,80,0.8,"Alere Medical Co., Ltd.",TRUE,1363,"$22,171.80 ",672.51
"86,699",103-SS-T30,FPQ-14574,SO-49370,DN-3891,South Sudan,PMO - US,From RDC,N/A - From RDC,Air,7/14/2014,N/A - From RDC,02-Oct-14,17-Oct-14,13-Nov-14,ARV,Adult,SCMS from RDC,"Efavirenz 600mg, tablets, 30 Tabs",Efavirenz,Generic,600mg,Tablet,30,"4,488",14406.48,3.21,0.11,"Cipla, Goa, India",FALSE,See DN-3891 (ID#:86103),null,14.81
"86,106",104-CI-T30,FPQ-13142,SO-47156,DN-3900,Côte d'Ivoire,PMO - US,From RDC,N/A - From RDC,Truck,10/22/2013,N/A - From RDC,30-Sep-14,08-Sep-14,19-Sep-14,ARV,Pediatric,SCMS from RDC,"Zidovudine 10mg/ml, oral solution w/syringe, Bottle, 240 ml",Zidovudine,Generic,10mg/ml,Oral solution,240,106,222.60,2.1,0.01,"Cipla, Goa, India",FALSE,See DN-3900 (ID#:83815),null,0.23
"86,721",111-MZ-T30,FPQ-14226,SO-48870,DN-3903,Mozambique,PMO - US,From RDC,N/A - From RDC,Truck,05-02-14,N/A - From RDC,30-Dec-14,30-Oct-14,13-Nov-14,ARV,Adult,SCMS from RDC,"Lamivudine/Tenofovir Disoproxil Fumarate 300/300mg, tablets, 30 Tabs",Lamivudine/Tenofovir Disoproxil Fumarate,Generic,300/300mg,Tablet - FDC,30,"38,774",179911.36,4.64,0.15,Ranbaxy per Shasun Pharma,FALSE,See DN-3903 (ID#:86131),null,184.95
"83,275",901-NA-T30,FPQ-14670,SO-49560,DN-3907,Namibia,PMO - US,From RDC,N/A - From RDC,Truck,7/30/2014,N/A - From RDC,30-Sep-14,15-Sep-14,25-Sep-14,ARV,Adult,SCMS from RDC,"Efavirenz 600mg, tablets, 30 Tabs",Efavirenz,Generic,600mg,Tablet,30,"29,369",94274.49,3.21,0.11,"Cipla, Goa, India",FALSE,See DN-3907 (ID#:82729),null,96.91
"86,135",901-NA-T30,FPQ-14670,SO-49560,DN-3907,Namibia,PMO - US,From RDC,N/A - From RDC,Truck,7/30/2014,N/A - From RDC,30-Sep-14,15-Sep-14,25-Sep-14,ARV,Adult,SCMS from RDC,"Lamivudine/Zidovudine 150/300mg, tablets, 60 Tabs",Lamivudine/Zidovudine,Generic,150/300mg,Tablet - FDC,60,"13,337",86957.24,6.52,0.11,"Aurobindo Unit III, India",FALSE,See DN-3907 (ID#:82729),null,89.39
"84,975",151-NG-T30,FPQ-13293,SO-47274,DN-3913,Nigeria,PMO - US,From RDC,N/A - From RDC,Air Charter,11/19/2013,N/A - From RDC,30-Sep-14,03-Sep-14,05-Sep-14,ARV,Adult,SCMS from RDC,"Lamivudine/Nevirapine/Zidovudine 150/200/300mg, tablets, 60 Tabs",Lamivudine/Nevirapine/Zidovudine,Generic,150/300/200mg,Tablet - FDC,60,"45,520",369167.20,8.11,0.14,Mylan (formerly Matrix) Nashik,FALSE,See DN-3913 (ID#:84409),null,379.5
"85,523",151-NG-T30,FPQ-13704,SO-48320,DN-3918,Nigeria,PMO - US,From RDC,N/A - From RDC,Air Charter,2/13/2014,N/A - From RDC,30-Sep-14,03-Sep-14,05-Sep-14,ARV,Adult,SCMS from RDC,"Lamivudine/Zidovudine 150/300mg, tablets, 60 Tabs",Lamivudine/Zidovudine,Generic,150/300mg,Tablet - FDC,60,"15,485",104214.05,6.73,0.11,Mylan (formerly Matrix) Nashik,FALSE,See DN-3918 (ID#:83274),null,107.13
"85,873",109-TZ-T30,FPQ-8303,SO-40471,DN-2721,Tanzania,PMO - US,From RDC,N/A - From RDC,Truck,8/22/2011,N/A - From RDC,15-Aug-12,25-Jul-12,25-Jul-12,ARV,Pediatric,SCMS from RDC,"Nevirapine 10mg/ml, oral suspension w/syringe, Bottle, 240 ml",Nevirapine,Generic,10mg/ml,Oral suspension,240,"29,504",57532.80,1.95,0.01,"Aurobindo Unit III, India",TRUE,10913,"$3,853.89 ",94.93
"85,874",151-NG-T30,FPQ-9432,SO-42642,DN-2733,Nigeria,PMO - US,From RDC,N/A - From RDC,Air Charter,03-01-12,N/A - From RDC,02-Aug-12,09-Jul-12,09-Jul-12,ARV,Adult,SCMS from RDC,"Lamivudine/Nevirapine/Zidovudine 150/200/300mg, tablets, 60 Tabs",Lamivudine/Nevirapine/Zidovudine,Generic,150/300/200mg,Tablet - FDC,60,"180,000",1765800.00,9.81,0.16,"Aurobindo Unit III, India",TRUE,23096,"$21,347.13 ","2,475.65"
"85,875",111-MZ-T30,FPQ-9506,SO-41770,DN-2738,Mozambique,PMO - US,From RDC,N/A - From RDC,Truck,3/16/2012,N/A - From RDC,04-Sep-12,22-Aug-12,22-Aug-12,ARV,Adult,SCMS from RDC,"Zidovudine 300mg, tablets, 60 Tabs",Zidovudine,Generic,300mg,Tablet,60,"43,020",302000.40,7.02,0.12,Mylan (formerly Matrix) Nashik,TRUE,22479,"$6,483.81 ",423.4
"85,876",114-UG-T30,FPQ-9355,SO-41591,DN-2740,Uganda,PMO - US,From RDC,N/A - From RDC,Truck,2/20/2012,N/A - From RDC,05-Sep-12,30-Jul-12,30-Jul-12,ARV,Adult,SCMS from RDC,"Lamivudine/Nevirapine/Zidovudine 150/200/300mg, tablets, 60 Tabs",Lamivudine/Nevirapine/Zidovudine,Generic,150/300/200mg,Tablet - FDC,60,"4,879",47862.99,9.81,0.16,Mylan (formerly Matrix) Nashik,TRUE,637,"$5,081.05 ",67.1
"85,528",101-CD-T30,FPQ-14576,SO-49300,DN-3927,"Congo, DRC",PMO - US,From RDC,N/A - From RDC,Air,7/14/2014,N/A - From RDC,30-Oct-14,27-Oct-14,12-Nov-14,ARV,Pediatric,SCMS from RDC,"Efavirenz 200mg, scored tablets, 90 Tabs",Efavirenz,Generic,200mg,Tablet,90,710,6624.30,9.33,0.1,"Strides, Bangalore, India.",FALSE,See DN-3927 (ID#:83845),null,6.81
"85,878",104-CI-T30,FPQ-8790,SO-41180,DN-2751,Côte d'Ivoire,PMO - US,From RDC,N/A - From RDC,Air,11-11-11,N/A - From RDC,31-Jul-12,31-Jul-12,31-Jul-12,ARV,Adult,SCMS from RDC,"Lamivudine/Zidovudine 150/300mg, tablets, 60 Tabs",Lamivudine/Zidovudine,Generic,150/300mg,Tablet - FDC,60,"45,000",347400.00,7.72,0.13,"Aurobindo Unit III, India",TRUE,4050,"$11,592.26 ",487.05
"86,137",114-UG-T30,FPQ-14396,SO-48960,DN-3936,Uganda,PMO - US,From RDC,N/A - From RDC,Air,06-04-14,N/A - From RDC,30-Sep-14,01-Oct-14,21-Oct-14,ARV,Adult,SCMS from RDC,"Zidovudine 300mg, tablets, 60 Tabs",Zidovudine,Generic,300mg,Tablet,60,"1,000",5440.00,5.44,0.09,"Aurobindo Unit III, India",FALSE,See DN-3936 (ID#:85530),null,5.59
"85,880",151-NG-T30,FPQ-9432,SO-42801,DN-2766,Nigeria,PMO - US,From RDC,N/A - From RDC,Air Charter,03-01-12,N/A - From RDC,02-Aug-12,24-Jul-12,24-Jul-12,ARV,Adult,SCMS from RDC,"Abacavir 300mg, tablets, 60 Tabs",Abacavir,Generic,300mg,Tablet,60,"6,100",79056.00,12.96,0.22,Mylan (formerly Matrix) Nashik,TRUE,681,"$16,532.50 ",110.84
"84,979",111-MZ-T30,FPQ-13575,SO-47700,DN-3939,Mozambique,PMO - US,From RDC,N/A - From RDC,Truck,1/17/2014,N/A - From RDC,31-Oct-14,30-Oct-14,13-Nov-14,ARV,Adult,SCMS from RDC,"Abacavir 300mg, tablets, 60 Tabs",Abacavir,Generic,300mg,Tablet,60,"7,977",90618.72,11.36,0.19,"Aurobindo Unit III, India",FALSE,See DN-3939 (ID#:82732),null,93.16
"85,882",107-RW-T30,FPQ-10119,SO-42750,DN-2770,Rwanda,PMO - US,From RDC,N/A - From RDC,Air,6/18/2012,N/A - From RDC,31-Aug-12,16-Aug-12,16-Aug-12,ARV,Adult,SCMS from RDC,"Zidovudine 300mg, tablets, 60 Tabs",Zidovudine,Generic,300mg,Tablet,60,90,608.40,6.76,0.11,Hetero Unit III Hyderabad IN,TRUE,5,$721.36 ,0.85
"85,883",104-CI-T30,FPQ-9261,SO-41480,DN-2777,Côte d'Ivoire,PMO - US,From RDC,N/A - From RDC,Truck,1/30/2012,N/A - From RDC,20-Aug-12,18-Aug-12,18-Aug-12,ARV,Adult,SCMS from RDC,"Efavirenz/Emtricitabine/Tenofovir Disoproxil Fumarate 600/200/300mg, tablets, 30 Tabs",Efavirenz/Emtricitabine/Tenofovir Disoproxil Fumarate,Generic,600/200/300mg,Tablet - FDC,30,"8,640",129945.60,15.04,0.5,Mylan (formerly Matrix) Nashik,TRUE,972,"$4,754.53 ",182.18
"86,729",111-MZ-T30,FPQ-13575,SO-47700,DN-3939,Mozambique,PMO - US,From RDC,N/A - From RDC,Truck,1/17/2014,N/A - From RDC,31-Oct-14,30-Oct-14,13-Nov-14,ARV,Adult,SCMS from RDC,"Lamivudine/Nevirapine/Zidovudine 150/200/300mg, tablets, 60 Tabs",Lamivudine/Nevirapine/Zidovudine,Generic,150/300/200mg,Tablet - FDC,60,"110,000",908600.00,8.26,0.14,"Aurobindo Unit III, India",FALSE,See DN-3939 (ID#:82732),null,934.04
"85,885",107-RW-T30,FPQ-9888,SO-42133,DN-2789,Rwanda,PMO - US,From RDC,N/A - From RDC,Air,05-11-12,N/A - From RDC,24-Aug-12,16-Aug-12,16-Aug-12,ARV,Adult,SCMS from RDC,"Abacavir 300mg, tablets, 60 Tabs",Abacavir,Generic,300mg,Tablet,60,"10,537",138561.55,13.15,0.22,"Aurobindo Unit III, India",TRUE,1048,"$18,613.69 ",194.26
"84,413",111-MZ-T30,FPQ-14226,SO-48884,DN-3944,Mozambique,PMO - US,From RDC,N/A - From RDC,Truck,05-02-14,N/A - From RDC,31-Dec-14,28-Oct-14,13-Nov-14,ARV,Adult,SCMS from RDC,"Tenofovir Disoproxil Fumarate 300mg, tablets, 30 Tabs",Tenofovir Disoproxil Fumarate,Generic,300mg,Tablet,30,80,302.40,3.78,0.13,Hetero Unit III Hyderabad IN,FALSE,See DN-3944 (ID#:82733),null,0.31
"85,887",151-NG-T30,FPQ-9432,SO-42933,DN-2794,Nigeria,PMO - US,From RDC,N/A - From RDC,Air Charter,03-01-12,N/A - From RDC,20-Aug-12,14-Aug-12,14-Aug-12,ARV,Adult,SCMS from RDC,"Lopinavir/Ritonavir 200/50mg, tablets, 120 Tabs",Lopinavir/Ritonavir,Generic,200/50mg,Tablet,120,"17,497",512837.07,29.31,0.24,"Aurobindo Unit III, India",TRUE,4898,"$18,461.22 ",719
"85,888",104-CI-T30,FPQ-10324,SO-42920,DN-2795,Côte d'Ivoire,PMO - US,From RDC,N/A - From RDC,Air,07-11-12,N/A - From RDC,21-Aug-12,30-Aug-12,30-Aug-12,ARV,Adult,SCMS from RDC,"Zidovudine 300mg, tablets, 60 Tabs",Zidovudine,Generic,300mg,Tablet,60,"9,000",60840.00,6.76,0.11,"Aurobindo Unit III, India",TRUE,486,"$3,028.66 ",85.3
"85,889",107-RW-T30,FPQ-10119,SO-42740,DN-2796,Rwanda,PMO - US,From RDC,N/A - From RDC,Air,6/18/2012,N/A - From RDC,30-Nov-12,14-Sep-12,14-Sep-12,ARV,Adult,SCMS from RDC,"Efavirenz 600mg, tablets, 30 Tabs",Efavirenz,Generic,600mg,Tablet,30,"51,240",200348.40,3.91,0.13,"Aurobindo Unit III, India",TRUE,4331,"$8,684.70 ",280.89
"86,730",111-MZ-T30,FPQ-14226,SO-48884,DN-3944,Mozambique,PMO - US,From RDC,N/A - From RDC,Truck,05-02-14,N/A - From RDC,31-Dec-14,28-Oct-14,13-Nov-14,ARV,Adult,SCMS from RDC,"Tenofovir Disoproxil Fumarate 300mg, tablets, 30 Tabs",Tenofovir Disoproxil Fumarate,Generic,300mg,Tablet,30,220,831.60,3.78,0.13,Hetero Unit III Hyderabad IN,FALSE,See DN-3944 (ID#:82733),null,0.85
"11,177",110-ZM-T01,Pre-PQ Process,SO-753,DN-395,Zambia,PMO - US,From RDC,N/A - From RDC,,Pre-PQ Process,N/A - From RDC,02-Nov-07,02-Nov-07,02-Nov-07,ARV,Pediatric,SCMS from RDC,"Efavirenz 200mg, capsule, 90 Caps",Efavirenz,Generic,200mg,Capsule,90,"2,324",37184.00,16,0.18,"Aurobindo Unit III, India",FALSE,See DN-395 (ID#:10887),null,59.49
"84,417",110-ZM-T30,FPQ-13692,SO-47990,DN-3951,Zambia,PMO - US,From RDC,N/A - From RDC,Truck,02-06-14,N/A - From RDC,31-Oct-14,02-Oct-14,22-Oct-14,ARV,Pediatric,SCMS from RDC,"Abacavir/Lamivudine 60/30mg, tablets, 60 Tabs",Abacavir/Lamivudine,Generic,60/30mg,Tablet - FDC,60,"25,000",100000.00,4,0.07,Mylan (formerly Matrix) Nashik,FALSE,See DN-3951 (ID#:82735),null,102.8
"84,984",102-BI-T30,FPQ-14112,SO-48630,DN-3952,Burundi,PMO - US,From RDC,N/A - From RDC,Air,4/18/2014,N/A - From RDC,31-Oct-14,15-Oct-14,28-Oct-14,ARV,Adult,SCMS from RDC,"Lamivudine/Zidovudine 150/300mg, tablets, 60 Tabs",Lamivudine/Zidovudine,Generic,150/300mg,Tablet - FDC,60,"2,532",16711.20,6.6,0.11,Mylan (formerly Matrix) Nashik,FALSE,See DN-3952 (ID#:82736),null,17.18
"85,894",151-NG-T30,FPQ-9432,SO-42936,DN-2818,Nigeria,PMO - US,From RDC,N/A - From RDC,Air,03-01-12,N/A - From RDC,31-Aug-12,13-Aug-12,13-Aug-12,ARV,Adult,SCMS from RDC,"Nevirapine 200mg, tablets, 60 Tabs",Nevirapine,Generic,200mg,Tablet,60,"53,922",130491.24,2.42,0.04,"Strides, Bangalore, India.",TRUE,9697,"$18,461.22 ",182.95
"85,895",104-CI-T30,FPQ-9063,SO-41340,DN-2827,Côte d'Ivoire,PMO - US,From RDC,N/A - From RDC,Truck,12/21/2011,N/A - From RDC,28-Sep-12,31-Aug-12,31-Aug-12,ARV,Adult,SCMS from RDC,"Efavirenz/Emtricitabine/Tenofovir Disoproxil Fumarate 600/200/300mg, tablets, 30 Tabs",Efavirenz/Emtricitabine/Tenofovir Disoproxil Fumarate,Generic,600/200/300mg,Tablet - FDC,30,"8,640",129945.60,15.04,0.5,Mylan (formerly Matrix) Nashik,TRUE,979,"$4,869.40 ",182.18
"85,896",114-UG-T30,FPQ-9355,SO-41595,DN-2828,Uganda,PMO - US,From RDC,N/A - From RDC,Truck,2/20/2012,N/A - From RDC,24-Sep-12,24-Sep-12,24-Sep-12,ARV,Adult,SCMS from RDC,"Lamivudine/Zidovudine 150/300mg, tablets, 60 Tabs",Lamivudine/Zidovudine,Generic,150/300mg,Tablet - FDC,60,"1,319",10552.00,8,0.13,Hetero Unit III Hyderabad IN,TRUE,108,"$1,618.01 ",14.79
"82,744",101-CD-T30,FPQ-14576,SO-49310,DN-3954,"Congo, DRC",PMO - US,From RDC,N/A - From RDC,Air,7/14/2014,N/A - From RDC,14-Apr-15,14-Apr-15,14-Apr-15,ARV,Pediatric,SCMS from RDC,"Lamivudine/Nevirapine/Zidovudine 30/50/60mg, dispersible tablets, 60 Tabs",Lamivudine/Nevirapine/Zidovudine,Generic,30/50/60mg,Chewable/dispersible tablet - FDC,60,965,3474.00,3.6,0.06,"Cipla, Goa, India",FALSE,See DN-3954 (ID#:82743),null,3.57
"83,286",101-CD-T30,FPQ-14576,SO-49310,DN-3954,"Congo, DRC",PMO - US,From RDC,N/A - From RDC,Air,7/14/2014,N/A - From RDC,14-Apr-15,14-Apr-15,14-Apr-15,ARV,Adult,SCMS from RDC,"Zidovudine 300mg, tablets, 60 Tabs",Zidovudine,Generic,300mg,Tablet,60,"1,400",7616.00,5.44,0.09,"Aurobindo Unit III, India",FALSE,See DN-3954 (ID#:82743),null,7.83
"83,287",101-CD-T30,FPQ-14576,SO-49310,DN-3954,"Congo, DRC",PMO - US,From RDC,N/A - From RDC,Air,7/14/2014,N/A - From RDC,14-Apr-15,14-Apr-15,14-Apr-15,ARV,Pediatric,SCMS from RDC,"Nevirapine 10mg/ml, oral suspension w/syringe, Bottle, 240 ml",Nevirapine,Generic,10mg/ml,Oral suspension,240,590,890.90,1.51,0.01,"Aurobindo Unit III, India",FALSE,See DN-3954 (ID#:82743),null,0.92
"84,991",101-CD-T30,FPQ-14576,SO-49310,DN-3954,"Congo, DRC",PMO - US,From RDC,N/A - From RDC,Air,7/14/2014,N/A - From RDC,14-Apr-15,14-Apr-15,14-Apr-15,ARV,Adult,SCMS from RDC,"Nevirapine 200mg, tablets, 60 Tabs",Nevirapine,Generic,200mg,Tablet,60,"5,850",12753.00,2.18,0.04,Hetero Unit III Hyderabad IN,FALSE,See DN-3954 (ID#:82743),null,13.11
"85,901",104-CI-T30,FPQ-8790,SO-41204,DN-2868,Côte d'Ivoire,PMO - US,From RDC,N/A - From RDC,Air,11-11-11,N/A - From RDC,31-Oct-12,05-Oct-12,05-Oct-12,ARV,Adult,SCMS from RDC,"Tenofovir Disoproxil Fumarate 300mg, tablets, 30 Tabs",Tenofovir Disoproxil Fumarate,Generic,300mg,Tablet,30,"1,781",8584.42,4.82,0.16,Mylan (formerly Matrix) Nashik,TRUE,99,"$1,113 ",12.04
"85,902",104-CI-T30,FPQ-9063,SO-41362,DN-2870,Côte d'Ivoire,PMO - US,From RDC,N/A - From RDC,Truck,12/21/2011,N/A - From RDC,15-Oct-12,05-Oct-12,05-Oct-12,ARV,Adult,SCMS from RDC,"Efavirenz/Emtricitabine/Tenofovir Disoproxil Fumarate 600/200/300mg, tablets, 30 Tabs",Efavirenz/Emtricitabine/Tenofovir Disoproxil Fumarate,Generic,600/200/300mg,Tablet - FDC,30,"10,080",144950.40,14.38,0.48,Mylan (formerly Matrix) Nashik,TRUE,1143,"$8,158.93 ",203.22
"84,418",111-MZ-T30,FPQ-14226,SO-48885,DN-3957,Mozambique,PMO - US,From RDC,N/A - From RDC,Truck,05-02-14,N/A - From RDC,31-Dec-14,01-Dec-14,01-Dec-14,ARV,Adult,SCMS from RDC,"Lamivudine/Tenofovir Disoproxil Fumarate 300/300mg, tablets, 30 Tabs",Lamivudine/Tenofovir Disoproxil Fumarate,Generic,300/300mg,Tablet - FDC,30,"20,673",95922.72,4.64,0.15,Hetero Unit III Hyderabad IN,FALSE,See DN-3957 (ID#:83283),null,98.61
"86,735",111-MZ-T30,FPQ-14226,SO-48885,DN-3957,Mozambique,PMO - US,From RDC,N/A - From RDC,Truck,05-02-14,N/A - From RDC,31-Dec-14,01-Dec-14,01-Dec-14,ARV,Adult,SCMS from RDC,"Efavirenz/Lamivudine/Tenofovir Disoproxil Fumarate 600/300/300mg, tablets, 30 Tabs",Efavirenz/Lamivudine/Tenofovir Disoproxil Fumarate,Generic,600/300/300mg,Tablet - FDC,30,"19,492",210123.76,10.78,0.36,Mylan (formerly Matrix) Nashik,FALSE,See DN-3957 (ID#:83283),null,216.01
"86,139",104-CI-T30,FPQ-13628,SO-49880,DN-3966,Côte d'Ivoire,PMO - US,From RDC,N/A - From RDC,Truck,1/29/2014,N/A - From RDC,31-Oct-14,17-Oct-14,07-Nov-14,ARV,Adult,SCMS from RDC,"Tenofovir Disoproxil Fumarate 300mg, tablets, 30 Tabs",Tenofovir Disoproxil Fumarate,Generic,300mg,Tablet,30,"2,095",7583.90,3.62,0.12,Mylan (formerly Matrix) Nashik,FALSE,See DN-3966 (ID#:82739),null,7.8
"83,850",103-ZW-T30,FPQ-13967,SO-49890,DN-3972,Zimbabwe,PMO - US,From RDC,N/A - From RDC,Truck,04-02-14,N/A - From RDC,14-Nov-14,30-Oct-14,07-Nov-14,ARV,Pediatric,SCMS from RDC,"Lamivudine/Nevirapine/Zidovudine 30/50/60mg, dispersible tablets, 60 Tabs",Lamivudine/Nevirapine/Zidovudine,Generic,30/50/60mg,Chewable/dispersible tablet - FDC,60,"37,963",136666.80,3.6,0.06,"Cipla, Goa, India",FALSE,See DN-3972 (ID#:82740),null,140.49
"82,746",113-ZW-T30,FPQ-14458,SO-49171,DN-3974,Zimbabwe,PMO - US,From RDC,N/A - From RDC,Truck,6/13/2014,N/A - From RDC,31-Jan-15,30-Oct-14,07-Nov-14,ARV,Adult,SCMS from RDC,"Efavirenz/Lamivudine/Tenofovir Disoproxil Fumarate 600/300/300mg, tablets, 30 Tabs",Efavirenz/Lamivudine/Tenofovir Disoproxil Fumarate,Generic,600/300/300mg,Tablet - FDC,30,"75,013",768883.25,10.25,0.34,Cipla Ltd A-42 MIDC Mahar. IN,FALSE,See DN-3974 (ID#:82745),null,790.41
"85,908",109-TZ-T30,FPQ-9303,SO-41550,DN-2888,Tanzania,PMO - US,From RDC,N/A - From RDC,Truck,2/15/2012,N/A - From RDC,30-Nov-12,06-Nov-12,06-Nov-12,ARV,Pediatric,SCMS from RDC,"Lamivudine/Nevirapine/Stavudine 30/50/6mg, dispersible tablets, 60 Tabs",Lamivudine/Nevirapine/Stavudine,Generic,30/50/6mg,Chewable/dispersible tablet - FDC,60,"17,600",40480.00,2.3,0.04,"Cipla, Goa, India",TRUE,3526,"$8,977 ",56.75
"85,539",113-ZW-T30,FPQ-14458,SO-49171,DN-3974,Zimbabwe,PMO - US,From RDC,N/A - From RDC,Truck,6/13/2014,N/A - From RDC,31-Jan-15,30-Oct-14,07-Nov-14,ARV,Adult,SCMS from RDC,"Efavirenz/Lamivudine/Tenofovir Disoproxil Fumarate 600/300/300mg, tablets, 30 Tabs",Efavirenz/Lamivudine/Tenofovir Disoproxil Fumarate,Generic,600/300/300mg,Tablet - FDC,30,6,0.00,0,0,Cipla Ltd A-42 MIDC Mahar. IN,FALSE,See DN-3974 (ID#:82745),null,0
"85,910",111-MZ-T30,FPQ-10210,SO-42840,DN-2899,Mozambique,PMO - US,From RDC,N/A - From RDC,Truck,6/28/2012,N/A - From RDC,30-Nov-12,14-Nov-12,14-Nov-12,ARV,Adult,SCMS from RDC,"Lamivudine/Nevirapine/Zidovudine 150/200/300mg, tablets, 60 Tabs",Lamivudine/Nevirapine/Zidovudine,Generic,150/300/200mg,Tablet - FDC,60,"149,997",1471470.57,9.81,0.16,"Aurobindo Unit III, India",TRUE,17605,"$6,323.10 ","2,063"
"85,911",111-MZ-T30,FPQ-10210,SO-42821,DN-2911,Mozambique,PMO - US,From RDC,N/A - From RDC,Truck,6/28/2012,N/A - From RDC,30-Nov-12,14-Nov-12,14-Nov-12,ARV,Adult,SCMS from RDC,"Lamivudine/Zidovudine 150/300mg, tablets, 60 Tabs",Lamivudine/Zidovudine,Generic,150/300mg,Tablet - FDC,60,"24,732",190931.04,7.72,0.13,Hetero Unit III Hyderabad IN,TRUE,2143,"$6,323.10 ",267.69
"85,912",110-ZM-T30,FPQ-9773,SO-41994,DN-2912,Zambia,PMO - US,From RDC,N/A - From RDC,Truck,4/27/2012,N/A - From RDC,15-Nov-12,05-Nov-12,05-Nov-12,ARV,Adult,SCMS from RDC,"Efavirenz/Emtricitabine/Tenofovir Disoproxil Fumarate 600/200/300mg, tablets, 30 Tabs",Efavirenz/Emtricitabine/Tenofovir Disoproxil Fumarate,Generic,600/200/300mg,Tablet - FDC,30,"133,000",1912540.00,14.38,0.48,Mylan (formerly Matrix) Nashik,TRUE,15075,"$10,809.09 ","2,681.38"
"85,913",107-RW-T30,FPQ-10119,SO-42700,DN-2915,Rwanda,PMO - US,From RDC,N/A - From RDC,Air,6/18/2012,N/A - From RDC,16-Jan-13,16-Jan-13,16-Jan-13,ARV,Adult,SCMS from RDC,"Lamivudine/Stavudine 150/30mg, tablets, 60 Tabs",Lamivudine/Stavudine,Generic,150/30mg,Tablet - FDC,60,"5,468",16130.60,2.95,0.05,Hetero Unit III Hyderabad IN,TRUE,437,"$2,928.40 ",22.62
"85,914",107-RW-T30,FPQ-9969,SO-42420,DN-2916,Rwanda,PMO - US,From RDC,N/A - From RDC,Air,5/25/2012,N/A - From RDC,16-Jan-13,16-Jan-13,16-Jan-13,ARV,Adult,SCMS from RDC,"Lamivudine/Stavudine 150/30mg, tablets, 60 Tabs",Lamivudine/Stavudine,Generic,150/30mg,Tablet - FDC,60,"13,152",38798.40,2.95,0.05,Hetero Unit III Hyderabad IN,TRUE,1045,"$6,152 ",54.4
"83,855",101-CD-T30,FPQ-14576,SO-49290,DN-3975,"Congo, DRC",PMO - US,From RDC,N/A - From RDC,Air,7/14/2014,N/A - From RDC,30-Jan-15,18-Feb-15,23-Feb-15,ARV,Adult,SCMS from RDC,"Efavirenz 600mg, tablets, 30 Tabs",Efavirenz,Generic,600mg,Tablet,30,"2,660",8352.40,3.14,0.1,"Micro labs, Verna, Goa, India",FALSE,See DN-3975 (ID#:82748),null,8.59
"85,916",151-NG-T30,FPQ-9968,SO-43430,DN-2909,Nigeria,PMO - US,From RDC,N/A - From RDC,Air,5/23/2012,N/A - From RDC,07-Nov-12,07-Nov-12,07-Nov-12,ARV,Adult,SCMS from RDC,"Lamivudine/Nevirapine/Zidovudine 150/200/300mg, tablets, 60 Tabs",Lamivudine/Nevirapine/Zidovudine,Generic,150/300/200mg,Tablet - FDC,60,"116,000",1115920.00,9.62,0.16,Hetero Unit III Hyderabad IN,TRUE,17521,"$15,459.09 ","1,564.52"
"85,917",151-NG-T30,FPQ-9968,SO-43431,DN-2923,Nigeria,PMO - US,From RDC,N/A - From RDC,Air,5/23/2012,N/A - From RDC,15-Nov-12,06-Nov-12,06-Nov-12,ARV,Adult,SCMS from RDC,"Efavirenz/Lamivudine/Tenofovir Disoproxil Fumarate 600/300/300mg, tablets, 30 Tabs",Efavirenz/Lamivudine/Tenofovir Disoproxil Fumarate,Generic,600/300/300mg,Tablet - FDC,30,"56,404",748481.08,13.27,0.44,Mylan (formerly Matrix) Nashik,TRUE,6886,"$15,459.09 ","1,049.37"
"84,422",101-CD-T30,FPQ-14576,SO-49290,DN-3975,"Congo, DRC",PMO - US,From RDC,N/A - From RDC,Air,7/14/2014,N/A - From RDC,30-Jan-15,18-Feb-15,23-Feb-15,ARV,Pediatric,SCMS from RDC,"Lamivudine/Zidovudine 30/60mg, dispersible tablets, 60 Tabs",Lamivudine/Zidovudine,Generic,30/60mg,Chewable/dispersible tablet - FDC,60,800,1592.00,1.99,0.03,"Cipla, Goa, India",FALSE,See DN-3975 (ID#:82748),null,1.64
"85,919",114-UG-T30,FPQ-10357,SO-42901,DN-2964,Uganda,PMO - US,From RDC,N/A - From RDC,Truck,7/18/2012,N/A - From RDC,05-Feb-13,05-Feb-13,05-Feb-13,ARV,Adult,SCMS from RDC,"Lamivudine/Tenofovir Disoproxil Fumarate 300/300mg, tablets, 30 Tabs",Lamivudine/Tenofovir Disoproxil Fumarate,Generic,300/300mg,Tablet - FDC,30,48,257.28,5.36,0.18,Hetero Unit III Hyderabad IN,TRUE,5,$673.25 ,0.36
"85,920",111-MZ-T30,FPQ-10211,SO-42870,DN-2966,Mozambique,PMO - US,From RDC,N/A - From RDC,Truck,6/28/2012,N/A - From RDC,31-Jan-13,11-Jan-13,11-Jan-13,ARV,Adult,SCMS from RDC,"Lamivudine/Nevirapine/Zidovudine 150/200/300mg, tablets, 60 Tabs",Lamivudine/Nevirapine/Zidovudine,Generic,150/300/200mg,Tablet - FDC,60,"67,271",647147.02,9.62,0.16,"Aurobindo Unit III, India",TRUE,7899,"$7,433.01 ",907.3
"84,992",101-CD-T30,FPQ-14576,SO-49290,DN-3975,"Congo, DRC",PMO - US,From RDC,N/A - From RDC,Air,7/14/2014,N/A - From RDC,30-Jan-15,18-Feb-15,23-Feb-15,ARV,Pediatric,SCMS from RDC,"Zidovudine 10mg/ml, oral solution w/syringe, Bottle, 240 ml",Zidovudine,Generic,10mg/ml,Oral solution,240,714,1499.40,2.1,0.01,"Cipla, Goa, India",FALSE,See DN-3975 (ID#:82748),null,1.54
"86,142",101-CD-T30,FPQ-14576,SO-49290,DN-3975,"Congo, DRC",PMO - US,From RDC,N/A - From RDC,Air,7/14/2014,N/A - From RDC,30-Jan-15,18-Feb-15,23-Feb-15,ARV,Adult,SCMS from RDC,"Tenofovir Disoproxil Fumarate 300mg, tablets, 30 Tabs",Tenofovir Disoproxil Fumarate,Generic,300mg,Tablet,30,"5,850",22113.00,3.78,0.13,Hetero Unit III Hyderabad IN,FALSE,See DN-3975 (ID#:82748),null,22.73
"85,923",113-ZW-T30,FPQ-11422,SO-44010,DN-2979,Zimbabwe,PMO - US,From RDC,N/A - From RDC,Air,01-04-13,N/A - From RDC,15-Feb-13,24-Jan-13,24-Jan-13,ARV,Adult,SCMS from RDC,"Lopinavir/Ritonavir 200/50mg, tablets, 120 Tabs",Lopinavir/Ritonavir,Generic,200/50mg,Tablet,120,"1,573",38947.48,24.76,0.21,"Aurobindo Unit III, India",TRUE,388,"$2,392 ",48.18
"86,739",101-CD-T30,FPQ-14576,SO-49290,DN-3975,"Congo, DRC",PMO - US,From RDC,N/A - From RDC,Air,7/14/2014,N/A - From RDC,30-Jan-15,18-Feb-15,23-Feb-15,ARV,Adult,SCMS from RDC,"Lamivudine/Zidovudine 150/300mg, tablets, 60 Tabs",Lamivudine/Zidovudine,Generic,150/300mg,Tablet - FDC,60,"4,670",30448.40,6.52,0.11,Mylan (formerly Matrix) Nashik,FALSE,See DN-3975 (ID#:82748),null,31.3
"86,740",101-CD-T30,FPQ-14576,SO-49290,DN-3975,"Congo, DRC",PMO - US,From RDC,N/A - From RDC,Air,7/14/2014,N/A - From RDC,30-Jan-15,18-Feb-15,23-Feb-15,ARV,Adult,SCMS from RDC,"Lamivudine/Nevirapine/Zidovudine 150/200/300mg, tablets, 60 Tabs",Lamivudine/Nevirapine/Zidovudine,Generic,150/300/200mg,Tablet - FDC,60,"3,460",28060.60,8.11,0.14,Mylan (formerly Matrix) Nashik,FALSE,See DN-3975 (ID#:82748),null,28.85
"86,741",101-CD-T30,FPQ-14576,SO-49290,DN-3975,"Congo, DRC",PMO - US,From RDC,N/A - From RDC,Air,7/14/2014,N/A - From RDC,30-Jan-15,18-Feb-15,23-Feb-15,ARV,Adult,SCMS from RDC,"Lamivudine 150mg, tablets, 60 Tabs",Lamivudine,Generic,150mg,Tablet,60,"1,976",3438.24,1.74,0.03,"Aurobindo Unit III, India",FALSE,See DN-3975 (ID#:82748),null,3.53
"85,927",114-UG-T30,FPQ-11143,SO-43930,DN-2986,Uganda,PMO - US,From RDC,N/A - From RDC,Air,12/13/2012,N/A - From RDC,22-Feb-13,25-Feb-13,25-Feb-13,ARV,Pediatric,SCMS from RDC,"Lamivudine/Zidovudine 30/60mg, tablets, 60 Tabs",Lamivudine/Zidovudine,Generic,30/60mg,Tablet - FDC,60,"2,512",5677.12,2.26,0.04,"Aurobindo Unit III, India",TRUE,177,"$3,255.61 ",7.02
"85,928",110-ZM-T30,FPQ-10728,SO-43440,DN-2987,Zambia,PMO - US,From RDC,N/A - From RDC,Truck,10-05-12,N/A - From RDC,19-Feb-13,19-Feb-13,19-Feb-13,ARV,Pediatric,SCMS from RDC,"Abacavir 20mg/ml, oral solution w/syringe, Bottle, 240 ml",Abacavir,Generic,20mg/ml,Oral solution,240,"3,648",44067.84,12.08,0.05,"Aurobindo Unit III, India",TRUE,974,"$6,923.53 ",61.78
"84,994",151-NG-T30,FPQ-14156,SO-48891,DN-3999,Nigeria,PMO - US,From RDC,N/A - From RDC,Air Charter,4/25/2014,N/A - From RDC,30-Nov-14,30-Oct-14,03-Nov-14,ARV,Adult,SCMS from RDC,"Lamivudine/Nevirapine/Zidovudine 150/200/300mg, tablets, 60 Tabs",Lamivudine/Nevirapine/Zidovudine,Generic,150/300/200mg,Tablet - FDC,60,"100,000",811000.00,8.11,0.14,"Cipla, Goa, India",FALSE,See DN-3999 (ID#:82752),null,833.71
"86,144",102-BI-T30,FPQ-14112,SO-48620,DN-4003,Burundi,PMO - US,From RDC,N/A - From RDC,Air,4/18/2014,N/A - From RDC,20-Nov-14,20-Nov-14,24-Nov-14,ARV,Adult,SCMS from RDC,"Lamivudine/Nevirapine/Zidovudine 150/200/300mg, tablets, 60 Tabs",Lamivudine/Nevirapine/Zidovudine,Generic,150/300/200mg,Tablet - FDC,60,"1,536",12456.96,8.11,0.14,Mylan (formerly Matrix) Nashik,FALSE,See DN-4003 (ID#:84425),null,12.81
"83,288",114-UG-T30,FPQ-14396,SO-48970,DN-4008,Uganda,PMO - US,From RDC,N/A - From RDC,Truck,06-04-14,N/A - From RDC,28-Nov-14,03-Dec-14,04-Dec-14,ARV,Pediatric,SCMS from RDC,"Abacavir/Lamivudine 60/30mg, tablets, 60 Tabs",Abacavir/Lamivudine,Generic,60/30mg,Tablet - FDC,60,"9,308",38069.72,4.09,0.07,Mylan (formerly Matrix) Nashik,FALSE,See DN-4008 (ID#:82753),null,39.14
"11,475",100-ZW-T01,Pre-PQ Process,SO-706,DN-401,Zimbabwe,PMO - US,From RDC,N/A - From RDC,Air,Pre-PQ Process,N/A - From RDC,25-Nov-07,25-Nov-07,25-Nov-07,ARV,Adult,SCMS from RDC,"Lamivudine/Nevirapine/Stavudine 150/200/30mg, tablets, 60 Tabs",Lamivudine/Nevirapine/Stavudine,Generic,150/200/30mg,Tablet - FDC,60,"15,000",111000.00,7.4,0.12,"Cipla, Goa, India",FALSE,See DN-401 (ID#:11474),null,177.6
"85,936",114-UG-T30,FPQ-10786,SO-43520,DN-3011,Uganda,PMO - US,From RDC,N/A - From RDC,Air,10-10-12,N/A - From RDC,04-Mar-13,04-Mar-13,04-Mar-13,ARV,Adult,SCMS from RDC,"Lopinavir/Ritonavir 200/50mg, tablets, 120 Tabs",Lopinavir/Ritonavir,Generic,200/50mg,Tablet,120,"8,494",210311.44,24.76,0.21,"Aurobindo Unit III, India",TRUE,2089,"$17,032.59 ",260.16
"86,746",107-RW-T30,FPQ-14811,SO-49941,DN-4011,Rwanda,PMO - US,From RDC,N/A - From RDC,Truck,10/15/2014,N/A - From RDC,14-Jan-15,13-Nov-14,14-Nov-14,ARV,Pediatric,SCMS from RDC,"Lamivudine/Zidovudine 30/60mg, dispersible tablets, 60 Tabs",Lamivudine/Zidovudine,Generic,30/60mg,Chewable/dispersible tablet - FDC,60,459,913.41,1.99,0.03,"Cipla, Goa, India",FALSE,See DN-4011 (ID#:84426),null,0.94
"83,860",107-RW-T30,FPQ-14111,SO-48790,DN-4012,Rwanda,PMO - US,From RDC,N/A - From RDC,Truck,4/22/2014,N/A - From RDC,16-Feb-15,14-Jan-15,19-Jan-15,ARV,Adult,SCMS from RDC,"Nevirapine 200mg, tablets, 60 Tabs",Nevirapine,Generic,200mg,Tablet,60,"49,941",110369.61,2.21,0.04,Hetero Unit III Hyderabad IN,FALSE,See DN-4012 (ID#:82755),null,113.46
"84,427",107-RW-T30,FPQ-14111,SO-48790,DN-4012,Rwanda,PMO - US,From RDC,N/A - From RDC,Truck,4/22/2014,N/A - From RDC,16-Feb-15,14-Jan-15,19-Jan-15,ARV,Adult,SCMS from RDC,"Nevirapine 200mg, tablets, 60 Tabs",Nevirapine,Generic,200mg,Tablet,60,"21,739",48043.19,2.21,0.04,"Aurobindo Unit III, India",FALSE,See DN-4012 (ID#:82755),null,49.39
"86,747",107-RW-T30,FPQ-14111,SO-48790,DN-4012,Rwanda,PMO - US,From RDC,N/A - From RDC,Truck,4/22/2014,N/A - From RDC,16-Feb-15,14-Jan-15,19-Jan-15,ARV,Adult,SCMS from RDC,"Abacavir/Lamivudine 600/300mg, tablets, 30 Tabs",Abacavir/Lamivudine,Generic,600/300mg,Tablet - FDC,30,"49,270",666130.40,13.52,0.45,Mylan (formerly Matrix) Nashik,FALSE,See DN-4012 (ID#:82755),null,684.78
"86,750",104-CI-T30,FPQ-13628,SO-47882,DN-4016,Côte d'Ivoire,PMO - US,From RDC,N/A - From RDC,Truck,1/29/2014,N/A - From RDC,28-Nov-14,02-Dec-14,08-Dec-14,ARV,Adult,SCMS from RDC,"Efavirenz 600mg, tablets, 30 Tabs",Efavirenz,Generic,600mg,Tablet,30,"32,400",107892.00,3.33,0.11,"Strides, Bangalore, India.",FALSE,See DN-4016 (ID#:84996),null,110.91
"86,147",104-CI-T30,FPQ-14370,SO-49051,DN-4017,Côte d'Ivoire,PMO - US,From RDC,N/A - From RDC,Truck,5/23/2014,N/A - From RDC,28-Nov-14,02-Dec-14,08-Dec-14,ARV,Adult,SCMS from RDC,"Efavirenz 600mg, tablets, 30 Tabs",Efavirenz,Generic,600mg,Tablet,30,"25,555",82031.55,3.21,0.11,"Micro labs, Verna, Goa, India",FALSE,See DN-4017 (ID#:84997),null,84.33
"86,749",114-UG-T30,FPQ-14396,SO-48973,DN-4019,Uganda,PMO - US,From RDC,N/A - From RDC,Truck,06-04-14,N/A - From RDC,15-Jan-15,17-Dec-14,22-Dec-14,ARV,Adult,SCMS from RDC,"Efavirenz 600mg, tablets, 30 Tabs",Efavirenz,Generic,600mg,Tablet,30,"22,500",72225.00,3.21,0.11,"Strides, Bangalore, India.",FALSE,See DN-4019 (ID#:84429),null,74.25
"84,430",104-CI-T30,FPQ-13628,SO-47912,DN-4024,Côte d'Ivoire,PMO - US,From RDC,N/A - From RDC,Truck,1/29/2014,N/A - From RDC,30-Jan-15,11-Feb-15,16-Feb-15,ARV,Adult,SCMS from RDC,"Lopinavir/Ritonavir 200/50mg, tablets, 120 Tabs",Lopinavir/Ritonavir,Generic,200/50mg,Tablet,120,"10,275",213720.00,20.8,0.17,"Aurobindo Unit III, India",FALSE,See DN-4024 (ID#:82756),null,219.7
"85,947",113-ZW-T30,FPQ-10632,SO-43211,DN-3057,Zimbabwe,PMO - US,From RDC,N/A - From RDC,Truck,09-11-12,N/A - From RDC,15-Apr-13,14-Mar-13,14-Mar-13,ARV,Adult,SCMS from RDC,"Lamivudine/Tenofovir Disoproxil Fumarate 300/300mg, tablets, 30 Tabs",Lamivudine/Tenofovir Disoproxil Fumarate,Generic,300/300mg,Tablet - FDC,30,"132,320",621904.00,4.7,0.16,"Aurobindo Unit VII, IN",TRUE,12328,"$9,405.81 ",871.91
"85,542",104-CI-T30,FPQ-13628,SO-47912,DN-4024,Côte d'Ivoire,PMO - US,From RDC,N/A - From RDC,Truck,1/29/2014,N/A - From RDC,30-Jan-15,11-Feb-15,16-Feb-15,ARV,Adult,SCMS from RDC,"Lamivudine/Nevirapine/Zidovudine 150/200/300mg, tablets, 60 Tabs",Lamivudine/Nevirapine/Zidovudine,Generic,150/300/200mg,Tablet - FDC,60,"50,700",391404.00,7.72,0.13,Mylan (formerly Matrix) Nashik,FALSE,See DN-4024 (ID#:82756),null,402.36
"85,951",104-CI-T30,FPQ-11253,SO-44170,DN-3072,Côte d'Ivoire,PMO - US,From RDC,N/A - From RDC,Truck,12/14/2012,N/A - From RDC,30-Apr-13,10-May-13,10-May-13,ARV,Pediatric,SCMS from RDC,"Zidovudine 10mg/ml, oral solution w/syringe, Bottle, 240 ml",Zidovudine,Generic,10mg/ml,Oral solution,240,"3,000",6300.00,2.1,0.01,"Aurobindo Unit III, India",TRUE,1159,"$5,405.25 ",7.79
"83,861",111-MZ-T30,FPQ-14226,SO-48880,DN-4032,Mozambique,PMO - US,From RDC,N/A - From RDC,Truck,05-02-14,N/A - From RDC,02-Mar-15,02-Mar-15,09-Mar-15,ARV,Adult,SCMS from RDC,"Abacavir 300mg, tablets, 60 Tabs",Abacavir,Generic,300mg,Tablet,60,"7,700",86471.00,11.23,0.19,Mylan (formerly Matrix) Nashik,FALSE,See DN-4032 (ID#:82757),null,88.89
"85,953",111-MZ-T30,FPQ-10211,SO-42862,DN-3086,Mozambique,PMO - US,From RDC,N/A - From RDC,Truck,6/28/2012,N/A - From RDC,19-Apr-13,19-Apr-13,19-Apr-13,ARV,Adult,SCMS from RDC,"Efavirenz/Lamivudine/Tenofovir Disoproxil Fumarate 600/300/300mg, tablets, 30 Tabs",Efavirenz/Lamivudine/Tenofovir Disoproxil Fumarate,Generic,600/300/300mg,Tablet - FDC,30,"22,000",266420.00,12.11,0.4,Mylan (formerly Matrix) Nashik,TRUE,2503,"$4,120.69 ",373.52
"83,862",111-MZ-T30,FPQ-14226,SO-48880,DN-4032,Mozambique,PMO - US,From RDC,N/A - From RDC,Truck,05-02-14,N/A - From RDC,02-Mar-15,02-Mar-15,09-Mar-15,ARV,Adult,SCMS from RDC,"Lopinavir/Ritonavir 200/50mg, tablets, 120 Tabs",Lopinavir/Ritonavir,Generic,200/50mg,Tablet,120,"29,998",581361.24,19.38,0.16,Mylan (formerly Matrix) Nashik,FALSE,See DN-4032 (ID#:82757),null,597.64
"85,000",111-MZ-T30,FPQ-14226,SO-48880,DN-4032,Mozambique,PMO - US,From RDC,N/A - From RDC,Truck,05-02-14,N/A - From RDC,02-Mar-15,02-Mar-15,09-Mar-15,ARV,Adult,SCMS from RDC,"Tenofovir Disoproxil Fumarate 300mg, tablets, 30 Tabs",Tenofovir Disoproxil Fumarate,Generic,300mg,Tablet,30,380,1436.40,3.78,0.13,Hetero Unit III Hyderabad IN,FALSE,See DN-4032 (ID#:82757),null,1.48
"85,001",111-MZ-T30,FPQ-14226,SO-48880,DN-4032,Mozambique,PMO - US,From RDC,N/A - From RDC,Truck,05-02-14,N/A - From RDC,02-Mar-15,02-Mar-15,09-Mar-15,ARV,Adult,SCMS from RDC,"Lopinavir/Ritonavir 200/50mg, tablets, 120 Tabs",Lopinavir/Ritonavir,Generic,200/50mg,Tablet,120,"13,642",264381.96,19.38,0.16,"Aurobindo Unit III, India",FALSE,See DN-4032 (ID#:82757),null,271.78
"85,547",104-CI-T30,FPQ-13628,SO-47900,DN-4039,Côte d'Ivoire,PMO - US,From RDC,N/A - From RDC,Truck,1/29/2014,N/A - From RDC,30-Jan-15,11-Feb-15,16-Feb-15,ARV,Adult,SCMS from RDC,"Abacavir/Lamivudine 600/300mg, tablets, 30 Tabs",Abacavir/Lamivudine,Generic,600/300mg,Tablet - FDC,30,"2,000",26980.00,13.49,0.45,Mylan (formerly Matrix) Nashik,FALSE,See DN-4039 (ID#:83869),null,27.74
"86,158",104-CI-T30,FPQ-13628,SO-47900,DN-4039,Côte d'Ivoire,PMO - US,From RDC,N/A - From RDC,Truck,1/29/2014,N/A - From RDC,30-Jan-15,11-Feb-15,16-Feb-15,ARV,Pediatric,SCMS from RDC,"Lamivudine/Zidovudine 30/60mg, dispersible tablets, 60 Tabs",Lamivudine/Zidovudine,Generic,30/60mg,Chewable/dispersible tablet - FDC,60,"1,956",3892.44,1.99,0.03,"Cipla, Goa, India",FALSE,See DN-4039 (ID#:83869),null,4
"84,432",107-RW-T30,FPQ-14811,SO-49951,DN-4040,Rwanda,PMO - US,From RDC,N/A - From RDC,Truck,10/15/2014,N/A - From RDC,14-Jan-15,24-Dec-14,05-Jan-15,ARV,Pediatric,SCMS from RDC,"Abacavir/Lamivudine 60/30mg, dispersible tablets, 60 Tabs",Abacavir/Lamivudine,Generic,60/30mg,Chewable/dispersible tablet - FDC,60,"3,238",16481.42,5.09,0.08,"Cipla, Patalganga, India",FALSE,See DN-4040 (ID#:82758),null,16.94
"83,292",114-UG-T30,FPQ-14396,SO-48993,DN-4041,Uganda,PMO - US,From RDC,N/A - From RDC,Truck,06-04-14,N/A - From RDC,16-Feb-15,24-Jan-15,03-Feb-15,ARV,Pediatric,SCMS from RDC,"Abacavir/Lamivudine 60/30mg, tablets, 60 Tabs",Abacavir/Lamivudine,Generic,60/30mg,Tablet - FDC,60,276,1128.84,4.09,0.07,Mylan (formerly Matrix) Nashik,FALSE,See DN-4041 (ID#:83291),null,1.16
"85,963",104-CI-T30,FPQ-11253,SO-44160,DN-3135,Côte d'Ivoire,PMO - US,From RDC,N/A - From RDC,Truck,12/14/2012,N/A - From RDC,28-Jun-13,30-Apr-13,30-Apr-13,ARV,Pediatric,SCMS from RDC,"Abacavir/Lamivudine 60/30mg, tablets, 60 Tabs",Abacavir/Lamivudine,Generic,60/30mg,Tablet - FDC,60,"2,600",11960.00,4.6,0.08,"Aurobindo Unit III, India",TRUE,122,"$1,799.58 ",14.79
"85,964",151-NG-T30,FPQ-11022,SO-43847,DN-3142,Nigeria,PMO - US,From RDC,N/A - From RDC,Air Charter,11/15/2012,N/A - From RDC,21-May-13,03-May-13,03-May-13,ARV,Adult,SCMS from RDC,"Lamivudine/Nevirapine/Zidovudine 150/200/300mg, tablets, 60 Tabs",Lamivudine/Nevirapine/Zidovudine,Generic,150/300/200mg,Tablet - FDC,60,"36,278",311265.24,8.58,0.14,"Cipla, Goa, India",TRUE,4943,"$14,547.55 ",385.04
"85,965",114-UG-T30,FPQ-10945,SO-43621,DN-3152,Uganda,PMO - US,From RDC,N/A - From RDC,Air,11-06-12,N/A - From RDC,09-May-13,22-May-13,22-May-13,ARV,Adult,SCMS from RDC,"Efavirenz/Lamivudine/Tenofovir Disoproxil Fumarate 600/300/300mg, tablets, 30 Tabs",Efavirenz/Lamivudine/Tenofovir Disoproxil Fumarate,Generic,600/300/300mg,Tablet - FDC,30,"61,394",645864.88,10.52,0.35,Hetero Unit III Hyderabad IN,TRUE,8115,"$13,817.65 ",798.93
"85,966",151-NG-T30,FPQ-11022,SO-43841,DN-3151,Nigeria,PMO - US,From RDC,N/A - From RDC,Air,11/15/2012,N/A - From RDC,21-May-13,23-May-13,23-May-13,ARV,Pediatric,SCMS from RDC,"Lamivudine/Nevirapine/Stavudine 60/100/12mg, dispersible tablets, 60 Tabs",Lamivudine/Nevirapine/Stavudine,Generic,60/100/12mg,Chewable/dispersible tablet - FDC,60,"2,027",8716.10,4.3,0.07,"Cipla, Goa, India",TRUE,218,"$1,941.82 ",10.78
"85,967",114-UG-T30,FPQ-11133,SO-43881,DN-3156,Uganda,PMO - US,From RDC,N/A - From RDC,Truck,12/13/2012,N/A - From RDC,31-May-13,30-May-13,30-May-13,ARV,Adult,SCMS from RDC,"Lamivudine/Tenofovir Disoproxil Fumarate 300/300mg, tablets, 30 Tabs",Lamivudine/Tenofovir Disoproxil Fumarate,Generic,300/300mg,Tablet - FDC,30,"1,380",6486.00,4.7,0.16,"Aurobindo Unit VII, IN",TRUE,142,"$1,034.64 ",8.02
"84,433",114-UG-T30,FPQ-14396,SO-48993,DN-4041,Uganda,PMO - US,From RDC,N/A - From RDC,Truck,06-04-14,N/A - From RDC,16-Feb-15,24-Jan-15,03-Feb-15,ARV,Pediatric,SCMS from RDC,"Abacavir/Lamivudine 60/30mg, tablets, 60 Tabs",Abacavir/Lamivudine,Generic,60/30mg,Tablet - FDC,60,"2,368",9685.12,4.09,0.07,"Aurobindo Unit III, India",FALSE,See DN-4041 (ID#:83291),null,9.96
"85,003",114-UG-T30,FPQ-14396,SO-48993,DN-4041,Uganda,PMO - US,From RDC,N/A - From RDC,Truck,06-04-14,N/A - From RDC,16-Feb-15,24-Jan-15,03-Feb-15,ARV,Adult,SCMS from RDC,"Lopinavir/Ritonavir 200/50mg [Aluvia], tablets, 120 Tabs",Lopinavir/Ritonavir,Aluvia,200/50mg,Tablet,120,"3,663",69230.70,18.9,0.16,ABBVIE Ludwigshafen Germany,FALSE,See DN-4041 (ID#:83291),null,71.17
"85,971",110-ZM-T30,FPQ-11553,SO-44475,DN-3184,Zambia,PMO - US,From RDC,N/A - From RDC,Truck,1/28/2013,N/A - From RDC,25-Jun-13,29-May-13,29-May-13,ARV,Adult,SCMS from RDC,"Nevirapine 200mg, tablets, 60 Tabs",Nevirapine,Generic,200mg,Tablet,60,"96,800",223608.00,2.31,0.04,"Cipla, Goa, India",TRUE,11808,"$17,650.15 ",276.6
"85,972",109-TZ-T30,FPQ-10551,SO-43140,DN-3185,Tanzania,PMO - US,From RDC,N/A - From RDC,Truck,8/31/2012,N/A - From RDC,28-Jun-13,23-May-13,23-May-13,ARV,Pediatric,SCMS from RDC,"Nevirapine 10mg/ml, oral suspension w/syringe, Bottle, 240 ml",Nevirapine,Generic,10mg/ml,Oral suspension,240,"24,977",48705.15,1.95,0.01,"Aurobindo Unit III, India",TRUE,9174,"$7,185.60 ",68.28
"86,151",114-UG-T30,FPQ-14396,SO-48993,DN-4041,Uganda,PMO - US,From RDC,N/A - From RDC,Truck,06-04-14,N/A - From RDC,16-Feb-15,24-Jan-15,03-Feb-15,ARV,Adult,SCMS from RDC,"Efavirenz 600mg, tablets, 30 Tabs",Efavirenz,Generic,600mg,Tablet,30,"7,500",24075.00,3.21,0.11,Hetero Unit III Hyderabad IN,FALSE,See DN-4041 (ID#:83291),null,24.75
"85,975",111-MZ-T30,FPQ-11033,SO-43810,DN-3213,Mozambique,PMO - US,From RDC,N/A - From RDC,Truck,11-12-12,N/A - From RDC,31-Jul-13,26-Jul-13,26-Jul-13,ARV,Adult,SCMS from RDC,"Zidovudine 300mg, tablets, 60 Tabs",Zidovudine,Generic,300mg,Tablet,60,"5,320",34101.20,6.41,0.11,"Aurobindo Unit III, India",TRUE,273,"$5,496.08 ",42.18
"86,757",151-NG-T30,FPQ-14156,SO-48892,DN-4052,Nigeria,PMO - US,From RDC,N/A - From RDC,Air Charter,4/25/2014,N/A - From RDC,30-Jan-15,29-Dec-14,06-Jan-15,ARV,Adult,SCMS from RDC,"Lamivudine/Nevirapine/Zidovudine 150/200/300mg, tablets, 60 Tabs",Lamivudine/Nevirapine/Zidovudine,Generic,150/300/200mg,Tablet - FDC,60,"306,992",2369978.24,7.72,0.13,"Cipla, Goa, India",FALSE,See DN-4052 (ID#:85005),null,"2,436.34"
"86,154",114-UG-T30,FPQ-15294,SO-50051,DN-4061,Uganda,PMO - US,From RDC,N/A - From RDC,Truck,11-03-14,N/A - From RDC,15-Jun-15,16-Jan-15,26-Jan-15,ARV,Adult,SCMS from RDC,"Efavirenz/Lamivudine/Tenofovir Disoproxil Fumarate 600/300/300mg, tablets, 30 Tabs",Efavirenz/Lamivudine/Tenofovir Disoproxil Fumarate,Generic,600/300/300mg,Tablet - FDC,30,"13,000",126880.00,9.76,0.33,Mylan (formerly Matrix) Nashik,FALSE,See DN-4061 (ID#:83864),null,149.34
"82,766",104-CI-T30,FPQ-14370,SO-49052,DN-4064,Côte d'Ivoire,PMO - US,From RDC,N/A - From RDC,Truck,5/23/2014,N/A - From RDC,16-Feb-15,19-Jan-15,27-Jan-15,ARV,Adult,SCMS from RDC,"Efavirenz 600mg, tablets, 30 Tabs",Efavirenz,Generic,600mg,Tablet,30,"20,004",62412.48,3.12,0.1,"Micro labs, Verna, Goa, India",FALSE,See DN-4064 (ID#:82765),null,64.16
"85,980",104-CI-T30,FPQ-11253,SO-44230,DN-3215,Côte d'Ivoire,PMO - US,From RDC,N/A - From RDC,Truck,12/14/2012,N/A - From RDC,31-Jul-13,06-Aug-13,06-Aug-13,ARV,Adult,SCMS from RDC,"Lopinavir/Ritonavir 200/50mg, tablets, 120 Tabs",Lopinavir/Ritonavir,Generic,200/50mg,Tablet,120,"16,000",336000.00,21,0.18,"Aurobindo Unit III, India",TRUE,3893,"$17,548.41 ",415.63
"83,866",104-CI-T30,FPQ-14370,SO-49052,DN-4064,Côte d'Ivoire,PMO - US,From RDC,N/A - From RDC,Truck,5/23/2014,N/A - From RDC,16-Feb-15,19-Jan-15,27-Jan-15,ARV,Adult,SCMS from RDC,"Efavirenz 600mg, tablets, 30 Tabs",Efavirenz,Generic,600mg,Tablet,30,"29,996",93587.52,3.12,0.1,Hetero Unit III Hyderabad IN,FALSE,See DN-4064 (ID#:82765),null,96.21
"85,007",104-CI-T30,FPQ-14370,SO-49052,DN-4064,Côte d'Ivoire,PMO - US,From RDC,N/A - From RDC,Truck,5/23/2014,N/A - From RDC,16-Feb-15,19-Jan-15,27-Jan-15,ARV,Adult,SCMS from RDC,"Tenofovir Disoproxil Fumarate 300mg, tablets, 30 Tabs",Tenofovir Disoproxil Fumarate,Generic,300mg,Tablet,30,"4,236",15037.80,3.55,0.12,Hetero Unit III Hyderabad IN,FALSE,See DN-4064 (ID#:82765),null,15.46
"85,983",104-CI-T30,FPQ-12144,SO-45651,DN-3245,Côte d'Ivoire,PMO - US,From RDC,N/A - From RDC,Truck,4/22/2013,N/A - From RDC,31-Oct-13,23-Jul-13,23-Jul-13,ARV,Adult,SCMS from RDC,"Abacavir/Lamivudine 600/300mg, scored tablets, 30 Tabs",Abacavir/Lamivudine,Generic,600/300mg,Tablet - FDC,30,"1,789",24187.28,13.52,0.45,Mylan (formerly Matrix) Nashik,TRUE,162,"$1,478.34 ",29.92
"86,758",104-CI-T30,FPQ-14370,SO-49052,DN-4064,Côte d'Ivoire,PMO - US,From RDC,N/A - From RDC,Truck,5/23/2014,N/A - From RDC,16-Feb-15,19-Jan-15,27-Jan-15,ARV,Adult,SCMS from RDC,"Lamivudine/Nevirapine/Zidovudine 150/200/300mg, tablets, 60 Tabs",Lamivudine/Nevirapine/Zidovudine,Generic,150/300/200mg,Tablet - FDC,60,"120,000",926400.00,7.72,0.13,Hetero Unit III Hyderabad IN,FALSE,See DN-4064 (ID#:82765),null,952.34
"86,159",111-MZ-T30,FPQ-13575,SO-47705,DN-4081,Mozambique,PMO - US,From RDC,N/A - From RDC,Truck,1/17/2014,N/A - From RDC,27-Feb-15,03-Mar-15,09-Mar-15,ARV,Adult,SCMS from RDC,"Lamivudine/Zidovudine 150/300mg, tablets, 60 Tabs",Lamivudine/Zidovudine,Generic,150/300mg,Tablet - FDC,60,"43,334",291637.82,6.73,0.11,Hetero Unit III Hyderabad IN,FALSE,See DN-4081 (ID#:83872),null,299.8
"85,551",110-ZM-T30,FPQ-14162,SO-48680,DN-4082,Zambia,PMO - US,From RDC,N/A - From RDC,Truck,4/24/2014,N/A - From RDC,30-Jan-15,19-Feb-15,20-Feb-15,ARV,Adult,SCMS from RDC,"Lamivudine/Zidovudine 150/300mg, tablets, 60 Tabs",Lamivudine/Zidovudine,Generic,150/300mg,Tablet - FDC,60,"1,846",12183.60,6.6,0.11,Hetero Unit III Hyderabad IN,FALSE,See DN-4082 (ID#:85008),null,12.52
"85,989",111-MZ-T30,FPQ-11033,SO-43773,DN-3286,Mozambique,PMO - US,From RDC,N/A - From RDC,Truck,11-12-12,N/A - From RDC,09-Oct-13,09-Oct-13,18-Oct-13,ARV,Adult,SCMS from RDC,"Efavirenz/Lamivudine/Tenofovir Disoproxil Fumarate 600/300/300mg, tablets, 30 Tabs",Efavirenz/Lamivudine/Tenofovir Disoproxil Fumarate,Generic,600/300/300mg,Tablet - FDC,30,"125,320",1318366.40,10.52,0.35,Hetero Unit III Hyderabad IN,TRUE,16498,"$10,825.06 ","1,630.82"
"85,990",111-MZ-T30,FPQ-11884,SO-44850,DN-3288,Mozambique,PMO - US,From RDC,N/A - From RDC,Truck,3/19/2013,N/A - From RDC,27-Sep-13,27-Sep-13,27-Sep-13,ARV,Pediatric,SCMS from RDC,"Zidovudine 10mg/ml, oral solution w/syringe, Bottle, 240 ml",Zidovudine,Generic,10mg/ml,Oral solution,240,"13,100",27510.00,2.1,0.01,"Aurobindo Unit III, India",TRUE,5291,"$4,044.33 ",34.03
"83,300",107-RW-T30,FPQ-14811,SO-49950,DN-4085,Rwanda,PMO - US,From RDC,N/A - From RDC,Truck,10/15/2014,N/A - From RDC,30-Jan-15,09-Feb-15,20-Feb-15,ARV,Pediatric,SCMS from RDC,"Abacavir/Lamivudine 60/30mg, dispersible tablets, 60 Tabs",Abacavir/Lamivudine,Generic,60/30mg,Chewable/dispersible tablet - FDC,60,"1,296",6596.64,5.09,0.08,"Cipla, Patalganga, India",FALSE,See DN-4085 (ID#:82772),null,6.78
"12,424",112-NG-T01,Pre-PQ Process,SO-1221,DN-409,Nigeria,PMO - US,From RDC,N/A - From RDC,Air,Pre-PQ Process,N/A - From RDC,16-Nov-07,16-Nov-07,16-Nov-07,ARV,Adult,SCMS from RDC,"Efavirenz 600mg, tablets, 30 Tabs",Efavirenz,Generic,600mg,Tablet,30,"1,200",14904.00,12.42,0.41,"Aurobindo Unit III, India",FALSE,See DN-409 (ID#:10903),null,23.85
"85,993",114-UG-T30,FPQ-12253,SO-45450,DN-3290,Uganda,PMO - US,From RDC,N/A - From RDC,Air,05-08-13,N/A - From RDC,27-Sep-13,27-Sep-13,27-Sep-13,ARV,Adult,SCMS from RDC,"Nevirapine 200mg, tablets, 60 Tabs",Nevirapine,Generic,200mg,Tablet,60,"47,925",108310.50,2.26,0.04,Hetero Unit III Hyderabad IN,TRUE,2933,"$20,719.01 ",133.98
"83,877",111-MZ-T30,FPQ-14843,SO-49710,DN-4096,Mozambique,PMO - US,From RDC,N/A - From RDC,Truck,8/21/2014,N/A - From RDC,28-Feb-15,13-Mar-15,17-Mar-15,ARV,Adult,SCMS from RDC,"Efavirenz/Lamivudine/Tenofovir Disoproxil Fumarate 600/300/300mg, tablets, 30 Tabs",Efavirenz/Lamivudine/Tenofovir Disoproxil Fumarate,Generic,600/300/300mg,Tablet - FDC,30,"380,000",3708800.00,9.76,0.33,Cipla Ltd A-42 MIDC Mahar. IN,FALSE,See DN-4096 (ID#:83304),null,"3,812.65"
"84,442",111-MZ-T30,FPQ-14843,SO-49710,DN-4096,Mozambique,PMO - US,From RDC,N/A - From RDC,Truck,8/21/2014,N/A - From RDC,28-Feb-15,13-Mar-15,17-Mar-15,ARV,Adult,SCMS from RDC,"Efavirenz/Lamivudine/Tenofovir Disoproxil Fumarate 600/300/300mg, tablets, 30 Tabs",Efavirenz/Lamivudine/Tenofovir Disoproxil Fumarate,Generic,600/300/300mg,Tablet - FDC,30,"438,409",4278871.84,9.76,0.33,"Aurobindo Unit VII, IN",FALSE,See DN-4096 (ID#:83304),null,"4,398.68"
"85,996",104-CI-T30,FPQ-12144,SO-45610,DN-3313,Côte d'Ivoire,PMO - US,From RDC,N/A - From RDC,Truck,4/22/2013,N/A - From RDC,08-Jan-14,13-Sep-13,13-Sep-13,ARV,Adult,SCMS from RDC,"Lamivudine/Tenofovir Disoproxil Fumarate 300/300mg, tablets, 30 Tabs",Lamivudine/Tenofovir Disoproxil Fumarate,Generic,300/300mg,Tablet - FDC,30,"12,180",57246.00,4.7,0.16,"Aurobindo Unit VII, IN",TRUE,1208,"$3,738.52 ",70.81
"85,997",109-TZ-T30,FPQ-12015,SO-45000,DN-3314,Tanzania,PMO - US,From RDC,N/A - From RDC,Truck,04-02-13,N/A - From RDC,31-Oct-13,08-Oct-13,23-Oct-13,ARV,Adult,SCMS from RDC,"Lopinavir/Ritonavir 200/50mg [Aluvia], tablets, 120 Tabs",Lopinavir/Ritonavir,Aluvia,200/50mg,Tablet,120,"17,167",347116.74,20.22,0.17,ABBVIE Ludwigshafen Germany,TRUE,3547,"$6,052.10 ",429.38
"85,998",151-NG-T30,FPQ-11771,SO-44759,DN-3321,Nigeria,PMO - US,From RDC,N/A - From RDC,Air Charter,2/28/2013,N/A - From RDC,20-Sep-13,12-Sep-13,12-Sep-13,ARV,Adult,SCMS from RDC,"Abacavir/Lamivudine 600/300mg, scored tablets, 30 Tabs",Abacavir/Lamivudine,Generic,600/300mg,Tablet - FDC,30,284,3839.68,13.52,0.45,Mylan (formerly Matrix) Nashik,TRUE,48,"$34,218.36 ",4.75
"86,000",151-NG-T30,FPQ-11864,SO-44925,DN-3323,Nigeria,PMO - US,From RDC,N/A - From RDC,Air Charter,3/14/2013,N/A - From RDC,20-Sep-13,12-Sep-13,12-Sep-13,ARV,Pediatric,SCMS from RDC,"Lamivudine/Nevirapine/Zidovudine 30/50/60mg, dispersible tablets, 60 Tabs",Lamivudine/Nevirapine/Zidovudine,Generic,30/50/60mg,Chewable/dispersible tablet - FDC,60,"46,050",179134.50,3.89,0.06,Mylan (formerly Matrix) Nashik,TRUE,2847,"$5,703.06 ",221.59
"86,772",151-NG-T30,FPQ-14156,SO-48908,DN-4097,Nigeria,PMO - US,From RDC,N/A - From RDC,Air Charter,4/25/2014,N/A - From RDC,30-Jan-15,14-Jan-15,20-Jan-15,ARV,Adult,SCMS from RDC,"Lamivudine/Tenofovir Disoproxil Fumarate 300/300mg, tablets, 30 Tabs",Lamivudine/Tenofovir Disoproxil Fumarate,Generic,300/300mg,Tablet - FDC,30,"296,996",1369151.56,4.61,0.15,Hetero Unit III Hyderabad IN,FALSE,See DN-4097 (ID#:85009),null,"1,407.49"
"86,003",107-RW-T30,FPQ-12766,SO-46470,DN-3351,Rwanda,PMO - US,From RDC,N/A - From RDC,Air,08-02-13,N/A - From RDC,31-Oct-13,24-Oct-13,19-Nov-13,ARV,Adult,SCMS from RDC,"Abacavir/Lamivudine 600/300mg, scored tablets, 30 Tabs",Abacavir/Lamivudine,Generic,600/300mg,Tablet - FDC,30,"3,316",44832.32,13.52,0.45,Mylan (formerly Matrix) Nashik,TRUE,292,"$2,593.56 ",55.46
"86,005",114-UG-T30,FPQ-12253,SO-45542,DN-3353,Uganda,PMO - US,From RDC,N/A - From RDC,Truck,05-08-13,N/A - From RDC,21-Oct-13,08-Nov-13,27-Nov-13,ARV,Adult,SCMS from RDC,"Lamivudine/Tenofovir Disoproxil Fumarate 300/300mg, tablets, 30 Tabs",Lamivudine/Tenofovir Disoproxil Fumarate,Generic,300/300mg,Tablet - FDC,30,"21,709",102032.30,4.7,0.16,Mylan (formerly Matrix) Nashik,TRUE,1713,"$5,591.30 ",126.21
"84,444",151-NG-T30,FPQ-14156,SO-48893,DN-4098,Nigeria,PMO - US,From RDC,N/A - From RDC,Air Charter,4/25/2014,N/A - From RDC,30-Jan-15,14-Jan-15,20-Jan-15,ARV,Adult,SCMS from RDC,"Lamivudine/Nevirapine/Zidovudine 150/200/300mg, tablets, 60 Tabs",Lamivudine/Nevirapine/Zidovudine,Generic,150/300/200mg,Tablet - FDC,60,1,7.72,7.72,0.13,"Cipla, Goa, India",FALSE,See DN-4098 (ID#:84443),null,0.01
"85,554",151-NG-T30,FPQ-14156,SO-48893,DN-4098,Nigeria,PMO - US,From RDC,N/A - From RDC,Air Charter,4/25/2014,N/A - From RDC,30-Jan-15,14-Jan-15,20-Jan-15,ARV,Adult,SCMS from RDC,"Lamivudine/Nevirapine/Zidovudine 150/200/300mg, tablets, 60 Tabs",Lamivudine/Nevirapine/Zidovudine,Generic,150/300/200mg,Tablet - FDC,60,"24,000",185280.00,7.72,0.13,Hetero Unit III Hyderabad IN,FALSE,See DN-4098 (ID#:84443),null,190.47
"86,009",103-ZW-T30,FPQ-12086,SO-45121,DN-3363,Zimbabwe,PMO - US,From RDC,N/A - From RDC,Truck,4/19/2013,N/A - From RDC,30-Nov-13,22-Oct-13,15-Nov-13,ARV,Pediatric,SCMS from RDC,"Efavirenz 200mg, scored tablets, 90 Tabs",Efavirenz,Generic,200mg,Tablet,90,"1,000",9300.00,9.3,0.1,"Strides, Bangalore, India.",TRUE,68,"$1,004.86 ",11.5
"86,010",151-NG-T30,FPQ-11771,SO-44753,DN-3364,Nigeria,PMO - US,From RDC,N/A - From RDC,Air Charter,2/28/2013,N/A - From RDC,31-Oct-13,14-Oct-13,24-Oct-13,ARV,Adult,SCMS from RDC,"Lopinavir/Ritonavir 200/50mg [Aluvia], tablets, 120 Tabs",Lopinavir/Ritonavir,Aluvia,200/50mg,Tablet,120,"56,260",1137577.20,20.22,0.17,ABBVIE Ludwigshafen Germany,TRUE,12427,"$20,225.08 ","1,407.18"
"86,014",113-ZW-T30,FPQ-12260,SO-45340,DN-3405,Zimbabwe,PMO - US,From RDC,N/A - From RDC,Truck,05-06-13,N/A - From RDC,30-Nov-13,25-Nov-13,09-Dec-13,ARV,Adult,SCMS from RDC,"Efavirenz/Lamivudine/Tenofovir Disoproxil Fumarate 600/300/300mg, tablets, 30 Tabs",Efavirenz/Lamivudine/Tenofovir Disoproxil Fumarate,Generic,600/300/300mg,Tablet - FDC,30,"37,696",420310.40,11.15,0.37,Hetero Unit III Hyderabad IN,TRUE,5093,"$10,942.89 ",519.92
"83,878",114-UG-T30,FPQ-14396,SO-48994,DN-4101,Uganda,PMO - US,From RDC,N/A - From RDC,Truck,06-04-14,N/A - From RDC,27-Feb-15,25-Feb-15,05-Mar-15,ARV,Pediatric,SCMS from RDC,"Abacavir/Lamivudine 60/30mg, tablets, 60 Tabs",Abacavir/Lamivudine,Generic,60/30mg,Tablet - FDC,60,"11,106",45423.54,4.09,0.07,Mylan (formerly Matrix) Nashik,FALSE,See DN-4101 (ID#:82773),null,46.7
"86,162",114-UG-T30,FPQ-15294,SO-50090,DN-4102,Uganda,PMO - US,From RDC,N/A - From RDC,Truck,11-03-14,N/A - From RDC,27-Feb-15,24-Feb-15,24-Feb-15,ARV,Adult,SCMS from RDC,"Abacavir/Lamivudine 600/300mg, tablets, 30 Tabs",Abacavir/Lamivudine,Generic,600/300mg,Tablet - FDC,30,"10,300",139256.00,13.52,0.45,Mylan (formerly Matrix) Nashik,FALSE,See DN-4102 (ID#:83880),null,163.9
"86,018",114-UG-T30,FPQ-12253,SO-45560,DN-3416,Uganda,PMO - US,From RDC,N/A - From RDC,Truck,05-08-13,N/A - From RDC,31-Dec-13,28-Nov-13,23-Dec-13,ARV,Adult,SCMS from RDC,"Efavirenz 600mg, tablets, 30 Tabs",Efavirenz,Generic,600mg,Tablet,30,"66,864",222657.12,3.33,0.11,"Strides, Bangalore, India.",TRUE,4067,"$6,976.78 ",275.43
"86,019",102-BI-T30,FPQ-12065,SO-45181,DN-3423,Burundi,PMO - US,From RDC,N/A - From RDC,Air,4/22/2013,N/A - From RDC,31-Dec-13,17-Feb-14,24-Feb-14,ARV,Pediatric,SCMS from RDC,"Lamivudine 10mg/ml, oral solution w/syringe, Bottle, 240 ml",Lamivudine,Generic,10mg/ml,Oral solution,240,549,796.05,1.45,0.01,"Aurobindo Unit III, India",TRUE,201,"$1,530.81 ",0.98
"11,476",112-NG-T01,Pre-PQ Process,SO-1225,DN-411,Nigeria,PMO - US,From RDC,N/A - From RDC,Air,Pre-PQ Process,N/A - From RDC,01-Nov-07,01-Nov-07,01-Nov-07,ARV,Adult,SCMS from RDC,"Lamivudine/Zidovudine 150/300mg, tablets, 60 Tabs",Lamivudine/Zidovudine,Generic,150/300mg,Tablet - FDC,60,"1,200",23400.00,19.5,0.32,"Aurobindo Unit III, India",FALSE,See DN-411 (ID#:10631),null,37.44
"86,021",111-MZ-T30,FPQ-12573,SO-46171,DN-3429,Mozambique,PMO - US,From RDC,N/A - From RDC,Truck,6/28/2013,N/A - From RDC,15-Jan-14,15-Jan-14,31-Jan-14,ARV,Adult,SCMS from RDC,"Lamivudine/Tenofovir Disoproxil Fumarate 300/300mg, tablets, 30 Tabs",Lamivudine/Tenofovir Disoproxil Fumarate,Generic,300/300mg,Tablet - FDC,30,"2,575",12102.50,4.7,0.16,Hetero Unit III Hyderabad IN,TRUE,272,"$5,419.22 ",14.97
"86,022",104-CI-T30,FPQ-12144,SO-45600,DN-3431,Côte d'Ivoire,PMO - US,From RDC,N/A - From RDC,Truck,4/22/2013,N/A - From RDC,03-Dec-13,10-Dec-13,08-Jan-14,ARV,Pediatric,SCMS from RDC,"Nevirapine 10mg/ml, oral suspension w/syringe, Bottle, 240 ml",Nevirapine,Generic,10mg/ml,Oral suspension,240,"2,000",3900.00,1.95,0.01,"Aurobindo Unit III, India",TRUE,736,"$4,747.87 ",4.82
"86,023",151-NG-T30,FPQ-12801,SO-47220,DN-3435,Nigeria,PMO - US,From RDC,N/A - From RDC,Air Charter,08-06-13,N/A - From RDC,31-Jan-14,26-Nov-13,05-Dec-13,ARV,Pediatric,SCMS from RDC,"Lamivudine/Zidovudine 30/60mg, tablets, 60 Tabs",Lamivudine/Zidovudine,Generic,30/60mg,Tablet - FDC,60,"6,398",14459.48,2.26,0.04,"Aurobindo Unit III, India",TRUE,394,"$26,340 ",17.89
"84,447",110-ZM-T30,FPQ-14784,SO-49630,DN-4111,Zambia,PMO - US,From RDC,N/A - From RDC,Truck,08-12-14,N/A - From RDC,31-Mar-15,19-Feb-15,20-Feb-15,ARV,Adult,SCMS from RDC,"Efavirenz 600mg, tablets, 30 Tabs",Efavirenz,Generic,600mg,Tablet,30,"65,000",208650.00,3.21,0.11,"Micro labs, Verna, Goa, India",FALSE,See DN-4111 (ID#:83882),null,214.49
"86,025",107-RW-T30,FPQ-12766,SO-46481,DN-3445,Rwanda,PMO - US,From RDC,N/A - From RDC,Truck,08-02-13,N/A - From RDC,17-Dec-13,11-Dec-13,09-Jan-14,ARV,Adult,SCMS from RDC,"Lopinavir/Ritonavir 200/50mg [Aluvia], tablets, 120 Tabs",Lopinavir/Ritonavir,Aluvia,200/50mg,Tablet,120,"11,193",226322.46,20.22,0.17,ABBVIE Ludwigshafen Germany,TRUE,2518,"$33,986.07 ",279.96
"85,557",113-ZW-T30,FPQ-14458,SO-49170,DN-4112,Zimbabwe,PMO - US,From RDC,N/A - From RDC,Truck,6/13/2014,N/A - From RDC,06-Mar-15,06-Feb-15,06-Feb-15,ARV,Adult,SCMS from RDC,"Efavirenz/Lamivudine/Tenofovir Disoproxil Fumarate 600/300/300mg, tablets, 30 Tabs",Efavirenz/Lamivudine/Tenofovir Disoproxil Fumarate,Generic,600/300/300mg,Tablet - FDC,30,"150,468",1468567.68,9.76,0.33,Mylan (formerly Matrix) Nashik,FALSE,See DN-4112 (ID#:84448),null,"1,509.69"
"86,028",103-ZW-T30,FPQ-12086,SO-45122,DN-3468,Zimbabwe,PMO - US,From RDC,N/A - From RDC,Truck,4/19/2013,N/A - From RDC,31-Jan-14,13-Jan-14,29-Jan-14,ARV,Pediatric,SCMS from RDC,"Abacavir 20mg/ml, oral solution w/syringe, Bottle, 240 ml",Abacavir,Generic,20mg/ml,Oral solution,240,241,2050.91,8.51,0.04,"Aurobindo Unit III, India",TRUE,64,"$7,300 ",2.54
"86,029",109-TZ-T30,FPQ-12587,SO-45997,DN-3477,Tanzania,PMO - US,From RDC,N/A - From RDC,Truck,07-04-13,N/A - From RDC,31-Jan-14,07-Mar-14,12-Mar-14,ARV,Pediatric,SCMS from RDC,"Lamivudine/Nevirapine/Stavudine 30/50/6mg, dispersible tablets, 60 Tabs",Lamivudine/Nevirapine/Stavudine,Generic,30/50/6mg,Chewable/dispersible tablet - FDC,60,"9,312",21417.60,2.3,0.04,"Cipla, Goa, India",TRUE,1221,"$4,847.80 ",26.49
"85,558",113-ZW-T30,FPQ-14458,SO-49170,DN-4112,Zimbabwe,PMO - US,From RDC,N/A - From RDC,Truck,6/13/2014,N/A - From RDC,06-Mar-15,06-Feb-15,06-Feb-15,ARV,Adult,SCMS from RDC,"Efavirenz/Lamivudine/Tenofovir Disoproxil Fumarate 600/300/300mg, tablets, 30 Tabs",Efavirenz/Lamivudine/Tenofovir Disoproxil Fumarate,Generic,600/300/300mg,Tablet - FDC,30,"74,346",725616.96,9.76,0.33,Hetero Unit III Hyderabad IN,FALSE,See DN-4112 (ID#:84448),null,745.93
"83,883",111-MZ-T30,FPQ-14226,SO-48886,DN-4115,Mozambique,PMO - US,From RDC,N/A - From RDC,Truck,05-02-14,N/A - From RDC,16-Mar-15,30-Mar-15,30-Mar-15,ARV,Adult,SCMS from RDC,"Abacavir 300mg, tablets, 60 Tabs",Abacavir,Generic,300mg,Tablet,60,"5,280",59294.40,11.23,0.19,"Aurobindo Unit III, India",FALSE,See DN-4115 (ID#:83306),null,60.95
"85,560",110-ZM-T30,FPQ-14575,SO-49282,DN-4117,Zambia,PMO - US,From RDC,N/A - From RDC,Truck,07-11-14,N/A - From RDC,27-Feb-15,19-Feb-15,20-Feb-15,ARV,Adult,SCMS from RDC,"Nevirapine 200mg, tablets, 60 Tabs",Nevirapine,Generic,200mg,Tablet,60,"38,151",83169.18,2.18,0.04,"Strides, Bangalore, India.",FALSE,See DN-4117 (ID#:84449),null,85.5
"86,163",110-ZM-T30,FPQ-14575,SO-49282,DN-4117,Zambia,PMO - US,From RDC,N/A - From RDC,Truck,07-11-14,N/A - From RDC,27-Feb-15,19-Feb-15,20-Feb-15,ARV,Adult,SCMS from RDC,"Nevirapine 200mg, tablets, 60 Tabs",Nevirapine,Generic,200mg,Tablet,60,"27,104",59086.72,2.18,0.04,"Aurobindo Unit III, India",FALSE,See DN-4117 (ID#:84449),null,60.74
"86,034",114-UG-T30,FPQ-12776,SO-46180,DN-3502,Uganda,PMO - US,From RDC,N/A - From RDC,Truck,08-06-13,N/A - From RDC,31-Jan-14,30-Jan-14,03-Feb-14,ARV,Pediatric,SCMS from RDC,"Nevirapine 10mg/ml, oral suspension w/syringe, Bottle, 100 ml",Nevirapine,Generic,10mg/ml,Oral suspension,100,"45,285",58870.50,1.3,0.01,"Aurobindo Unit III, India",TRUE,8998,"$5,458.45 ",72.82
"86,040",103-ZW-T30,FPQ-13294,SO-47230,DN-3521,Zimbabwe,PMO - US,From RDC,N/A - From RDC,Air,11/19/2013,N/A - From RDC,30-Jan-14,11-Feb-14,24-Feb-14,ARV,Pediatric,SCMS from RDC,"Abacavir/Lamivudine 60/30mg, tablets, 60 Tabs",Abacavir/Lamivudine,Generic,60/30mg,Tablet - FDC,60,"2,088",8352.00,4,0.07,"Aurobindo Unit III, India",TRUE,102,"$2,021.95 ",8.59
"86,041",104-CI-T30,FPQ-12800,SO-46421,DN-3530,Côte d'Ivoire,PMO - US,From RDC,N/A - From RDC,Air,08-09-13,N/A - From RDC,31-Jan-14,13-Feb-14,04-Mar-14,ARV,Pediatric,SCMS from RDC,"Zidovudine 10mg/ml, oral solution w/syringe, Bottle, 240 ml",Zidovudine,Generic,10mg/ml,Oral solution,240,"5,700",11970.00,2.1,0.01,"Aurobindo Unit III, India",TRUE,2845,"$10,943.15 ",14.81
"86,164",151-NG-T30,FPQ-14766,SO-49682,DN-4122,Nigeria,PMO - US,From RDC,N/A - From RDC,Air Charter,8/13/2014,N/A - From RDC,28-Feb-15,05-Feb-15,10-Feb-15,ARV,Adult,SCMS from RDC,"Lamivudine/Nevirapine/Zidovudine 150/200/300mg, tablets, 60 Tabs",Lamivudine/Nevirapine/Zidovudine,Generic,150/300/200mg,Tablet - FDC,60,"183,995",1420441.40,7.72,0.13,"Strides, Bangalore, India.",FALSE,See DN-4122 (ID#:85012),null,"1,460.21"
"86,043",107-RW-T30,FPQ-12766,SO-46484,DN-3536,Rwanda,PMO - US,From RDC,N/A - From RDC,Truck,08-02-13,N/A - From RDC,31-Jan-14,25-Feb-14,13-Mar-14,ARV,Adult,SCMS from RDC,"Lopinavir/Ritonavir 200/50mg, tablets, 120 Tabs",Lopinavir/Ritonavir,Generic,200/50mg,Tablet,120,"5,247",107458.56,20.48,0.17,Mylan (formerly Matrix) Nashik,TRUE,1382,"$8,456.96 ",132.93
"86,167",104-CI-T30,FPQ-14370,SO-49080,DN-4137,Côte d'Ivoire,PMO - US,From RDC,N/A - From RDC,Truck,5/23/2014,N/A - From RDC,27-Feb-15,11-Mar-15,30-Mar-15,ARV,Adult,SCMS from RDC,"Lamivudine/Zidovudine 150/300mg, tablets, 60 Tabs",Lamivudine/Zidovudine,Generic,150/300mg,Tablet - FDC,60,"19,000",123880.00,6.52,0.11,Hetero Unit III Hyderabad IN,FALSE,See DN-4137 (ID#:84450),null,127.35
"86,045",104-CI-T30,FPQ-12800,SO-46341,DN-3545,Côte d'Ivoire,PMO - US,From RDC,N/A - From RDC,Air,08-09-13,N/A - From RDC,28-Feb-14,18-Feb-14,04-Mar-14,ARV,Adult,SCMS from RDC,"Lamivudine/Tenofovir Disoproxil Fumarate 300/300mg, tablets, 30 Tabs",Lamivudine/Tenofovir Disoproxil Fumarate,Generic,300/300mg,Tablet - FDC,30,"7,426",34902.20,4.7,0.16,"Cipla, Kurkumbh, India",TRUE,753,"$4,063.81 ",43.17
"83,894",102-BI-T30,FPQ-15406,SO-50270,DN-4144,Burundi,PMO - US,From RDC,N/A - From RDC,Air,11/19/2014,N/A - From RDC,27-Feb-15,28-Feb-15,05-Mar-15,ARV,Adult,SCMS from RDC,"Lopinavir/Ritonavir 200/50mg [Aluvia], tablets, 120 Tabs",Lopinavir/Ritonavir,Aluvia,200/50mg,Tablet,120,320,6048.00,18.9,0.16,ABBVIE Ludwigshafen Germany,FALSE,See DN-4144 (ID#:82781),null,7.12
"85,018",102-BI-T30,FPQ-15406,SO-50270,DN-4144,Burundi,PMO - US,From RDC,N/A - From RDC,Air,11/19/2014,N/A - From RDC,27-Feb-15,28-Feb-15,05-Mar-15,ARV,Adult,SCMS from RDC,"Efavirenz/Lamivudine/Tenofovir Disoproxil Fumarate 600/300/300mg, tablets, 30 Tabs",Efavirenz/Lamivudine/Tenofovir Disoproxil Fumarate,Generic,600/300/300mg,Tablet - FDC,30,"9,360",89856.00,9.6,0.32,Mylan (formerly Matrix) Nashik,FALSE,See DN-4144 (ID#:82781),null,105.76
"85,566",102-BI-T30,FPQ-15406,SO-50270,DN-4144,Burundi,PMO - US,From RDC,N/A - From RDC,Air,11/19/2014,N/A - From RDC,27-Feb-15,28-Feb-15,05-Mar-15,ARV,Pediatric,SCMS from RDC,"Lamivudine/Zidovudine 30/60mg, dispersible tablets, 60 Tabs",Lamivudine/Zidovudine,Generic,30/60mg,Chewable/dispersible tablet - FDC,60,325,646.75,1.99,0.03,"Cipla, Goa, India",FALSE,See DN-4144 (ID#:82781),null,0.76
"86,049",104-CI-T30,FPQ-12144,SO-45650,DN-3556,Côte d'Ivoire,PMO - US,From RDC,N/A - From RDC,Truck,4/22/2013,N/A - From RDC,28-Feb-14,01-Mar-14,03-Apr-14,ARV,Adult,SCMS from RDC,"Abacavir/Lamivudine 600/300mg, scored tablets, 30 Tabs",Abacavir/Lamivudine,Generic,600/300mg,Tablet - FDC,30,611,8260.72,13.52,0.45,Mylan (formerly Matrix) Nashik,TRUE,55,"$1,335.15 ",10.22
"86,050",104-CI-T30,FPQ-13509,SO-47560,DN-3555,Côte d'Ivoire,PMO - US,From RDC,N/A - From RDC,Truck,12/24/2013,N/A - From RDC,27-Feb-14,18-Feb-14,03-Apr-14,ARV,Pediatric,SCMS from RDC,"Zidovudine 10mg/ml, oral solution w/syringe, Bottle, 240 ml",Zidovudine,Generic,10mg/ml,Oral solution,240,"2,907",6104.70,2.1,0.01,"Aurobindo Unit III, India",TRUE,1122,"$5,520.83 ",6.28
"86,174",102-BI-T30,FPQ-15406,SO-50270,DN-4144,Burundi,PMO - US,From RDC,N/A - From RDC,Air,11/19/2014,N/A - From RDC,27-Feb-15,28-Feb-15,05-Mar-15,ARV,Adult,SCMS from RDC,"Lamivudine/Nevirapine/Zidovudine 150/200/300mg, tablets, 60 Tabs",Lamivudine/Nevirapine/Zidovudine,Generic,150/300/200mg,Tablet - FDC,60,"1,728",13340.16,7.72,0.13,Mylan (formerly Matrix) Nashik,FALSE,See DN-4144 (ID#:82781),null,15.7
"85,567",107-RW-T30,FPQ-14111,SO-48810,DN-4149,Rwanda,PMO - US,From RDC,N/A - From RDC,Truck,4/22/2014,N/A - From RDC,31-Mar-15,24-Mar-15,24-Mar-15,ARV,Adult,SCMS from RDC,"Lamivudine/Tenofovir Disoproxil Fumarate 300/300mg, tablets, 30 Tabs",Lamivudine/Tenofovir Disoproxil Fumarate,Generic,300/300mg,Tablet - FDC,30,"13,653",62667.27,4.59,0.15,"Cipla, Kurkumbh, India",FALSE,See DN-4149 (ID#:82782),null,64.42
"86,785",107-RW-T30,FPQ-14111,SO-48810,DN-4149,Rwanda,PMO - US,From RDC,N/A - From RDC,Truck,4/22/2014,N/A - From RDC,31-Mar-15,24-Mar-15,24-Mar-15,ARV,Pediatric,SCMS from RDC,"Abacavir 20mg/ml, oral solution, Bottle, 240 ml",Abacavir,Generic,20mg/ml,Oral solution,240,"1,820",12430.60,6.83,0.03,"Aurobindo Unit III, India",FALSE,See DN-4149 (ID#:82782),null,12.78
"12,425",111-MZ-T01,Pre-PQ Process,SO-1064,DN-415,Mozambique,PMO - US,From RDC,N/A - From RDC,Air,Pre-PQ Process,N/A - From RDC,30-Nov-07,30-Nov-07,30-Nov-07,HRDT,HIV test,SCMS from RDC,"HIV 1/2, Uni-Gold HIV Kit, 20 Tests","HIV 1/2, Uni-Gold HIV Kit",Uni-Gold,,Test kit,20,"5,000",160000.00,32,1.6,"Trinity Biotech, Plc",FALSE,See DN-415 (ID#:12120),null,256
"86,058",107-RW-T30,FPQ-13647,SO-47830,DN-3578,Rwanda,PMO - US,From RDC,N/A - From RDC,Air,1/28/2014,N/A - From RDC,25-Mar-14,02-Apr-14,14-Apr-14,ARV,Adult,SCMS from RDC,"Lamivudine/Zidovudine 150/300mg, tablets, 60 Tabs",Lamivudine/Zidovudine,Generic,150/300mg,Tablet - FDC,60,"18,000",121140.00,6.73,0.11,"Aurobindo Unit III, India",TRUE,1643,"$12,995.06 ",124.53
"86,781",114-UG-T30,FPQ-14396,SO-49010,DN-4151,Uganda,PMO - US,From RDC,N/A - From RDC,Truck,06-04-14,N/A - From RDC,16-Mar-15,12-Mar-15,17-Mar-15,ARV,Pediatric,SCMS from RDC,"Lamivudine/Nevirapine/Zidovudine 30/50/60mg, dispersible tablets, 60 Tabs",Lamivudine/Nevirapine/Zidovudine,Generic,30/50/60mg,Chewable/dispersible tablet - FDC,60,273,982.80,3.6,0.06,"Strides, Bangalore, India.",FALSE,See DN-4151 (ID#:83891),null,1.01
"86,782",111-MZ-T30,FPQ-15195,SO-50121,DN-4153,Mozambique,PMO - US,From RDC,N/A - From RDC,Truck,10/17/2014,N/A - From RDC,30-Jun-15,10-Apr-15,20-Apr-15,ARV,Pediatric,SCMS from RDC,"Nevirapine 10mg/ml, oral suspension w/syringe, Bottle, 240 ml",Nevirapine,Generic,10mg/ml,Oral suspension,240,"24,871",37555.21,1.51,0.01,"Aurobindo Unit III, India",FALSE,See DN-4153 (ID#:86170),null,44.2
"86,171",110-ZM-T30,FPQ-14575,SO-49280,DN-4154,Zambia,PMO - US,From RDC,N/A - From RDC,Truck,07-11-14,N/A - From RDC,27-Feb-15,25-Mar-15,26-Mar-15,ARV,Adult,SCMS from RDC,"Nevirapine 200mg, tablets, 60 Tabs",Nevirapine,Generic,200mg,Tablet,60,"198,040",431727.20,2.18,0.04,Hetero Unit III Hyderabad IN,FALSE,See DN-4154 (ID#:84454),null,443.82
"86,784",110-ZM-T30,FPQ-14575,SO-49280,DN-4154,Zambia,PMO - US,From RDC,N/A - From RDC,Truck,07-11-14,N/A - From RDC,27-Feb-15,25-Mar-15,26-Mar-15,ARV,Adult,SCMS from RDC,"Nevirapine 200mg, tablets, 60 Tabs",Nevirapine,Generic,200mg,Tablet,60,"71,600",156088.00,2.18,0.04,"Strides, Bangalore, India.",FALSE,See DN-4154 (ID#:84454),null,160.46
"86,081",111-MZ-T30,FPQ-13394,SO-47461,DN-3698,Mozambique,PMO - US,From RDC,N/A - From RDC,Truck,12-09-13,N/A - From RDC,16-Jul-14,25-Jul-14,05-Sep-14,ARV,Adult,SCMS from RDC,"Lamivudine/Nevirapine/Zidovudine 150/200/300mg, tablets, 60 Tabs",Lamivudine/Nevirapine/Zidovudine,Generic,150/300/200mg,Tablet - FDC,60,"47,108",382045.88,8.11,0.14,"Cipla, Goa, India",TRUE,7041,"$4,486.01 ",392.74
"84,455",102-ZW-T30,FPQ-15196,SO-50000,DN-4156,Zimbabwe,PMO - US,From RDC,N/A - From RDC,Truck,10/16/2014,N/A - From RDC,30-Apr-15,17-Mar-15,18-Mar-15,ARV,Adult,SCMS from RDC,"Efavirenz/Lamivudine/Tenofovir Disoproxil Fumarate 600/300/300mg, tablets, 30 Tabs",Efavirenz/Lamivudine/Tenofovir Disoproxil Fumarate,Generic,600/300/300mg,Tablet - FDC,30,"94,661",908745.60,9.6,0.32,Mylan (formerly Matrix) Nashik,FALSE,See DN-4156 (ID#:83893),null,"1,069.59"
"86,172",103-ZW-T30,FPQ-13967,SO-48440,DN-4157,Zimbabwe,PMO - US,From RDC,N/A - From RDC,Truck,04-02-14,N/A - From RDC,07-Mar-15,17-Mar-15,18-Mar-15,ARV,Pediatric,SCMS from RDC,"Lamivudine/Nevirapine/Zidovudine 30/50/60mg, dispersible tablets, 60 Tabs",Lamivudine/Nevirapine/Zidovudine,Generic,30/50/60mg,Chewable/dispersible tablet - FDC,60,"4,550",16380.00,3.6,0.06,Mylan (formerly Matrix) Nashik,FALSE,See DN-4157 (ID#:82779),null,16.84
"84,456",103-ZW-T30,FPQ-13967,SO-48420,DN-4159,Zimbabwe,PMO - US,From RDC,N/A - From RDC,Truck,04-02-14,N/A - From RDC,31-Mar-15,17-Mar-15,19-Mar-15,ARV,Pediatric,SCMS from RDC,"Abacavir/Lamivudine 60/30mg, tablets, 60 Tabs",Abacavir/Lamivudine,Generic,60/30mg,Tablet - FDC,60,"6,180",24411.00,3.95,0.07,"Aurobindo Unit III, India",FALSE,See DN-4159 (ID#:83316),null,25.09
"86,066",151-NG-T30,FPQ-12801,SO-46550,DN-3618,Nigeria,PMO - US,From RDC,N/A - From RDC,Air Charter,08-06-13,N/A - From RDC,15-Apr-14,17-Apr-14,02-May-14,ARV,Adult,SCMS from RDC,"Efavirenz/Lamivudine/Tenofovir Disoproxil Fumarate 600/300/300mg, tablets, 30 Tabs",Efavirenz/Lamivudine/Tenofovir Disoproxil Fumarate,Generic,600/300/300mg,Tablet - FDC,30,"401,961",4228629.72,10.52,0.35,Hetero Unit III Hyderabad IN,TRUE,59322,"$29,674.92 ","5,230.81"
"86,067",114-UG-T30,FPQ-13108,SO-46872,DN-3607,Uganda,PMO - US,From RDC,N/A - From RDC,Truck,10/16/2013,N/A - From RDC,21-Mar-14,18-Apr-14,28-Apr-14,ARV,Adult,SCMS from RDC,"Lamivudine/Nevirapine/Zidovudine 150/200/300mg, tablets, 60 Tabs",Lamivudine/Nevirapine/Zidovudine,Generic,150/300/200mg,Tablet - FDC,60,"34,138",281979.88,8.26,0.14,"Aurobindo Unit III, India",TRUE,4009,"$4,947.38 ",289.88
"86,068",100-ZM-T30,FPQ-12497,SO-45920,DN-3615,Zambia,PMO - US,From RDC,N/A - From RDC,Air,6/20/2013,N/A - From RDC,19-May-14,19-May-14,04-Jun-14,ARV,Adult,SCMS from RDC,"Abacavir 300mg, tablets, 60 Tabs",Abacavir,Generic,300mg,Tablet,60,"11,209",145268.64,12.96,0.22,Mylan (formerly Matrix) Nashik,TRUE,1143,"$1,876.35 ",179.7
"86,069",151-NG-T30,FPQ-12248,SO-45660,DN-3619,Nigeria,PMO - US,From RDC,N/A - From RDC,Air Charter,05-06-13,N/A - From RDC,15-Apr-14,17-Apr-14,02-May-14,ARV,Adult,SCMS from RDC,"Lamivudine/Nevirapine/Zidovudine 150/200/300mg, tablets, 60 Tabs",Lamivudine/Nevirapine/Zidovudine,Generic,150/300/200mg,Tablet - FDC,60,15,123.90,8.26,0.14,"Cipla, Goa, India",TRUE,5416,"$29,674.92 ",0.15
"12,738",105-GY-T01,Pre-PQ Process,SO-1233,DN-416,Guyana,PMO - US,From RDC,N/A - From RDC,Air,Pre-PQ Process,N/A - From RDC,07-Nov-07,07-Nov-07,07-Nov-07,ARV,Adult,SCMS from RDC,"Lopinavir/Ritonavir 200/50mg [Aluvia], tablets, 120 Tabs",Lopinavir/Ritonavir,Aluvia,200/50mg,Tablet,120,986,81049.20,82.2,0.68,ABBVIE Ludwigshafen Germany,FALSE,See DN-416 (ID#:12125),null,129.68
"82,784",107-RW-T30,FPQ-14811,SO-49940,DN-4162,Rwanda,PMO - US,From RDC,N/A - From RDC,Truck,10/15/2014,N/A - From RDC,31-Mar-15,24-Mar-15,24-Mar-15,ARV,Adult,SCMS from RDC,"Efavirenz/Lamivudine/Tenofovir Disoproxil Fumarate 600/300/300mg, tablets, 30 Tabs",Efavirenz/Lamivudine/Tenofovir Disoproxil Fumarate,Generic,600/300/300mg,Tablet - FDC,30,"81,557",782947.20,9.6,0.32,Mylan (formerly Matrix) Nashik,FALSE,See DN-4162 (ID#:82783),null,804.87
"83,897",107-RW-T30,FPQ-14811,SO-49940,DN-4162,Rwanda,PMO - US,From RDC,N/A - From RDC,Truck,10/15/2014,N/A - From RDC,31-Mar-15,24-Mar-15,24-Mar-15,ARV,Pediatric,SCMS from RDC,"Abacavir/Lamivudine 60/30mg, dispersible tablets, 60 Tabs",Abacavir/Lamivudine,Generic,60/30mg,Chewable/dispersible tablet - FDC,60,"24,174",123045.66,5.09,0.08,"Cipla, Patalganga, India",FALSE,See DN-4162 (ID#:82783),null,126.49
"86,073",107-RW-T30,FPQ-13728,SO-47970,DN-3637,Rwanda,PMO - US,From RDC,N/A - From RDC,Air,2/13/2014,N/A - From RDC,04-Jun-14,04-Jun-14,10-Jul-14,ARV,Pediatric,SCMS from RDC,"Lamivudine/Zidovudine 30/60mg, tablets, 60 Tabs",Lamivudine/Zidovudine,Generic,30/60mg,Tablet - FDC,60,373,746.00,2,0.03,Mylan (formerly Matrix) Nashik,TRUE,14,"$1,284.70 ",0.77
"86,074",111-MZ-T30,FPQ-13124,SO-47052,DN-3645,Mozambique,PMO - US,From RDC,N/A - From RDC,Truck,10/21/2013,N/A - From RDC,30-Jun-14,26-May-14,11-Jun-14,ARV,Adult,SCMS from RDC,"Tenofovir Disoproxil Fumarate 300mg, tablets, 30 Tabs",Tenofovir Disoproxil Fumarate,Generic,300mg,Tablet,30,560,2116.80,3.78,0.13,Hetero Unit III Hyderabad IN,TRUE,40,"$4,100 ",2.18
"86,075",103-ZW-T30,FPQ-13109,SO-46950,DN-3649,Zimbabwe,PMO - US,From RDC,N/A - From RDC,Truck,10/17/2013,N/A - From RDC,05-May-14,23-May-14,27-May-14,ARV,Pediatric,SCMS from RDC,"Efavirenz 200mg, scored tablets, 90 Tabs",Efavirenz,Generic,200mg,Tablet,90,819,7616.70,9.3,0.1,"Strides, Bangalore, India.",TRUE,58,"$1,551 ",7.83
"86,076",111-MZ-T30,FPQ-13166,SO-47600,DN-3650,Mozambique,PMO - US,From RDC,N/A - From RDC,Truck,10/21/2013,N/A - From RDC,08-Jul-14,18-Jul-14,07-Aug-14,ARV,Adult,SCMS from RDC,"Lamivudine 150mg, tablets, 60 Tabs",Lamivudine,Generic,150mg,Tablet,60,648,1127.52,1.74,0.03,"Micro labs, Verna, Goa, India",TRUE,39,$30.49 ,1.16
"86,179",151-NG-T30,FPQ-14156,SO-51030,DN-4170,Nigeria,PMO - US,From RDC,N/A - From RDC,Air Charter,4/25/2014,N/A - From RDC,02-Mar-15,10-Mar-15,17-Mar-15,ARV,Adult,SCMS from RDC,"Lamivudine/Zidovudine 150/300mg, tablets, 60 Tabs",Lamivudine/Zidovudine,Generic,150/300mg,Tablet - FDC,60,"148,569",968669.88,6.52,0.11,"Aurobindo Unit III, India",FALSE,See DN-4170 (ID#:85020),null,995.79
"86,078",107-RW-T30,FPQ-12766,SO-46500,DN-3658,Rwanda,PMO - US,From RDC,N/A - From RDC,Truck,08-02-13,N/A - From RDC,05-May-14,06-Jun-14,20-Jun-14,ARV,Adult,SCMS from RDC,"Lamivudine/Tenofovir Disoproxil Fumarate 300/300mg, tablets, 30 Tabs",Lamivudine/Tenofovir Disoproxil Fumarate,Generic,300/300mg,Tablet - FDC,30,"97,619",452952.16,4.64,0.15,"Cipla, Kurkumbh, India",TRUE,9905,"$5,445.73 ",560.3
"86,082",109-TZ-T30,FPQ-13566,SO-47662,DN-3700,Tanzania,PMO - US,From RDC,N/A - From RDC,Truck,1/15/2014,N/A - From RDC,29-Jul-14,02-Aug-14,04-Aug-14,ARV,Pediatric,SCMS from RDC,"Lamivudine/Nevirapine/Zidovudine 30/50/60mg, dispersible tablets, 60 Tabs",Lamivudine/Nevirapine/Zidovudine,Generic,30/50/60mg,Chewable/dispersible tablet - FDC,60,"14,789",55458.75,3.75,0.06,Mylan (formerly Matrix) Nashik,TRUE,825,"$5,137.06 ",57.01
"82,786",151-NG-T30,FPQ-14766,SO-49685,DN-4172,Nigeria,PMO - US,From RDC,N/A - From RDC,Air Charter,8/13/2014,N/A - From RDC,28-Feb-15,10-Mar-15,17-Mar-15,ARV,Adult,SCMS from RDC,"Lamivudine/Nevirapine/Zidovudine 150/200/300mg, tablets, 60 Tabs",Lamivudine/Nevirapine/Zidovudine,Generic,150/300/200mg,Tablet - FDC,60,"59,014",455588.08,7.72,0.13,Hetero Unit III Hyderabad IN,FALSE,See DN-4172 (ID#:82785),null,468.34
"86,084",102-ZW-T30,FPQ-13348,SO-47360,DN-3705,Zimbabwe,PMO - US,From RDC,N/A - From RDC,Truck,12-03-13,N/A - From RDC,31-Jul-14,30-May-14,23-Jun-14,ARV,Adult,SCMS from RDC,"Efavirenz/Lamivudine/Tenofovir Disoproxil Fumarate 600/300/300mg, tablets, 30 Tabs",Efavirenz/Lamivudine/Tenofovir Disoproxil Fumarate,Generic,600/300/300mg,Tablet - FDC,30,"132,926",1482124.90,11.15,0.37,Hetero Unit III Hyderabad IN,TRUE,17791,"$33,707.41 ","1,523.62"
"86,086",151-NG-T30,FPQ-13293,SO-47271,DN-3721,Nigeria,PMO - US,From RDC,N/A - From RDC,Air Charter,11/19/2013,N/A - From RDC,03-Jun-14,09-May-14,23-May-14,ARV,Adult,SCMS from RDC,"Lamivudine/Nevirapine/Zidovudine 150/200/300mg, tablets, 60 Tabs",Lamivudine/Nevirapine/Zidovudine,Generic,150/300/200mg,Tablet - FDC,60,"274,715",2227938.65,8.11,0.14,Mylan (formerly Matrix) Nashik,TRUE,66966,"$45,180.62 ","2,290.32"
"85,570",151-NG-T30,FPQ-14766,SO-49685,DN-4172,Nigeria,PMO - US,From RDC,N/A - From RDC,Air Charter,8/13/2014,N/A - From RDC,28-Feb-15,10-Mar-15,17-Mar-15,ARV,Adult,SCMS from RDC,"Efavirenz/Lamivudine/Tenofovir Disoproxil Fumarate 600/300/300mg, tablets, 30 Tabs",Efavirenz/Lamivudine/Tenofovir Disoproxil Fumarate,Generic,600/300/300mg,Tablet - FDC,30,"128,500",1233600.00,9.6,0.32,Mylan (formerly Matrix) Nashik,FALSE,See DN-4172 (ID#:82785),null,"1,268.14"
"83,336",104-CI-T30,FPQ-14370,SO-49090,DN-4177,Côte d'Ivoire,PMO - US,From RDC,N/A - From RDC,Truck,5/23/2014,N/A - From RDC,29-May-15,29-May-15,18-Jun-15,ARV,Adult,SCMS from RDC,"Efavirenz 600mg, tablets, 30 Tabs",Efavirenz,Generic,600mg,Tablet,30,"30,004",93612.48,3.12,0.1,"Cipla, Goa, India",FALSE,See DN-4177 (ID#:82804),null,96.23
"86,093",111-MZ-T30,FPQ-13124,SO-47070,DN-3745,Mozambique,PMO - US,From RDC,N/A - From RDC,Truck,10/21/2013,N/A - From RDC,31-Jul-14,18-Jul-14,07-Aug-14,ARV,Adult,SCMS from RDC,"Lopinavir/Ritonavir 200/50mg [Aluvia], tablets, 120 Tabs",Lopinavir/Ritonavir,Aluvia,200/50mg,Tablet,120,"18,960",358344.00,18.9,0.16,ABBVIE Ludwigshafen Germany,TRUE,4227,"$2,259.81 ",368.38
"86,094",104-CI-T30,FPQ-13142,SO-47154,DN-3747,Côte d'Ivoire,PMO - US,From RDC,N/A - From RDC,Truck,10/22/2013,N/A - From RDC,30-Jun-14,16-Jun-14,10-Jul-14,ARV,Adult,SCMS from RDC,"Lopinavir/Ritonavir 200/50mg, tablets, 120 Tabs",Lopinavir/Ritonavir,Generic,200/50mg,Tablet,120,"13,429",264685.59,19.71,0.16,Mylan (formerly Matrix) Nashik,TRUE,3522,"$14,985.96 ",272.1
"86,095",100-ZM-T30,FPQ-13679,SO-48020,DN-3754,Zambia,PMO - US,From RDC,N/A - From RDC,Truck,02-02-14,N/A - From RDC,30-Jun-14,04-Jul-14,08-Sep-14,ARV,Adult,SCMS from RDC,"Lamivudine/Tenofovir Disoproxil Fumarate 300/300mg, tablets, 30 Tabs",Lamivudine/Tenofovir Disoproxil Fumarate,Generic,300/300mg,Tablet - FDC,30,"29,440",138368.00,4.7,0.16,"Aurobindo Unit VII, IN",TRUE,2438,"$5,236.92 ",142.24
"85,035",104-CI-T30,FPQ-14370,SO-49090,DN-4177,Côte d'Ivoire,PMO - US,From RDC,N/A - From RDC,Truck,5/23/2014,N/A - From RDC,29-May-15,29-May-15,18-Jun-15,ARV,Adult,SCMS from RDC,"Tenofovir Disoproxil Fumarate 300mg, tablets, 30 Tabs",Tenofovir Disoproxil Fumarate,Generic,300mg,Tablet,30,"7,500",26625.00,3.55,0.12,Mylan (formerly Matrix) Nashik,FALSE,See DN-4177 (ID#:82804),null,27.37
"86,097",110-ZM-T30,FPQ-12066,SO-45090,DN-3755,Zambia,PMO - US,From RDC,N/A - From RDC,Truck,4/19/2013,N/A - From RDC,30-Jun-14,17-Jun-14,09-Jul-14,ARV,Adult,SCMS from RDC,"Nevirapine 200mg, tablets, 60 Tabs",Nevirapine,Generic,200mg,Tablet,60,"77,187",168267.66,2.18,0.04,Hetero Unit III Hyderabad IN,TRUE,4800,"$10,982.20 ",208.15
"86,102",100-ZM-T30,FPQ-13679,SO-48012,DN-3887,Zambia,PMO - US,From RDC,N/A - From RDC,Truck,02-02-14,N/A - From RDC,18-Sep-14,02-Oct-14,22-Oct-14,ARV,Adult,SCMS from RDC,"Abacavir 300mg, tablets, 60 Tabs",Abacavir,Generic,300mg,Tablet,60,323,3627.29,11.23,0.19,"Aurobindo Unit III, India",TRUE,35,$42.35 ,3.73
"86,103",103-SS-T30,FPQ-14574,SO-49370,DN-3891,South Sudan,PMO - US,From RDC,N/A - From RDC,Air,7/14/2014,N/A - From RDC,02-Oct-14,17-Oct-14,13-Nov-14,ARV,Adult,SCMS from RDC,"Efavirenz/Lamivudine/Tenofovir Disoproxil Fumarate 600/300/300mg, tablets, 30 Tabs",Efavirenz/Lamivudine/Tenofovir Disoproxil Fumarate,Generic,600/300/300mg,Tablet - FDC,30,"7,764",83695.92,10.78,0.36,Mylan (formerly Matrix) Nashik,TRUE,1347,"$14,522.43 ",86.04
"86,812",104-CI-T30,FPQ-14370,SO-49090,DN-4177,Côte d'Ivoire,PMO - US,From RDC,N/A - From RDC,Truck,5/23/2014,N/A - From RDC,29-May-15,29-May-15,18-Jun-15,ARV,Adult,SCMS from RDC,"Efavirenz 600mg, tablets, 30 Tabs",Efavirenz,Generic,600mg,Tablet,30,"19,996",62387.52,3.12,0.1,"Micro labs, Verna, Goa, India",FALSE,See DN-4177 (ID#:82804),null,64.13
"85,572",102-BI-T30,FPQ-15406,SO-50280,DN-4178,Burundi,PMO - US,From RDC,N/A - From RDC,Air,11/19/2014,N/A - From RDC,29-May-15,25-Mar-15,30-Mar-15,ARV,Adult,SCMS from RDC,"Lamivudine/Tenofovir Disoproxil Fumarate 300/300mg, tablets, 30 Tabs",Lamivudine/Tenofovir Disoproxil Fumarate,Generic,300/300mg,Tablet - FDC,30,240,1101.60,4.59,0.15,Ranbaxy per Shasun Pharma,FALSE,See DN-4178 (ID#:84460),null,1.3
"86,131",111-MZ-T30,FPQ-14226,SO-48870,DN-3903,Mozambique,PMO - US,From RDC,N/A - From RDC,Truck,05-02-14,N/A - From RDC,30-Dec-14,30-Oct-14,13-Nov-14,ARV,Adult,SCMS from RDC,"Lopinavir/Ritonavir 200/50mg, tablets, 120 Tabs",Lopinavir/Ritonavir,Generic,200/50mg,Tablet,120,"14,480",285400.80,19.71,0.16,"Aurobindo Unit III, India",TRUE,7039,"$5,192.68 ",293.39
"86,788",102-BI-T30,FPQ-15406,SO-50280,DN-4178,Burundi,PMO - US,From RDC,N/A - From RDC,Air,11/19/2014,N/A - From RDC,29-May-15,25-Mar-15,30-Mar-15,ARV,Adult,SCMS from RDC,"Lamivudine/Nevirapine/Zidovudine 150/200/300mg, tablets, 60 Tabs",Lamivudine/Nevirapine/Zidovudine,Generic,150/300/200mg,Tablet - FDC,60,"1,008",7781.76,7.72,0.13,"Hetero, Jadcherla, unit 5, IN",FALSE,See DN-4178 (ID#:84460),null,9.16
"86,789",102-BI-T30,FPQ-15406,SO-50280,DN-4178,Burundi,PMO - US,From RDC,N/A - From RDC,Air,11/19/2014,N/A - From RDC,29-May-15,25-Mar-15,30-Mar-15,ARV,Pediatric,SCMS from RDC,"Lamivudine/Zidovudine 30/60mg, dispersible tablets, 60 Tabs",Lamivudine/Zidovudine,Generic,30/60mg,Chewable/dispersible tablet - FDC,60,282,549.90,1.95,0.03,"Mylan,  H-12 & H-13, India",FALSE,See DN-4178 (ID#:84460),null,0.65
"85,575",151-NG-T30,FPQ-14766,SO-51091,DN-4188,Nigeria,PMO - US,From RDC,N/A - From RDC,Air Charter,8/13/2014,N/A - From RDC,30-Apr-15,20-Mar-15,30-Mar-15,ARV,Adult,SCMS from RDC,"Lamivudine/Nevirapine/Zidovudine 150/200/300mg, tablets, 60 Tabs",Lamivudine/Nevirapine/Zidovudine,Generic,150/300/200mg,Tablet - FDC,60,"91,500",706380.00,7.72,0.13,"Cipla, Goa, India",FALSE,See DN-4188 (ID#:85574),null,726.16
"85,024",151-NG-T30,FPQ-14766,SO-51090,DN-4190,Nigeria,PMO - US,From RDC,N/A - From RDC,Air Charter,8/13/2014,N/A - From RDC,30-Apr-15,18-Mar-15,20-Mar-15,ARV,Adult,SCMS from RDC,"Efavirenz/Lamivudine/Tenofovir Disoproxil Fumarate 600/300/300mg, tablets, 30 Tabs",Efavirenz/Lamivudine/Tenofovir Disoproxil Fumarate,Generic,600/300/300mg,Tablet - FDC,30,"200,000",1920000.00,9.6,0.32,Hetero Unit III Hyderabad IN,FALSE,See DN-4190 (ID#:84461),null,"1,973.76"
"86,111",104-CI-T30,FPQ-13142,SO-47120,DN-3789,Côte d'Ivoire,PMO - US,From RDC,N/A - From RDC,Truck,10/22/2013,N/A - From RDC,30-Jun-14,09-Jul-14,07-Aug-14,ARV,Pediatric,SCMS from RDC,"Abacavir/Lamivudine 60/30mg, tablets, 60 Tabs",Abacavir/Lamivudine,Generic,60/30mg,Tablet - FDC,60,"10,000",40900.00,4.09,0.07,Mylan (formerly Matrix) Nashik,TRUE,365,"$2,436.32 ",42.05
"86,112",104-CI-T30,FPQ-13295,SO-47350,DN-3800,Côte d'Ivoire,PMO - US,From RDC,N/A - From RDC,Truck,11/18/2013,N/A - From RDC,30-Jun-14,09-Jul-14,07-Aug-14,ARV,Adult,SCMS from RDC,"Abacavir/Lamivudine 600/300mg, tablets, 30 Tabs",Abacavir/Lamivudine,Generic,600/300mg,Tablet - FDC,30,"2,600",35152.00,13.52,0.45,"Cipla, Patalganga, India",TRUE,235,$814.06 ,36.14
"86,113",107-RW-T30,FPQ-13728,SO-47980,DN-3810,Rwanda,PMO - US,From RDC,N/A - From RDC,Air,2/13/2014,N/A - From RDC,17-Jul-14,17-Jul-14,28-Oct-14,ARV,Pediatric,SCMS from RDC,"Lamivudine/Zidovudine 30/60mg, tablets, 60 Tabs",Lamivudine/Zidovudine,Generic,30/60mg,Tablet - FDC,60,362,720.38,1.99,0.03,Mylan (formerly Matrix) Nashik,TRUE,16,$919.81 ,0.74
"83,901",111-MZ-T30,FPQ-15195,SO-50140,DN-4191,Mozambique,PMO - US,From RDC,N/A - From RDC,Truck,10/17/2014,N/A - From RDC,31-May-15,13-May-15,15-May-15,ARV,Adult,SCMS from RDC,"Efavirenz/Lamivudine/Tenofovir Disoproxil Fumarate 600/300/300mg, tablets, 30 Tabs",Efavirenz/Lamivudine/Tenofovir Disoproxil Fumarate,Generic,600/300/300mg,Tablet - FDC,30,"122,449",1175510.40,9.6,0.32,Mylan (formerly Matrix) Nashik,FALSE,See DN-4191 (ID#:83900),null,"1,383.58"
"86,185",101-CD-T30,FPQ-15787,SO-50910,DN-4195,"Congo, DRC",PMO - US,From RDC,N/A - From RDC,Air,1/26/2015,N/A - From RDC,06-May-15,06-Jul-15,06-Jul-15,ARV,Pediatric,SCMS from RDC,"Lamivudine 10mg/ml, oral solution, Bottle, 240 ml",Lamivudine,Generic,10mg/ml,Oral solution,240,110,212.30,1.93,0.01,Hetero Unit III Hyderabad IN,FALSE,See DN-4195 (ID#:83324),null,0.25
"86,791",101-CD-T30,FPQ-15787,SO-50910,DN-4195,"Congo, DRC",PMO - US,From RDC,N/A - From RDC,Air,1/26/2015,N/A - From RDC,06-May-15,06-Jul-15,06-Jul-15,ARV,Pediatric,SCMS from RDC,"Lamivudine/Zidovudine 30/60mg, dispersible tablets, 60 Tabs",Lamivudine/Zidovudine,Generic,30/60mg,Chewable/dispersible tablet - FDC,60,490,955.50,1.95,0.03,"Mylan,  H-12 & H-13, India",FALSE,See DN-4195 (ID#:83324),null,1.12
"86,186",101-CD-T30,FPQ-15787,SO-50900,DN-4196,"Congo, DRC",PMO - US,From RDC,N/A - From RDC,Air,1/26/2015,N/A - From RDC,16-Jun-15,25-May-15,15-Jun-15,ARV,Pediatric,SCMS from RDC,"Abacavir/Lamivudine 60/30mg, dispersible tablets, 60 Tabs",Abacavir/Lamivudine,Generic,60/30mg,Chewable/dispersible tablet - FDC,60,820,4173.80,5.09,0.08,"Cipla, Patalganga, India",FALSE,See DN-4196 (ID#:85025),null,4.91
"86,187",101-CD-T30,FPQ-15787,SO-50890,DN-4197,"Congo, DRC",PMO - US,From RDC,N/A - From RDC,Air,1/26/2015,N/A - From RDC,01-Jul-15,13-Jul-15,13-Jul-15,ARV,Pediatric,SCMS from RDC,"Lamivudine/Nevirapine/Zidovudine 30/50/60mg, dispersible tablets, 60 Tabs",Lamivudine/Nevirapine/Zidovudine,Generic,30/50/60mg,Chewable/dispersible tablet - FDC,60,"4,355",15678.00,3.6,0.06,Mylan (formerly Matrix) Nashik,FALSE,See DN-4197 (ID#:85578),null,18.45
"11,512",104-CI-T01,Pre-PQ Process,SO-971,DN-421,Côte d'Ivoire,PMO - US,From RDC,N/A - From RDC,Air,Pre-PQ Process,N/A - From RDC,17-Jan-08,17-Jan-08,17-Jan-08,ARV,Adult,SCMS from RDC,"Saquinavir 200mg [Invirase], capsules, 270 Caps",Saquinavir,Invirase,200mg,Capsule,270,332,26108.48,78.64,0.29,Roche Basel,FALSE,See DN-421 (ID#:10919),null,41.77
"85,584",102-BI-T30,FPQ-15406,SO-50290,DN-4210,Burundi,PMO - US,From RDC,N/A - From RDC,Air,11/19/2014,N/A - From RDC,30-Jun-15,22-Apr-15,23-Apr-15,ARV,Pediatric,SCMS from RDC,"Lamivudine/Zidovudine 30/60mg, dispersible tablets, 60 Tabs",Lamivudine/Zidovudine,Generic,30/60mg,Chewable/dispersible tablet - FDC,60,164,314.88,1.92,0.03,"Cipla, Goa, India",FALSE,See DN-4210 (ID#:83906),null,0.37
"85,585",102-BI-T30,FPQ-15406,SO-50290,DN-4210,Burundi,PMO - US,From RDC,N/A - From RDC,Air,11/19/2014,N/A - From RDC,30-Jun-15,22-Apr-15,23-Apr-15,ARV,Adult,SCMS from RDC,"Lamivudine/Tenofovir Disoproxil Fumarate 300/300mg, tablets, 30 Tabs",Lamivudine/Tenofovir Disoproxil Fumarate,Generic,300/300mg,Tablet - FDC,30,240,1101.60,4.59,0.15,Ranbaxy per Shasun Pharma,FALSE,See DN-4210 (ID#:83906),null,1.3
"86,129",102-BI-T30,FPQ-14112,SO-48591,DN-3853,Burundi,PMO - US,From RDC,N/A - From RDC,Air,4/18/2014,N/A - From RDC,31-Aug-14,25-Jul-14,01-Aug-14,ARV,Adult,SCMS from RDC,"Nevirapine 200mg, tablets, 60 Tabs",Nevirapine,Generic,200mg,Tablet,60,525,1160.25,2.21,0.04,Hetero Unit III Hyderabad IN,TRUE,35,$638.65 ,1.19
"86,795",102-BI-T30,FPQ-15406,SO-50290,DN-4210,Burundi,PMO - US,From RDC,N/A - From RDC,Air,11/19/2014,N/A - From RDC,30-Jun-15,22-Apr-15,23-Apr-15,ARV,Adult,SCMS from RDC,"Lamivudine/Nevirapine/Zidovudine 150/200/300mg, tablets, 60 Tabs",Lamivudine/Nevirapine/Zidovudine,Generic,150/300/200mg,Tablet - FDC,60,"1,056",8152.32,7.72,0.13,Mylan (formerly Matrix) Nashik,FALSE,See DN-4210 (ID#:83906),null,9.6
"86,133",109-TZ-T30,FPQ-14041,SO-49640,DN-3910,Tanzania,PMO - US,From RDC,N/A - From RDC,Truck,04-11-14,N/A - From RDC,11-Nov-14,17-Oct-14,07-Nov-14,ARV,Pediatric,SCMS from RDC,"Lamivudine/Nevirapine/Zidovudine 30/50/60mg, dispersible tablets, 60 Tabs",Lamivudine/Nevirapine/Zidovudine,Generic,30/50/60mg,Chewable/dispersible tablet - FDC,60,"54,976",206160.00,3.75,0.06,"Strides, Bangalore, India.",TRUE,2356,"$2,151.27 ",211.93
"86,134",151-NG-T30,FPQ-13293,SO-47288,DN-3912,Nigeria,PMO - US,From RDC,N/A - From RDC,Air Charter,11/19/2013,N/A - From RDC,30-Sep-14,03-Sep-14,05-Sep-14,ARV,Pediatric,SCMS from RDC,"Lamivudine/Stavudine 30/6mg, dispersible tablets, 60 Tabs",Lamivudine/Stavudine,Generic,30/6mg,Chewable/dispersible tablet - FDC,60,"10,383",19727.70,1.9,0.03,"Cipla, Goa, India",TRUE,767,"$3,963 ",20.28
"83,903",114-UG-T30,FPQ-15294,SO-50050,DN-4218,Uganda,PMO - US,From RDC,N/A - From RDC,Truck,11-03-14,N/A - From RDC,15-Jun-15,14-May-15,15-May-15,ARV,Pediatric,SCMS from RDC,"Abacavir/Lamivudine 60/30mg, tablets, 60 Tabs",Abacavir/Lamivudine,Generic,60/30mg,Tablet - FDC,60,"28,524",112669.80,3.95,0.07,Mylan (formerly Matrix) Nashik,FALSE,See DN-4218 (ID#:83326),null,132.61
"83,905",114-UG-T30,FPQ-15294,SO-50050,DN-4218,Uganda,PMO - US,From RDC,N/A - From RDC,Truck,11-03-14,N/A - From RDC,15-Jun-15,14-May-15,15-May-15,ARV,Adult,SCMS from RDC,"Lamivudine/Tenofovir Disoproxil Fumarate 300/300mg, tablets, 30 Tabs",Lamivudine/Tenofovir Disoproxil Fumarate,Generic,300/300mg,Tablet - FDC,30,"120,742",554205.78,4.59,0.15,"Cipla, Kurkumbh, India",FALSE,See DN-4218 (ID#:83326),null,652.3
"86,140",104-CI-T30,FPQ-13628,SO-47911,DN-3965,Côte d'Ivoire,PMO - US,From RDC,N/A - From RDC,Truck,1/29/2014,N/A - From RDC,31-Oct-14,17-Oct-14,07-Nov-14,ARV,Adult,SCMS from RDC,"Lopinavir/Ritonavir 200/50mg, tablets, 120 Tabs",Lopinavir/Ritonavir,Generic,200/50mg,Tablet,120,"21,497",422631.02,19.66,0.16,Mylan (formerly Matrix) Nashik,TRUE,21,"$22,007.39 ",434.46
"86,141",110-ZM-T30,FPQ-13221,SO-47209,DN-3978,Zambia,PMO - US,From RDC,N/A - From RDC,Truck,10/31/2013,N/A - From RDC,31-Oct-14,19-Nov-14,24-Nov-14,ARV,Adult,SCMS from RDC,"Lamivudine/Tenofovir Disoproxil Fumarate 300/300mg, tablets, 30 Tabs",Lamivudine/Tenofovir Disoproxil Fumarate,Generic,300/300mg,Tablet - FDC,30,"20,327",93910.74,4.62,0.15,Hetero Unit III Hyderabad IN,TRUE,2130,"$6,700.42 ",96.54
"84,465",114-UG-T30,FPQ-15294,SO-50050,DN-4218,Uganda,PMO - US,From RDC,N/A - From RDC,Truck,11-03-14,N/A - From RDC,15-Jun-15,14-May-15,15-May-15,ARV,Pediatric,SCMS from RDC,"Lamivudine/Zidovudine 30/60mg, dispersible tablets, 60 Tabs",Lamivudine/Zidovudine,Generic,30/60mg,Chewable/dispersible tablet - FDC,60,"8,193",15730.56,1.92,0.03,"Mylan,  H-12 & H-13, India",FALSE,See DN-4218 (ID#:83326),null,18.51
"86,143",151-NG-T30,FPQ-14156,SO-48903,DN-3994,Nigeria,PMO - US,From RDC,N/A - From RDC,Air Charter,4/25/2014,N/A - From RDC,31-Oct-14,30-Oct-14,03-Nov-14,ARV,Adult,SCMS from RDC,"Efavirenz 600mg, tablets, 30 Tabs",Efavirenz,Generic,600mg,Tablet,30,"6,776",21141.12,3.12,0.1,"Micro labs, Verna, Goa, India",TRUE,514,$898 ,21.73
"85,587",114-UG-T30,FPQ-15294,SO-50050,DN-4218,Uganda,PMO - US,From RDC,N/A - From RDC,Truck,11-03-14,N/A - From RDC,15-Jun-15,14-May-15,15-May-15,ARV,Adult,SCMS from RDC,"Nevirapine 200mg, tablets, 60 Tabs",Nevirapine,Generic,200mg,Tablet,60,"79,258",172782.44,2.18,0.04,Hetero Unit III Hyderabad IN,FALSE,See DN-4218 (ID#:83326),null,203.36
"86,189",114-UG-T30,FPQ-15294,SO-50050,DN-4218,Uganda,PMO - US,From RDC,N/A - From RDC,Truck,11-03-14,N/A - From RDC,15-Jun-15,14-May-15,15-May-15,ARV,Adult,SCMS from RDC,"Efavirenz 600mg, tablets, 30 Tabs",Efavirenz,Generic,600mg,Tablet,30,2,6.24,3.12,0.1,"Strides, Bangalore, India.",FALSE,See DN-4218 (ID#:83326),null,0.01
"86,148",103-ZW-T30,FPQ-13967,SO-48442,DN-4020,Zimbabwe,PMO - US,From RDC,N/A - From RDC,Air,04-02-14,N/A - From RDC,30-Jan-15,05-Jan-15,09-Jan-15,ARV,Pediatric,SCMS from RDC,"Lamivudine/Nevirapine/Zidovudine 30/50/60mg, dispersible tablets, 60 Tabs",Lamivudine/Nevirapine/Zidovudine,Generic,30/50/60mg,Chewable/dispersible tablet - FDC,60,"20,000",75000.00,3.75,0.06,"Strides, Bangalore, India.",TRUE,1920,"$5,055.80 ",77.1
"86,798",114-UG-T30,FPQ-15294,SO-50050,DN-4218,Uganda,PMO - US,From RDC,N/A - From RDC,Truck,11-03-14,N/A - From RDC,15-Jun-15,14-May-15,15-May-15,ARV,Adult,SCMS from RDC,"Efavirenz 600mg, tablets, 30 Tabs",Efavirenz,Generic,600mg,Tablet,30,"29,998",93593.76,3.12,0.1,Hetero Unit III Hyderabad IN,FALSE,See DN-4218 (ID#:83326),null,110.16
"11,808",112-NG-T01,Pre-PQ Process,SO-1109,DN-422,Nigeria,PMO - US,From RDC,N/A - From RDC,Air,Pre-PQ Process,N/A - From RDC,09-Nov-07,09-Nov-07,09-Nov-07,ARV,Pediatric,SCMS from RDC,"Nevirapine 10mg/ml, oral suspension, Bottle, 240 ml",Nevirapine,Generic,10mg/ml,Oral suspension,240,35,217.00,6.2,0.03,"Aurobindo Unit III, India",FALSE,See DN-422 (ID#:10634),null,0.35
"12,426",112-NG-T01,Pre-PQ Process,SO-1109,DN-422,Nigeria,PMO - US,From RDC,N/A - From RDC,Air,Pre-PQ Process,N/A - From RDC,09-Nov-07,09-Nov-07,09-Nov-07,ARV,Adult,SCMS from RDC,"Lamivudine/Nevirapine/Stavudine 150/200/30mg, tablets, 60 Tabs",Lamivudine/Nevirapine/Stavudine,Generic,150/200/30mg,Tablet - FDC,60,"1,246",9345.00,7.5,0.12,"Cipla, Goa, India",FALSE,See DN-422 (ID#:10634),null,14.95
"86,156",103-ZW-T30,FPQ-14459,SO-49180,DN-4072,Zimbabwe,PMO - US,From RDC,N/A - From RDC,Truck,6/13/2014,N/A - From RDC,30-Jan-15,12-Jan-15,21-Jan-15,ARV,Pediatric,SCMS from RDC,"Lamivudine/Zidovudine 30/60mg, dispersible tablets, 60 Tabs",Lamivudine/Zidovudine,Generic,30/60mg,Chewable/dispersible tablet - FDC,60,"30,457",60609.43,1.99,0.03,"Mylan,  H-12 & H-13, India",TRUE,2375,"$6,819.95 ",62.31
"86,192",151-NG-T30,FPQ-14766,SO-49687,DN-4227,Nigeria,PMO - US,From RDC,N/A - From RDC,Air Charter,8/13/2014,N/A - From RDC,30-Apr-15,15-Apr-15,20-Apr-15,ARV,Adult,SCMS from RDC,"Zidovudine 300mg, tablets, 60 Tabs",Zidovudine,Generic,300mg,Tablet,60,793,4226.69,5.33,0.09,"Aurobindo Unit III, India",FALSE,See DN-4227 (ID#:82795),null,4.35
"83,910",151-NG-T30,FPQ-14989,SO-49933,DN-4229,Nigeria,PMO - US,From RDC,N/A - From RDC,Air Charter,9/19/2014,N/A - From RDC,30-Jun-15,15-Apr-15,20-Apr-15,ARV,Adult,SCMS from RDC,"Lamivudine/Nevirapine/Zidovudine 150/200/300mg, tablets, 60 Tabs",Lamivudine/Nevirapine/Zidovudine,Generic,150/300/200mg,Tablet - FDC,60,"131,607",1016006.04,7.72,0.13,Mylan (formerly Matrix) Nashik,FALSE,See DN-4229 (ID#:83332),null,"1,044.45"
"86,161",104-CI-T30,FPQ-13628,SO-47910,DN-4092,Côte d'Ivoire,PMO - US,From RDC,N/A - From RDC,Truck,1/29/2014,N/A - From RDC,25-Feb-15,12-Mar-15,13-Mar-15,ARV,Adult,SCMS from RDC,"Lopinavir/Ritonavir 200/50mg, tablets, 120 Tabs",Lopinavir/Ritonavir,Generic,200/50mg,Tablet,120,"11,728",227054.08,19.36,0.16,"Aurobindo Unit III, India",TRUE,2932,"$8,936.06 ",233.41
"12,122",104-CI-T01,Pre-PQ Process,SO-1245,DN-423,Côte d'Ivoire,PMO - US,From RDC,N/A - From RDC,Air,Pre-PQ Process,N/A - From RDC,13-Nov-07,13-Nov-07,13-Nov-07,ARV,Adult,SCMS from RDC,"Ritonavir 100mg [Norvir], capsules, cool, 4 x 84 Caps",Ritonavir,Norvir,100mg,Capsule,336,"1,200",46032.00,38.36,0.11,ABBVIE (Abbott) France,FALSE,See DN-423 (ID#:11194),null,73.65
"12,428",104-CI-T01,Pre-PQ Process,SO-1245,DN-423,Côte d'Ivoire,PMO - US,From RDC,N/A - From RDC,Air,Pre-PQ Process,N/A - From RDC,13-Nov-07,13-Nov-07,13-Nov-07,ARV,Adult,SCMS from RDC,"Saquinavir 200mg [Invirase], capsules, 270 Caps",Saquinavir,Invirase,200mg,Capsule,270,23,1808.72,78.64,0.29,Roche Basel,FALSE,See DN-423 (ID#:11194),null,2.89
"12,734",104-CI-T01,Pre-PQ Process,SO-1245,DN-423,Côte d'Ivoire,PMO - US,From RDC,N/A - From RDC,Air,Pre-PQ Process,N/A - From RDC,13-Nov-07,13-Nov-07,13-Nov-07,ARV,Adult,SCMS from RDC,"Zidovudine 300mg, tablets, 60 Tabs",Zidovudine,Generic,300mg,Tablet,60,6,48.90,8.15,0.14,"Aurobindo Unit III, India",FALSE,See DN-423 (ID#:11194),null,0.08
"12,123",100-ZW-T01,Pre-PQ Process,SO-1207,DN-424,Zimbabwe,PMO - US,From RDC,N/A - From RDC,Air,Pre-PQ Process,N/A - From RDC,16-Nov-07,16-Nov-07,16-Nov-07,ARV,Adult,SCMS from RDC,"Lamivudine/Stavudine 150/30mg, tablets, 30 Tabs",Lamivudine/Stavudine,Generic,150/30mg,Tablet - FDC,30,"1,062",2124.00,2,0.07,"Cipla, Goa, India",FALSE,See DN-424 (ID#:10905),null,3.4
"86,168",104-CI-T30,FPQ-13628,SO-47860,DN-4139,Côte d'Ivoire,PMO - US,From RDC,N/A - From RDC,Truck,1/29/2014,N/A - From RDC,27-Feb-15,25-Feb-15,30-Mar-15,ARV,Adult,SCMS from RDC,"Lamivudine/Zidovudine 150/300mg, tablets, 60 Tabs",Lamivudine/Zidovudine,Generic,150/300mg,Tablet - FDC,60,"104,000",699920.00,6.73,0.11,Hetero Unit III Hyderabad IN,TRUE,9208,"$35,832.12 ",719.52
"86,170",111-MZ-T30,FPQ-15195,SO-50121,DN-4153,Mozambique,PMO - US,From RDC,N/A - From RDC,Truck,10/17/2014,N/A - From RDC,30-Jun-15,10-Apr-15,20-Apr-15,ARV,Adult,SCMS from RDC,"Nevirapine 200mg, tablets, 60 Tabs",Nevirapine,Generic,200mg,Tablet,60,"1,960",4272.80,2.18,0.04,Hetero Unit III Hyderabad IN,TRUE,9674,"$7,921 ",5.03
"85,591",103-ZW-T30,FPQ-15197,SO-50010,DN-4243,Zimbabwe,PMO - US,From RDC,N/A - From RDC,Truck,10/16/2014,N/A - From RDC,30-Apr-15,30-Apr-15,30-Apr-15,ARV,Pediatric,SCMS from RDC,"Lamivudine/Nevirapine/Zidovudine 30/50/60mg, dispersible tablets, 60 Tabs",Lamivudine/Nevirapine/Zidovudine,Generic,30/50/60mg,Chewable/dispersible tablet - FDC,60,"149,944",539798.40,3.6,0.06,"Mylan,  H-12 & H-13, India",FALSE,See DN-4243 (ID#:83907),null,635.34
"86,805",103-ZW-T30,FPQ-15197,SO-50010,DN-4243,Zimbabwe,PMO - US,From RDC,N/A - From RDC,Truck,10/16/2014,N/A - From RDC,30-Apr-15,30-Apr-15,30-Apr-15,ARV,Pediatric,SCMS from RDC,"Lamivudine/Nevirapine/Zidovudine 30/50/60mg, dispersible tablets, 60 Tabs",Lamivudine/Nevirapine/Zidovudine,Generic,30/50/60mg,Chewable/dispersible tablet - FDC,60,"46,752",168307.20,3.6,0.06,"Cipla, Goa, India",FALSE,See DN-4243 (ID#:83907),null,198.1
"86,173",102-ZW-T30,FPQ-15621,SO-50580,DN-4158,Zimbabwe,PMO - US,From RDC,N/A - From RDC,Truck,12/19/2014,N/A - From RDC,16-Mar-15,17-Mar-15,19-Mar-15,ARV,Adult,SCMS from RDC,"Lamivudine/Zidovudine 150/300mg, tablets, 60 Tabs",Lamivudine/Zidovudine,Generic,150/300mg,Tablet - FDC,60,"20,000",130400.00,6.52,0.11,"Hetero, Jadcherla, unit 5, IN",TRUE,1790,"$2,042.60 ",153.48
"85,593",111-MZ-T30,FPQ-15229,SO-50490,DN-4247,Mozambique,PMO - US,From RDC,N/A - From RDC,Truck,10/17/2014,N/A - From RDC,30-Jun-15,09-Jun-15,15-Jun-15,ARV,Adult,SCMS from RDC,"Tenofovir Disoproxil Fumarate 300mg, tablets, 30 Tabs",Tenofovir Disoproxil Fumarate,Generic,300mg,Tablet,30,600,2130.00,3.55,0.12,Hetero Unit III Hyderabad IN,FALSE,See DN-4247 (ID#:84466),null,2.51
"12,735",100-ZW-T01,Pre-PQ Process,SO-1150,DN-425,Zimbabwe,PMO - US,From RDC,N/A - From RDC,Air,Pre-PQ Process,N/A - From RDC,16-Nov-07,16-Nov-07,16-Nov-07,ARV,Adult,SCMS from RDC,"Lamivudine/Nevirapine/Stavudine 150/200/30mg, tablets, 60 Tabs",Lamivudine/Nevirapine/Stavudine,Generic,150/200/30mg,Tablet - FDC,60,22,162.80,7.4,0.12,"Cipla, Goa, India",FALSE,See DN-425 (ID#:11810),null,0.26
"86,196",110-ZM-T30,FPQ-14784,SO-49601,DN-4250,Zambia,PMO - US,From RDC,N/A - From RDC,Truck,08-12-14,N/A - From RDC,29-May-15,15-May-15,15-May-15,ARV,Pediatric,SCMS from RDC,"Lamivudine/Zidovudine 30/60mg, dispersible tablets, 60 Tabs",Lamivudine/Zidovudine,Generic,30/60mg,Chewable/dispersible tablet - FDC,60,"4,000",7960.00,1.99,0.03,"Cipla, Goa, India",FALSE,See DN-4250 (ID#:82799),null,8.18
"86,183",110-ZM-T30,FPQ-14784,SO-49621,DN-4192,Zambia,PMO - US,From RDC,N/A - From RDC,Truck,08-12-14,N/A - From RDC,01-May-15,10-Apr-15,20-Apr-15,ARV,Adult,SCMS from RDC,"Efavirenz/Lamivudine/Tenofovir Disoproxil Fumarate 600/300/300mg, tablets, 30 Tabs",Efavirenz/Lamivudine/Tenofovir Disoproxil Fumarate,Generic,600/300/300mg,Tablet - FDC,30,"600,906",5768697.60,9.6,0.32,Mylan (formerly Matrix) Nashik,TRUE,67880,"$78,454.01 ","5,930.22"
"86,806",110-ZM-T30,FPQ-14784,SO-49601,DN-4250,Zambia,PMO - US,From RDC,N/A - From RDC,Truck,08-12-14,N/A - From RDC,29-May-15,15-May-15,15-May-15,ARV,Pediatric,SCMS from RDC,"Efavirenz 200mg, scored tablets, 90 Tabs",Efavirenz,Generic,200mg,Tablet,90,"15,000",82500.00,5.5,0.06,"Strides, Bangalore, India.",FALSE,See DN-4250 (ID#:82799),null,84.81
"86,807",110-ZM-T30,FPQ-14784,SO-49601,DN-4250,Zambia,PMO - US,From RDC,N/A - From RDC,Truck,08-12-14,N/A - From RDC,29-May-15,15-May-15,15-May-15,ARV,Adult,SCMS from RDC,"Lamivudine/Stavudine 150/30mg, tablets, 60 Tabs",Lamivudine/Stavudine,Generic,150/30mg,Tablet - FDC,60,"2,016",5019.84,2.49,0.04,Hetero Unit III Hyderabad IN,FALSE,See DN-4250 (ID#:82799),null,5.16
"83,331",110-ZM-T30,FPQ-14784,SO-49570,DN-4251,Zambia,PMO - US,From RDC,N/A - From RDC,Truck,08-12-14,N/A - From RDC,15-Jun-15,15-May-15,15-May-15,ARV,Adult,SCMS from RDC,"Lamivudine 150mg, tablets, 60 Tabs",Lamivudine,Generic,150mg,Tablet,60,"55,990",97422.60,1.74,0.03,"Strides, Bangalore, India.",FALSE,See DN-4251 (ID#:82800),null,100.15
"85,030",104-CI-T30,FPQ-14370,SO-49040,DN-4253,Côte d'Ivoire,PMO - US,From RDC,N/A - From RDC,Truck,5/23/2014,N/A - From RDC,08-Jun-15,08-Jun-15,19-Jun-15,ARV,Adult,SCMS from RDC,"Lamivudine/Zidovudine 150/300mg, tablets, 60 Tabs",Lamivudine/Zidovudine,Generic,150/300mg,Tablet - FDC,60,"36,971",241050.92,6.52,0.11,Mylan (formerly Matrix) Nashik,FALSE,See DN-4253 (ID#:83334),null,247.8
"85,031",104-CI-T30,FPQ-14370,SO-49040,DN-4253,Côte d'Ivoire,PMO - US,From RDC,N/A - From RDC,Truck,5/23/2014,N/A - From RDC,08-Jun-15,08-Jun-15,19-Jun-15,ARV,Adult,SCMS from RDC,"Lamivudine/Zidovudine 150/300mg, tablets, 60 Tabs",Lamivudine/Zidovudine,Generic,150/300mg,Tablet - FDC,60,"25,526",166429.52,6.52,0.11,Hetero Unit III Hyderabad IN,FALSE,See DN-4253 (ID#:83334),null,171.09
"86,197",104-CI-T30,FPQ-14370,SO-49040,DN-4253,Côte d'Ivoire,PMO - US,From RDC,N/A - From RDC,Truck,5/23/2014,N/A - From RDC,08-Jun-15,08-Jun-15,19-Jun-15,ARV,Adult,SCMS from RDC,"Lopinavir/Ritonavir 200/50mg, tablets, 120 Tabs",Lopinavir/Ritonavir,Generic,200/50mg,Tablet,120,"5,900",114224.00,19.36,0.16,Mylan (formerly Matrix) Nashik,FALSE,See DN-4253 (ID#:83334),null,117.42
"86,198",104-CI-T30,FPQ-14370,SO-49040,DN-4253,Côte d'Ivoire,PMO - US,From RDC,N/A - From RDC,Truck,5/23/2014,N/A - From RDC,08-Jun-15,08-Jun-15,19-Jun-15,ARV,Adult,SCMS from RDC,"Lamivudine/Zidovudine 150/300mg, tablets, 60 Tabs",Lamivudine/Zidovudine,Generic,150/300mg,Tablet - FDC,60,"37,503",244519.56,6.52,0.11,"Aurobindo Unit III, India",FALSE,See DN-4253 (ID#:83334),null,251.37
"86,195",151-NG-T30,FPQ-14766,SO-49680,DN-4244,Nigeria,PMO - US,From RDC,N/A - From RDC,Air Charter,8/13/2014,N/A - From RDC,30-Apr-15,15-Apr-15,20-Apr-15,ARV,Adult,SCMS from RDC,"Efavirenz/Lamivudine/Tenofovir Disoproxil Fumarate 600/300/300mg, tablets, 30 Tabs",Efavirenz/Lamivudine/Tenofovir Disoproxil Fumarate,Generic,600/300/300mg,Tablet - FDC,30,"291,928",2802508.80,9.6,0.32,Hetero Unit III Hyderabad IN,TRUE,37701,"$68,046 ","2,880.98"
"84,467",104-CI-T30,FPQ-15259,SO-50100,DN-4255,Côte d'Ivoire,PMO - US,From RDC,N/A - From RDC,Truck,10/24/2014,N/A - From RDC,19-Jun-15,08-Jun-15,19-Jun-15,ARV,Adult,SCMS from RDC,"Lamivudine/Nevirapine/Zidovudine 150/200/300mg, tablets, 60 Tabs",Lamivudine/Nevirapine/Zidovudine,Generic,150/300/200mg,Tablet - FDC,60,"1,963",15154.36,7.72,0.13,Hetero Unit III Hyderabad IN,FALSE,See DN-4255 (ID#:83911),null,17.84
"85,029",104-CI-T30,FPQ-15259,SO-50100,DN-4255,Côte d'Ivoire,PMO - US,From RDC,N/A - From RDC,Truck,10/24/2014,N/A - From RDC,19-Jun-15,08-Jun-15,19-Jun-15,ARV,Adult,SCMS from RDC,"Efavirenz/Lamivudine/Tenofovir Disoproxil Fumarate 600/300/300mg, tablets, 30 Tabs",Efavirenz/Lamivudine/Tenofovir Disoproxil Fumarate,Generic,600/300/300mg,Tablet - FDC,30,"100,000",960000.00,9.6,0.32,Hetero Unit III Hyderabad IN,FALSE,See DN-4255 (ID#:83911),null,"1,129.92"
"85,594",104-CI-T30,FPQ-15259,SO-50100,DN-4255,Côte d'Ivoire,PMO - US,From RDC,N/A - From RDC,Truck,10/24/2014,N/A - From RDC,19-Jun-15,08-Jun-15,19-Jun-15,ARV,Adult,SCMS from RDC,"Efavirenz 600mg, tablets, 30 Tabs",Efavirenz,Generic,600mg,Tablet,30,"45,204",141036.48,3.12,0.1,"Strides, Bangalore, India.",FALSE,See DN-4255 (ID#:83911),null,166
"85,595",104-CI-T30,FPQ-15259,SO-50100,DN-4255,Côte d'Ivoire,PMO - US,From RDC,N/A - From RDC,Truck,10/24/2014,N/A - From RDC,19-Jun-15,08-Jun-15,19-Jun-15,ARV,Adult,SCMS from RDC,"Lamivudine/Nevirapine/Zidovudine 150/200/300mg, tablets, 60 Tabs",Lamivudine/Nevirapine/Zidovudine,Generic,150/300/200mg,Tablet - FDC,60,"148,037",1142845.64,7.72,0.13,"Strides, Bangalore, India.",FALSE,See DN-4255 (ID#:83911),null,"1,345.13"
"86,199",110-ZM-T30,FPQ-14784,SO-49622,DN-4257,Zambia,PMO - US,From RDC,N/A - From RDC,Truck,08-12-14,N/A - From RDC,29-May-15,15-May-15,15-May-15,ARV,Adult,SCMS from RDC,"Efavirenz/Lamivudine/Tenofovir Disoproxil Fumarate 600/300/300mg, tablets, 30 Tabs",Efavirenz/Lamivudine/Tenofovir Disoproxil Fumarate,Generic,600/300/300mg,Tablet - FDC,30,"555,197",5329891.20,9.6,0.32,Mylan (formerly Matrix) Nashik,FALSE,See DN-4257 (ID#:84468),null,"5,479.13"
"86,203",151-NG-T30,FPQ-14989,SO-51421,DN-4273,Nigeria,PMO - US,From RDC,N/A - From RDC,Air Charter,9/19/2014,N/A - From RDC,30-Jun-15,15-May-15,22-May-15,ARV,Adult,SCMS from RDC,"Efavirenz/Lamivudine/Tenofovir Disoproxil Fumarate 600/300/300mg, tablets, 30 Tabs",Efavirenz/Lamivudine/Tenofovir Disoproxil Fumarate,Generic,600/300/300mg,Tablet - FDC,30,"134,991",1295913.60,9.6,0.32,"Aurobindo Unit VII, IN",TRUE,26861,"$53,937 ","1,332.20"
"86,809",114-UG-T30,FPQ-15294,SO-50070,DN-4259,Uganda,PMO - US,From RDC,N/A - From RDC,Truck,11-03-14,N/A - From RDC,30-Jun-15,04-Jun-15,15-Jun-15,ARV,Pediatric,SCMS from RDC,"Lamivudine/Nevirapine/Zidovudine 30/50/60mg, dispersible tablets, 60 Tabs",Lamivudine/Nevirapine/Zidovudine,Generic,30/50/60mg,Chewable/dispersible tablet - FDC,60,"29,287",105433.20,3.6,0.06,"Strides, Bangalore, India.",FALSE,See DN-4259 (ID#:86808),null,124.09
"10,904",111-MZ-T01,Pre-PQ Process,SO-1038,DN-426,Mozambique,PMO - US,From RDC,N/A - From RDC,Air,Pre-PQ Process,N/A - From RDC,29-Nov-07,29-Nov-07,29-Nov-07,ARV,Pediatric,SCMS from RDC,"Stavudine 1mg/ml, powder for oral solution, 200 ml",Stavudine,Generic,1mg/ml,Oral solution,200,500,700.00,1.4,0.01,"Aurobindo Unit III, India",FALSE,See DN-426 (ID#:10633),null,1.12
"86,206",151-NG-T30,FPQ-16313,SO-51430,DN-4281,Nigeria,PMO - US,From RDC,N/A - From RDC,Air,05-04-15,N/A - From RDC,02-Jun-15,22-Jun-15,24-Jun-15,ARV,Adult,SCMS from RDC,"Lamivudine/Zidovudine 150/300mg, tablets, 60 Tabs",Lamivudine/Zidovudine,Generic,150/300mg,Tablet - FDC,60,"37,742",246077.84,6.52,0.11,Mylan (formerly Matrix) Nashik,TRUE,3322,"$21,533.88 ",289.63
"11,477",111-MZ-T01,Pre-PQ Process,SO-1038,DN-426,Mozambique,PMO - US,From RDC,N/A - From RDC,Air,Pre-PQ Process,N/A - From RDC,29-Nov-07,29-Nov-07,29-Nov-07,ARV,Adult,SCMS from RDC,"Abacavir/Lamivudine/Zidovudine 300/150/300mg [Trizivir], tablets, 60 Tabs",Abacavir/Lamivudine/Zidovudine,Trizivir,300/150/300mg,Tablet - FDC,60,900,63000.00,70,1.17,GSK Ware (UK),FALSE,See DN-426 (ID#:10633),null,100.8
"11,805",111-MZ-T01,Pre-PQ Process,SO-1038,DN-426,Mozambique,PMO - US,From RDC,N/A - From RDC,Air,Pre-PQ Process,N/A - From RDC,29-Nov-07,29-Nov-07,29-Nov-07,ARV,Adult,SCMS from RDC,"Indinavir 400mg [Crixivan], capsules, 180 Caps",Indinavir,Crixivan,400mg,Capsule,180,840,42000.00,50,0.28,"MSD, Haarlem, NL",FALSE,See DN-426 (ID#:10633),null,67.2
"11,806",111-MZ-T01,Pre-PQ Process,SO-1038,DN-426,Mozambique,PMO - US,From RDC,N/A - From RDC,Air,Pre-PQ Process,N/A - From RDC,29-Nov-07,29-Nov-07,29-Nov-07,ARV,Adult,SCMS from RDC,"Lamivudine/Nevirapine/Stavudine 150/200/30mg, tablets, 60 Tabs",Lamivudine/Nevirapine/Stavudine,Generic,150/200/30mg,Tablet - FDC,60,"30,000",222000.00,7.4,0.12,"Cipla, Goa, India",FALSE,See DN-426 (ID#:10633),null,355.2
"12,729",111-MZ-T01,Pre-PQ Process,SO-1038,DN-426,Mozambique,PMO - US,From RDC,N/A - From RDC,Air,Pre-PQ Process,N/A - From RDC,29-Nov-07,29-Nov-07,29-Nov-07,ARV,Adult,SCMS from RDC,"Efavirenz 600mg, tablets, 30 Tabs",Efavirenz,Generic,600mg,Tablet,30,"37,300",463266.00,12.42,0.41,"Cipla, Goa, India",FALSE,See DN-426 (ID#:10633),null,741.23
"86,211",107-RW-T30,FPQ-16284,SO-51530,DN-4323,Rwanda,PMO - US,From RDC,N/A - From RDC,Air,5/27/2015,N/A - From RDC,18-Aug-15,25-Aug-15,27-Aug-15,ARV,Adult,SCMS from RDC,"Tenofovir Disoproxil Fumarate 300mg, tablets, 30 Tabs",Tenofovir Disoproxil Fumarate,Generic,300mg,Tablet,30,385,1366.75,3.55,0.12,Mylan (formerly Matrix) Nashik,TRUE,25,$149.65 ,1.61
"86,212",104-CI-T30,FPQ-15259,SO-50103,DN-4326,Côte d'Ivoire,PMO - US,From RDC,N/A - From RDC,Truck,10/24/2014,N/A - From RDC,14-Aug-15,20-Aug-15,25-Aug-15,ARV,Adult,SCMS from RDC,"Efavirenz 600mg, tablets, 30 Tabs",Efavirenz,Generic,600mg,Tablet,30,"9,800",31262.00,3.19,0.11,"Strides, Bangalore, India.",TRUE,622,"$4,958 ",36.8
"86,200",151-NG-T30,FPQ-14989,SO-49935,DN-4260,Nigeria,PMO - US,From RDC,N/A - From RDC,Air Charter,9/19/2014,N/A - From RDC,30-Jun-15,28-Apr-15,29-Apr-15,ARV,Adult,SCMS from RDC,"Lamivudine/Nevirapine/Zidovudine 150/200/300mg, tablets, 60 Tabs",Lamivudine/Nevirapine/Zidovudine,Generic,150/300/200mg,Tablet - FDC,60,"150,000",1158000.00,7.72,0.13,"Aurobindo Unit III, India",FALSE,See DN-4260 (ID#:85596),null,"1,190.42"
"86,810",114-UG-T30,FPQ-15294,SO-50054,DN-4265,Uganda,PMO - US,From RDC,N/A - From RDC,Truck,11-03-14,N/A - From RDC,15-Jun-15,04-Jun-15,15-Jun-15,ARV,Pediatric,SCMS from RDC,"Efavirenz 200mg, scored tablets, 90 Tabs",Efavirenz,Generic,200mg,Tablet,90,"6,312",34716.00,5.5,0.06,"Strides, Bangalore, India.",FALSE,See DN-4265 (ID#:83335),null,40.86
"86,204",151-NG-T30,FPQ-14989,SO-51421,DN-4273,Nigeria,PMO - US,From RDC,N/A - From RDC,Air Charter,9/19/2014,N/A - From RDC,30-Jun-15,15-May-15,22-May-15,ARV,Adult,SCMS from RDC,"Efavirenz/Lamivudine/Tenofovir Disoproxil Fumarate 600/300/300mg, tablets, 30 Tabs",Efavirenz/Lamivudine/Tenofovir Disoproxil Fumarate,Generic,600/300/300mg,Tablet - FDC,30,"59,500",571200.00,9.6,0.32,Hetero Unit III Hyderabad IN,FALSE,See DN-4273 (ID#:86203),null,587.19
"86,236",154-NG-T30,FPQ-3815,SO-32271,DN-1312,Nigeria,PMO - US,From RDC,N/A - From RDC,Air,5/26/2009,N/A - From RDC,30-Jul-09,09-Jul-09,09-Jul-09,ARV,Pediatric,SCMS from RDC,"Lamivudine/Nevirapine/Stavudine 30/50/6mg, dispersible tablets, 60 Tabs",Lamivudine/Nevirapine/Stavudine,Generic,30/50/6mg,Chewable/dispersible tablet - FDC,60,46,114.54,2.49,0.04,"Cipla, Goa, India",TRUE,2,$714.34 ,0.22
"86,813",151-NG-T30,FPQ-14989,SO-51422,DN-4274,Nigeria,PMO - US,From RDC,N/A - From RDC,Air Charter,9/19/2014,N/A - From RDC,30-Jun-15,15-May-15,22-May-15,ARV,Pediatric,SCMS from RDC,"Lamivudine/Nevirapine/Zidovudine 30/50/60mg, dispersible tablets, 60 Tabs",Lamivudine/Nevirapine/Zidovudine,Generic,30/50/60mg,Chewable/dispersible tablet - FDC,60,"10,340",37224.00,3.6,0.06,Mylan (formerly Matrix) Nashik,FALSE,See DN-4274 (ID#:84472),null,38.27
"86,205",151-NG-T30,FPQ-14989,SO-51423,DN-4275,Nigeria,PMO - US,From RDC,N/A - From RDC,Air Charter,9/19/2014,N/A - From RDC,30-Jun-15,15-May-15,22-May-15,ARV,Adult,SCMS from RDC,"Lamivudine/Nevirapine/Zidovudine 150/200/300mg, tablets, 60 Tabs",Lamivudine/Nevirapine/Zidovudine,Generic,150/300/200mg,Tablet - FDC,60,"178,329",1376699.88,7.72,0.13,"Hetero, Jadcherla, unit 5, IN",FALSE,See DN-4275 (ID#:83337),null,"1,415.25"
"84,473",151-NG-T30,FPQ-14989,SO-51425,DN-4278,Nigeria,PMO - US,From RDC,N/A - From RDC,Air Charter,9/19/2014,N/A - From RDC,30-Jun-15,15-May-15,22-May-15,ARV,Adult,SCMS from RDC,"Zidovudine 300mg, tablets, 60 Tabs",Zidovudine,Generic,300mg,Tablet,60,"1,220",6502.60,5.33,0.09,"Aurobindo Unit III, India",FALSE,See DN-4278 (ID#:83338),null,6.68
"86,240",112-NG-T30,FPQ-4040,SO-32981,DN-1453,Nigeria,PMO - US,From RDC,N/A - From RDC,Air Charter,7/29/2009,N/A - From RDC,31-Oct-09,20-Oct-09,20-Oct-09,ARV,Pediatric,SCMS from RDC,"Nevirapine 10mg/ml, oral suspension, Bottle, 240 ml",Nevirapine,Generic,10mg/ml,Oral suspension,240,"1,200",2304.00,1.92,0.01,"Aurobindo Unit III, India",TRUE,445,"$9,341.49 ",4.52
"86,816",151-NG-T30,FPQ-16313,SO-51440,DN-4282,Nigeria,PMO - US,From RDC,N/A - From RDC,Air,05-04-15,N/A - From RDC,30-Jun-15,22-Jun-15,29-Jun-15,ARV,Adult,SCMS from RDC,"Efavirenz 600mg, tablets, 30 Tabs",Efavirenz,Generic,600mg,Tablet,30,"6,724",20978.88,3.12,0.1,"Strides, Bangalore, India.",FALSE,See DN-4282 (ID#:83919),null,24.69
"84,475",101-CD-T30,FPQ-16158,SO-51260,DN-4283,"Congo, DRC",PMO - US,From RDC,N/A - From RDC,Air,3/31/2015,N/A - From RDC,08-Jul-15,07-Aug-15,27-Aug-15,ARV,Adult,SCMS from RDC,"Lamivudine/Nevirapine/Zidovudine 150/200/300mg, tablets, 60 Tabs",Lamivudine/Nevirapine/Zidovudine,Generic,150/300/200mg,Tablet - FDC,60,"14,329",110619.88,7.72,0.13,Hetero Unit III Hyderabad IN,FALSE,See DN-4283 (ID#:83912),null,130.2
"86,207",101-CD-T30,FPQ-16158,SO-51260,DN-4283,"Congo, DRC",PMO - US,From RDC,N/A - From RDC,Air,3/31/2015,N/A - From RDC,08-Jul-15,07-Aug-15,27-Aug-15,ARV,Adult,SCMS from RDC,"Efavirenz 600mg, tablets, 30 Tabs",Efavirenz,Generic,600mg,Tablet,30,"9,800",30576.00,3.12,0.1,"Strides, Bangalore, India.",FALSE,See DN-4283 (ID#:83912),null,35.99
"86,244",104-CI-T30,FPQ-4187,SO-33470,DN-1525,Côte d'Ivoire,PMO - US,From RDC,N/A - From RDC,Air,09-09-09,N/A - From RDC,01-Dec-09,02-Dec-09,02-Dec-09,ARV,Pediatric,SCMS from RDC,"Lamivudine 10mg/ml, oral solution, Bottle, 240 ml",Lamivudine,Generic,10mg/ml,Oral solution,240,"2,000",3800.00,1.9,0.01,"Aurobindo Unit III, India",TRUE,688,"$1,211.48 ",7.45
"86,245",114-UG-T30,FPQ-4454,SO-34300,DN-1551,Uganda,PMO - US,From RDC,N/A - From RDC,Air,9/25/2009,N/A - From RDC,17-Jan-10,25-Nov-09,25-Nov-09,ARV,Adult,SCMS from RDC,"Lamivudine/Tenofovir Disoproxil Fumarate 300/300mg, tablets, 30 Tabs",Lamivudine/Tenofovir Disoproxil Fumarate,Generic,300/300mg,Tablet - FDC,30,"2,150",21500.00,10,0.33,Mylan (formerly Matrix) Nashik,TRUE,179,"$2,196.29 ",42.14
"86,246",114-UG-T30,FPQ-4275,SO-33870,DN-1552,Uganda,PMO - US,From RDC,N/A - From RDC,Air,9/17/2009,N/A - From RDC,14-Jan-10,31-Dec-09,31-Dec-09,ARV,Adult,SCMS from RDC,"Lamivudine/Zidovudine 150/300mg, tablets, 60 Tabs",Lamivudine/Zidovudine,Generic,150/300mg,Tablet - FDC,60,"16,575",145197.00,8.76,0.15,Mylan (formerly Matrix) Nashik,TRUE,6843,"$7,231 ",284.59
"83,913",101-CD-T30,FPQ-16158,SO-51270,DN-4285,"Congo, DRC",PMO - US,From RDC,N/A - From RDC,Air,3/31/2015,N/A - From RDC,08-Jul-15,30-Jul-15,30-Jul-15,ARV,Adult,SCMS from RDC,"Abacavir/Lamivudine 600/300mg, tablets, 30 Tabs",Abacavir/Lamivudine,Generic,600/300mg,Tablet - FDC,30,820,10783.00,13.15,0.44,Mylan (formerly Matrix) Nashik,FALSE,See DN-4285 (ID#:82806),null,12.69
"86,248",111-MZ-T30,FPQ-4471,SO-33600,DN-1587,Mozambique,PMO - US,From RDC,N/A - From RDC,Air,9/14/2009,N/A - From RDC,26-Feb-10,16-Jan-10,16-Jan-10,ARV,Adult,SCMS from RDC,"Lamivudine/Zidovudine 150/300mg, tablets, 60 Tabs",Lamivudine/Zidovudine,Generic,150/300mg,Tablet - FDC,60,"30,564",267740.64,8.76,0.15,"Aurobindo Unit III, India",TRUE,2773,"$6,355.08 ",524.77
"86,249",123-NG-T30,FPQ-4014,SO-32973,DN-1593,Nigeria,PMO - US,From RDC,N/A - From RDC,Air Charter,7/27/2009,N/A - From RDC,31-Jan-10,18-Dec-09,18-Dec-09,ARV,Adult,SCMS from RDC,"Lamivudine/Zidovudine 150/300mg, tablets, 60 Tabs",Lamivudine/Zidovudine,Generic,150/300mg,Tablet - FDC,60,"11,949",104673.24,8.76,0.15,"Aurobindo Unit III, India",TRUE,1084,"$11,637.65 ",205.16
"86,250",114-UG-T30,FPQ-4497,SO-34830,DN-1597,Uganda,PMO - US,From RDC,N/A - From RDC,Air,10/28/2009,N/A - From RDC,10-Feb-10,07-Jan-10,07-Jan-10,ARV,Adult,SCMS from RDC,"Efavirenz 600mg, tablets, 30 Tabs",Efavirenz,Generic,600mg,Tablet,30,"2,500",14450.00,5.78,0.19,"Aurobindo Unit III, India",TRUE,216,"$2,064.42 ",31.15
"84,476",151-NG-T30,FPQ-14989,SO-51427,DN-4290,Nigeria,PMO - US,From RDC,N/A - From RDC,Air Charter,9/19/2014,N/A - From RDC,30-Jun-15,02-Jun-15,17-Jun-15,ARV,Adult,SCMS from RDC,"Lamivudine/Nevirapine/Zidovudine 150/200/300mg, tablets, 60 Tabs",Lamivudine/Nevirapine/Zidovudine,Generic,150/300/200mg,Tablet - FDC,60,"46,695",360485.40,7.72,0.13,"Hetero, Jadcherla, unit 5, IN",FALSE,See DN-4290 (ID#:83340),null,370.58
"85,600",151-NG-T30,FPQ-14989,SO-51427,DN-4290,Nigeria,PMO - US,From RDC,N/A - From RDC,Air Charter,9/19/2014,N/A - From RDC,30-Jun-15,02-Jun-15,17-Jun-15,ARV,Adult,SCMS from RDC,"Lamivudine/Nevirapine/Zidovudine 150/200/300mg, tablets, 60 Tabs",Lamivudine/Nevirapine/Zidovudine,Generic,150/300/200mg,Tablet - FDC,60,"88,995",687041.40,7.72,0.13,"Cipla, Goa, India",FALSE,See DN-4290 (ID#:83340),null,706.28
"86,253",110-ZM-T30,FPQ-4272,SO-33680,DN-1603,Zambia,PMO - US,From RDC,N/A - From RDC,Air,9/18/2009,N/A - From RDC,17-Jan-10,11-Jan-10,11-Jan-10,ARV,Adult,SCMS from RDC,"Lamivudine/Stavudine 150/30mg, tablets, 60 Tabs",Lamivudine/Stavudine,Generic,150/30mg,Tablet - FDC,60,"80,000",304000.00,3.8,0.06,"Strides, Bangalore, India.",TRUE,4162,"$9,939.38 ",595.84
"85,037",151-NG-T30,FPQ-14989,SO-51428,DN-4291,Nigeria,PMO - US,From RDC,N/A - From RDC,Air Charter,9/19/2014,N/A - From RDC,30-Jun-15,02-Jun-15,17-Jun-15,ARV,Adult,SCMS from RDC,"Efavirenz/Lamivudine/Tenofovir Disoproxil Fumarate 600/300/300mg, tablets, 30 Tabs",Efavirenz/Lamivudine/Tenofovir Disoproxil Fumarate,Generic,600/300/300mg,Tablet - FDC,30,"170,780",1639488.00,9.6,0.32,Mylan (formerly Matrix) Nashik,FALSE,See DN-4291 (ID#:85036),null,"1,685.39"
"85,601",103-SS-T30,FPQ-16356,SO-51460,DN-4296,South Sudan,PMO - US,From RDC,N/A - From RDC,Air,5/14/2015,N/A - From RDC,25-Jun-15,19-Jun-15,23-Jun-15,ARV,Pediatric,SCMS from RDC,"Lamivudine/Nevirapine/Zidovudine 30/50/60mg, dispersible tablets, 60 Tabs",Lamivudine/Nevirapine/Zidovudine,Generic,30/50/60mg,Chewable/dispersible tablet - FDC,60,"4,471",16095.60,3.6,0.06,"Strides, Bangalore, India.",FALSE,See DN-4296 (ID#:83342),null,18.94
"85,041",103-ZW-T30,FPQ-15197,SO-50020,DN-4307,Zimbabwe,PMO - US,From RDC,N/A - From RDC,Truck,10/16/2014,N/A - From RDC,31-Jul-15,15-Jul-15,20-Jul-15,ARV,Pediatric,SCMS from RDC,"Lamivudine/Zidovudine 30/60mg, dispersible tablets, 60 Tabs",Lamivudine/Zidovudine,Generic,30/60mg,Chewable/dispersible tablet - FDC,60,"2,741",5454.59,1.99,0.03,"Mylan,  H-12 & H-13, India",FALSE,See DN-4307 (ID#:83920),null,6.42
"86,259",114-UG-T30,FPQ-4496,SO-35010,DN-1632,Uganda,PMO - US,From RDC,N/A - From RDC,Truck,10/28/2009,N/A - From RDC,22-Mar-10,29-Jan-10,29-Jan-10,ARV,Adult,SCMS from RDC,"Nevirapine 200mg, tablets, 60 Tabs",Nevirapine,Generic,200mg,Tablet,60,"1,600",4640.00,2.9,0.05,"Aurobindo Unit III, India",TRUE,157,"$1,601.50 ",10
"86,260",114-UG-T30,FPQ-4497,SO-34820,DN-1633,Uganda,PMO - US,From RDC,N/A - From RDC,Truck,10/28/2009,N/A - From RDC,03-Mar-10,29-Jan-10,29-Jan-10,ARV,Adult,SCMS from RDC,"Lamivudine/Nevirapine/Zidovudine 150/200/300mg, tablets, 60 Tabs",Lamivudine/Nevirapine/Zidovudine,Generic,150/300/200mg,Tablet - FDC,60,"6,600",74052.00,11.22,0.19,Mylan (formerly Matrix) Nashik,TRUE,843,"$6,470.51 ",159.66
"86,261",114-UG-T30,FPQ-4275,SO-33960,DN-1634,Uganda,PMO - US,From RDC,N/A - From RDC,Truck,9/17/2009,N/A - From RDC,25-Feb-10,29-Jan-10,29-Jan-10,ARV,Adult,SCMS from RDC,"Efavirenz 600mg, tablets, 30 Tabs",Efavirenz,Generic,600mg,Tablet,30,"32,660",188774.80,5.78,0.19,"Aurobindo Unit III, India",TRUE,2804,"$5,050.80 ",370
"86,262",106-HT-T30,FPQ-4384,SO-34710,DN-1635,Haiti,PMO - US,From RDC,N/A - From RDC,Air,10/23/2009,N/A - From RDC,05-Mar-10,03-Mar-10,03-Mar-10,ARV,Pediatric,SCMS from RDC,"Didanosine 200mg, chewable/dispersible tablets, 60 Tabs",Didanosine,Generic,200mg,Chewable/dispersible tablet,60,192,2976.00,15.5,0.26,"Aurobindo Unit III, India",TRUE,40,"$12,016.69 ",6.42
"85,042",103-ZW-T30,FPQ-15197,SO-50020,DN-4307,Zimbabwe,PMO - US,From RDC,N/A - From RDC,Truck,10/16/2014,N/A - From RDC,31-Jul-15,15-Jul-15,20-Jul-15,ARV,Pediatric,SCMS from RDC,"Lamivudine/Zidovudine 30/60mg, dispersible tablets, 60 Tabs",Lamivudine/Zidovudine,Generic,30/60mg,Chewable/dispersible tablet - FDC,60,"9,262",18431.38,1.99,0.03,"Cipla, Goa, India",FALSE,See DN-4307 (ID#:83920),null,21.69
"86,265",104-CI-T30,FPQ-4659,SO-35810,DN-1641,Côte d'Ivoire,PMO - US,From RDC,N/A - From RDC,Air,12-08-09,N/A - From RDC,10-May-10,15-Feb-10,15-Feb-10,ARV,Adult,SCMS from RDC,"Nevirapine 200mg, tablets, 60 Tabs",Nevirapine,Generic,200mg,Tablet,60,"4,149",11326.77,2.73,0.05,"Aurobindo Unit III, India",TRUE,394,"$1,083.30 ",24.42
"86,266",114-UG-T30,FPQ-4325,SO-35650,DN-1645,Uganda,PMO - US,From RDC,N/A - From RDC,Air,9/23/2009,N/A - From RDC,19-Mar-10,26-Feb-10,26-Feb-10,ARV,Adult,SCMS from RDC,"Zidovudine 300mg, tablets, 60 Tabs",Zidovudine,Generic,300mg,Tablet,60,744,5602.32,7.53,0.13,"Aurobindo Unit III, India",TRUE,41,"$1,152.14 ",10.98
"86,817",103-ZW-T30,FPQ-15197,SO-50020,DN-4307,Zimbabwe,PMO - US,From RDC,N/A - From RDC,Truck,10/16/2014,N/A - From RDC,31-Jul-15,15-Jul-15,20-Jul-15,ARV,Pediatric,SCMS from RDC,"Lamivudine/Nevirapine/Zidovudine 30/50/60mg, dispersible tablets, 60 Tabs",Lamivudine/Nevirapine/Zidovudine,Generic,30/50/60mg,Chewable/dispersible tablet - FDC,60,"205,243",738874.80,3.6,0.06,"Cipla, Goa, India",FALSE,See DN-4307 (ID#:83920),null,869.66
"86,268",110-ZM-T30,FPQ-4273,SO-35830,DN-1650,Zambia,PMO - US,From RDC,N/A - From RDC,Truck,9/17/2009,N/A - From RDC,15-Mar-10,05-Mar-10,05-Mar-10,ARV,Adult,SCMS from RDC,"Zidovudine 300mg, tablets, 60 Tabs",Zidovudine,Generic,300mg,Tablet,60,"60,683",456942.99,7.53,0.13,Hetero Unit III Hyderabad IN,TRUE,3325,"$3,379.64 ",895.61
"86,269",104-CI-T30,FPQ-4659,SO-35581,DN-1655,Côte d'Ivoire,PMO - US,From RDC,N/A - From RDC,Air,12-08-09,N/A - From RDC,28-Jun-10,01-Mar-10,01-Mar-10,ARV,Adult,SCMS from RDC,"Stavudine 15mg, capsules, 60 Caps",Stavudine,Generic,15mg,Capsule,60,864,1296.00,1.5,0.02,"Aurobindo Unit III, India",TRUE,56,"$3,688.33 ",2.79
"86,818",103-ZW-T30,FPQ-15197,SO-50020,DN-4307,Zimbabwe,PMO - US,From RDC,N/A - From RDC,Truck,10/16/2014,N/A - From RDC,31-Jul-15,15-Jul-15,20-Jul-15,ARV,Pediatric,SCMS from RDC,"Lamivudine/Nevirapine/Zidovudine 30/50/60mg, dispersible tablets, 60 Tabs",Lamivudine/Nevirapine/Zidovudine,Generic,30/50/60mg,Chewable/dispersible tablet - FDC,60,"166,571",599655.60,3.6,0.06,"Mylan,  H-12 & H-13, India",FALSE,See DN-4307 (ID#:83920),null,705.79
"82,810",114-UG-T30,FPQ-15294,SO-50052,DN-4309,Uganda,PMO - US,From RDC,N/A - From RDC,Truck,11-03-14,N/A - From RDC,31-Jul-15,23-Jul-15,23-Jul-15,ARV,Adult,SCMS from RDC,"Lopinavir/Ritonavir 200/50mg [Aluvia], tablets, 120 Tabs",Lopinavir/Ritonavir,Aluvia,200/50mg,Tablet,120,"27,048",504174.72,18.64,0.16,ABBVIE Ludwigshafen Germany,FALSE,See DN-4309 (ID#:82809),null,593.41
"86,272",106-HT-T30,FPQ-4384,SO-35670,DN-1664,Haiti,PMO - US,From RDC,N/A - From RDC,Air,10/23/2009,N/A - From RDC,10-Mar-10,03-Mar-10,03-Mar-10,ARV,Adult,SCMS from RDC,"Stavudine 30mg, capsules, 60 Caps",Stavudine,Generic,30mg,Capsule,60,"3,690",5387.40,1.46,0.02,"Strides, Bangalore, India.",TRUE,177,"$6,036.96 ",11.62
"86,273",106-HT-T30,FPQ-4469,SO-35530,DN-1666,Haiti,PMO - US,From RDC,N/A - From RDC,Air,9/23/2009,N/A - From RDC,12-Mar-10,03-Mar-10,03-Mar-10,ARV,Adult,SCMS from RDC,"Lamivudine/Zidovudine 150/300mg, tablets, 60 Tabs",Lamivudine/Zidovudine,Generic,150/300mg,Tablet - FDC,60,"19,056",166930.56,8.76,0.15,Mylan (formerly Matrix) Nashik,TRUE,1517,"$6,036.96 ",359.9
"85,043",114-UG-T30,FPQ-15294,SO-50052,DN-4309,Uganda,PMO - US,From RDC,N/A - From RDC,Truck,11-03-14,N/A - From RDC,31-Jul-15,23-Jul-15,23-Jul-15,ARV,Pediatric,SCMS from RDC,"Lamivudine/Zidovudine 30/60mg, dispersible tablets, 60 Tabs",Lamivudine/Zidovudine,Generic,30/60mg,Chewable/dispersible tablet - FDC,60,"5,126",9841.92,1.92,0.03,"Cipla, Goa, India",FALSE,See DN-4309 (ID#:82809),null,11.58
"86,275",111-MZ-T30,FPQ-4711,SO-35720,DN-1679,Mozambique,PMO - US,From RDC,N/A - From RDC,Truck,12/23/2009,N/A - From RDC,28-Apr-10,28-Apr-10,28-Apr-10,ARV,Adult,SCMS from RDC,"Lamivudine/Stavudine 150/30mg, tablets, 60 Tabs",Lamivudine/Stavudine,Generic,150/30mg,Tablet - FDC,60,"24,880",84592.00,3.4,0.06,"Strides, Bangalore, India.",TRUE,1401,"$4,764.16 ",182.38
"83,347",114-UG-T30,FPQ-15639,SO-50660,DN-4310,Uganda,PMO - US,From RDC,N/A - From RDC,Truck,12/22/2014,N/A - From RDC,31-Jul-15,23-Jul-15,23-Jul-15,ARV,Adult,SCMS from RDC,"Lamivudine/Nevirapine/Zidovudine 150/200/300mg, tablets, 60 Tabs",Lamivudine/Nevirapine/Zidovudine,Generic,150/300/200mg,Tablet - FDC,60,"88,392",716859.12,8.11,0.14,"Cipla, Goa, India",FALSE,See DN-4310 (ID#:82811),null,843.74
"86,277",151-NG-T30,FPQ-4537,SO-35031,DN-1683,Nigeria,PMO - US,From RDC,N/A - From RDC,Air Charter,11-06-09,N/A - From RDC,19-Apr-10,31-Mar-10,31-Mar-10,ARV,Adult,SCMS from RDC,"Lamivudine 150mg, tablets, 60 Tabs",Lamivudine,Generic,150mg,Tablet,60,64,156.16,2.44,0.04,"Aurobindo Unit III, India",TRUE,4,"$124,350.82 ",0.34
"86,278",114-UG-T30,FPQ-5014,SO-35860,DN-1697,Uganda,PMO - US,From RDC,N/A - From RDC,Air,1/29/2010,N/A - From RDC,01-Apr-10,25-Mar-10,25-Mar-10,ARV,Adult,SCMS from RDC,"Lamivudine/Tenofovir Disoproxil Fumarate 300/300mg, tablets, 30 Tabs",Lamivudine/Tenofovir Disoproxil Fumarate,Generic,300/300mg,Tablet - FDC,30,"2,000",20000.00,10,0.33,Mylan (formerly Matrix) Nashik,TRUE,168,"$1,905.63 ",43.12
"86,208",114-UG-T30,FPQ-15639,SO-50660,DN-4310,Uganda,PMO - US,From RDC,N/A - From RDC,Truck,12/22/2014,N/A - From RDC,31-Jul-15,23-Jul-15,23-Jul-15,ARV,Adult,SCMS from RDC,"Lamivudine/Nevirapine/Zidovudine 150/200/300mg, tablets, 60 Tabs",Lamivudine/Nevirapine/Zidovudine,Generic,150/300/200mg,Tablet - FDC,60,"30,881",250444.91,8.11,0.14,"Hetero, Jadcherla, unit 5, IN",FALSE,See DN-4310 (ID#:82811),null,294.77
"84,479",104-CI-T30,FPQ-15259,SO-50102,DN-4313,Côte d'Ivoire,PMO - US,From RDC,N/A - From RDC,Truck,10/24/2014,N/A - From RDC,31-Jul-15,06-Aug-15,07-Aug-15,ARV,Adult,SCMS from RDC,"Lamivudine/Zidovudine 150/300mg, tablets, 60 Tabs",Lamivudine/Zidovudine,Generic,150/300mg,Tablet - FDC,60,"18,928",123410.56,6.52,0.11,"Aurobindo Unit III, India",FALSE,See DN-4313 (ID#:83921),null,145.25
"86,819",104-CI-T30,FPQ-15259,SO-50102,DN-4313,Côte d'Ivoire,PMO - US,From RDC,N/A - From RDC,Truck,10/24/2014,N/A - From RDC,31-Jul-15,06-Aug-15,07-Aug-15,ARV,Adult,SCMS from RDC,"Lamivudine/Zidovudine 150/300mg, tablets, 60 Tabs",Lamivudine/Zidovudine,Generic,150/300mg,Tablet - FDC,60,"21,072",137389.44,6.52,0.11,Hetero Unit III Hyderabad IN,FALSE,See DN-4313 (ID#:83921),null,161.71
"83,348",104-CI-T30,FPQ-15259,SO-50111,DN-4314,Côte d'Ivoire,PMO - US,From RDC,N/A - From RDC,Truck,10/24/2014,N/A - From RDC,31-Jul-15,06-Aug-15,07-Aug-15,ARV,Adult,SCMS from RDC,"Lamivudine/Zidovudine 150/300mg, tablets, 60 Tabs",Lamivudine/Zidovudine,Generic,150/300mg,Tablet - FDC,60,"48,928",319010.56,6.52,0.11,Hetero Unit III Hyderabad IN,FALSE,See DN-4314 (ID#:82812),null,375.48
"85,047",114-UG-T30,FPQ-15294,SO-50055,DN-4325,Uganda,PMO - US,From RDC,N/A - From RDC,Truck,11-03-14,N/A - From RDC,14-Aug-15,08-Aug-15,10-Aug-15,ARV,Adult,SCMS from RDC,"Lopinavir/Ritonavir 200/50mg [Aluvia], tablets, 120 Tabs",Lopinavir/Ritonavir,Aluvia,200/50mg,Tablet,120,"8,452",157545.28,18.64,0.16,ABBVIE Ludwigshafen Germany,FALSE,See DN-4325 (ID#:82815),null,185.43
"85,602",107-RW-T30,FPQ-16284,SO-51540,DN-4327,Rwanda,PMO - US,From RDC,N/A - From RDC,Air,5/27/2015,N/A - From RDC,18-Aug-15,06-Aug-15,11-Aug-15,ARV,Adult,SCMS from RDC,"Lamivudine/Nevirapine/Zidovudine 150/200/300mg, tablets, 60 Tabs",Lamivudine/Nevirapine/Zidovudine,Generic,150/300/200mg,Tablet - FDC,60,"8,998",72973.78,8.11,0.14,"Hetero, Jadcherla, unit 5, IN",FALSE,See DN-4327 (ID#:83349),null,85.89
"11,484",104-CI-T01,Pre-PQ Process,SO-1101,DN-434,Côte d'Ivoire,PMO - US,From RDC,N/A - From RDC,Air,Pre-PQ Process,N/A - From RDC,22-Nov-07,22-Nov-07,22-Nov-07,ARV,Adult,SCMS from RDC,"Abacavir/Lamivudine/Zidovudine 300/150/300mg [Trizivir], tablets, 60 Tabs",Abacavir/Lamivudine/Zidovudine,Trizivir,300/150/300mg,Tablet - FDC,60,"1,873",83348.50,44.5,0.74,GSK Ware (UK),FALSE,See DN-434 (ID#:11483),null,133.36
"11,811",104-CI-T01,Pre-PQ Process,SO-1101,DN-434,Côte d'Ivoire,PMO - US,From RDC,N/A - From RDC,Air,Pre-PQ Process,N/A - From RDC,22-Nov-07,22-Nov-07,22-Nov-07,ARV,Adult,SCMS from RDC,"Zidovudine 300mg, tablets, 60 Tabs",Zidovudine,Generic,300mg,Tablet,60,"14,490",118093.50,8.15,0.14,"Aurobindo Unit III, India",FALSE,See DN-434 (ID#:11483),null,188.95
"11,812",104-CI-T01,Pre-PQ Process,SO-1101,DN-434,Côte d'Ivoire,PMO - US,From RDC,N/A - From RDC,Air,Pre-PQ Process,N/A - From RDC,22-Nov-07,22-Nov-07,22-Nov-07,ARV,Pediatric,SCMS from RDC,"Lamivudine 10mg/ml, oral solution, Bottle, 240 ml",Lamivudine,Generic,10mg/ml,Oral solution,240,"6,000",11820.00,1.97,0.01,"Aurobindo Unit III, India",FALSE,See DN-434 (ID#:11483),null,18.91
"86,288",114-UG-T30,FPQ-4275,SO-35690,DN-1754,Uganda,PMO - US,From RDC,N/A - From RDC,Truck,9/17/2009,N/A - From RDC,01-Apr-10,25-Mar-10,25-Mar-10,ARV,Adult,SCMS from RDC,"Lamivudine/Nevirapine/Zidovudine 150/200/300mg, tablets, 60 Tabs",Lamivudine/Nevirapine/Zidovudine,Generic,150/300/200mg,Tablet - FDC,60,"3,354",37631.88,11.22,0.19,"Aurobindo Unit III, India",TRUE,393,"$1,694 ",73.76
"86,289",104-CI-T30,FPQ-4378,SO-34373,DN-1764,Côte d'Ivoire,PMO - US,From RDC,N/A - From RDC,Air,10/15/2009,N/A - From RDC,06-Apr-10,01-Apr-10,01-Apr-10,ARV,Adult,SCMS from RDC,"Zidovudine 300mg, tablets, 60 Tabs",Zidovudine,Generic,300mg,Tablet,60,915,6889.95,7.53,0.13,"Aurobindo Unit III, India",TRUE,51,"$1,702.92 ",13.5
"86,290",109-TZ-T30,FPQ-5237,SO-36220,DN-1768,Tanzania,PMO - US,From RDC,N/A - From RDC,Air,03-01-10,N/A - From RDC,21-Jul-10,21-Apr-10,21-Apr-10,ARV,Adult,SCMS from RDC,"Nevirapine 200mg, tablets, 60 Tabs",Nevirapine,Generic,200mg,Tablet,60,"3,319",9060.87,2.73,0.05,"Aurobindo Unit III, India",TRUE,699,"$3,952.34 ",19.54
"11,813",104-CI-T01,Pre-PQ Process,SO-1101,DN-434,Côte d'Ivoire,PMO - US,From RDC,N/A - From RDC,Air,Pre-PQ Process,N/A - From RDC,22-Nov-07,22-Nov-07,22-Nov-07,ARV,Adult,SCMS from RDC,"Lamivudine 150mg, tablets, 60 Tabs",Lamivudine,Generic,150mg,Tablet,60,"20,797",63222.88,3.04,0.05,"Aurobindo Unit III, India",FALSE,See DN-434 (ID#:11483),null,101.16
"12,432",104-CI-T01,Pre-PQ Process,SO-1101,DN-434,Côte d'Ivoire,PMO - US,From RDC,N/A - From RDC,Air,Pre-PQ Process,N/A - From RDC,22-Nov-07,22-Nov-07,22-Nov-07,ARV,Pediatric,SCMS from RDC,"Didanosine 200mg, chewable/dispersible tablets, 60 Tabs",Didanosine,Generic,200mg,Chewable/dispersible tablet,60,"7,744",297059.84,38.36,0.64,"Aurobindo Unit III, India",FALSE,See DN-434 (ID#:11483),null,475.3
"86,294",151-NG-T30,FPQ-4537,SO-34913,DN-1780,Nigeria,PMO - US,From RDC,N/A - From RDC,Air Charter,11-06-09,N/A - From RDC,31-May-10,18-May-10,18-May-10,ARV,Adult,SCMS from RDC,"Efavirenz 600mg, tablets, 30 Tabs",Efavirenz,Generic,600mg,Tablet,30,"12,240",58140.00,4.75,0.16,"Aurobindo Unit III, India",TRUE,1082,"$9,736.10 ",125.35
"86,295",151-NG-T30,FPQ-4537,SO-34917,DN-1782,Nigeria,PMO - US,From RDC,N/A - From RDC,Air Charter,11-06-09,N/A - From RDC,31-May-10,18-May-10,18-May-10,ARV,Adult,SCMS from RDC,"Efavirenz 600mg, tablets, 30 Tabs",Efavirenz,Generic,600mg,Tablet,30,336,1596.00,4.75,0.16,"Aurobindo Unit III, India",TRUE,30,"$9,736.10 ",3.44
"12,433",104-CI-T01,Pre-PQ Process,SO-1101,DN-434,Côte d'Ivoire,PMO - US,From RDC,N/A - From RDC,Air,Pre-PQ Process,N/A - From RDC,22-Nov-07,22-Nov-07,22-Nov-07,ARV,Adult,SCMS from RDC,"Efavirenz 600mg, tablets, 30 Tabs",Efavirenz,Generic,600mg,Tablet,30,"34,020",422528.40,12.42,0.41,"Strides, Bangalore, India.",FALSE,See DN-434 (ID#:11483),null,676.05
"12,739",104-CI-T01,Pre-PQ Process,SO-1101,DN-434,Côte d'Ivoire,PMO - US,From RDC,N/A - From RDC,Air,Pre-PQ Process,N/A - From RDC,22-Nov-07,22-Nov-07,22-Nov-07,ARV,Pediatric,SCMS from RDC,"Abacavir 20mg/ml, oral solution, Bottle, 240 ml",Abacavir,Generic,20mg/ml,Oral solution,240,96,2400.00,25,0.1,"Aurobindo Unit III, India",FALSE,See DN-434 (ID#:11483),null,3.84
"86,298",151-NG-T30,FPQ-4537,SO-35021,DN-1802,Nigeria,PMO - US,From RDC,N/A - From RDC,Air Charter,11-06-09,N/A - From RDC,31-May-10,18-May-10,18-May-10,ARV,Adult,SCMS from RDC,"Efavirenz/Emtricitabine/Tenofovir Disoproxil Fumarate 600/200/300mg, tablets, 30 Tabs",Efavirenz/Emtricitabine/Tenofovir Disoproxil Fumarate,Generic,600/200/300mg,Tablet - FDC,30,"52,000",1035840.00,19.92,0.66,Mylan (formerly Matrix) Nashik,TRUE,5701,"$9,736.10 ","2,233.27"
"86,299",151-NG-T30,FPQ-4537,SO-35022,DN-1803,Nigeria,PMO - US,From RDC,N/A - From RDC,Air Charter,11-06-09,N/A - From RDC,31-May-10,18-May-10,18-May-10,ARV,Adult,SCMS from RDC,"Efavirenz/Emtricitabine/Tenofovir Disoproxil Fumarate 600/200/300mg, tablets, 30 Tabs",Efavirenz/Emtricitabine/Tenofovir Disoproxil Fumarate,Generic,600/200/300mg,Tablet - FDC,30,"11,040",219916.80,19.92,0.66,Mylan (formerly Matrix) Nashik,TRUE,1210,"$9,736.10 ",474.14
"86,300",151-NG-T30,FPQ-4537,SO-35023,DN-1806,Nigeria,PMO - US,From RDC,N/A - From RDC,Air Charter,11-06-09,N/A - From RDC,31-May-10,18-May-10,18-May-10,ARV,Adult,SCMS from RDC,"Efavirenz/Emtricitabine/Tenofovir Disoproxil Fumarate 600/200/300mg, tablets, 30 Tabs",Efavirenz/Emtricitabine/Tenofovir Disoproxil Fumarate,Generic,600/200/300mg,Tablet - FDC,30,"3,000",59760.00,19.92,0.66,Mylan (formerly Matrix) Nashik,TRUE,329,"$9,736.10 ",128.84
"86,301",151-NG-T30,FPQ-4537,SO-36009,DN-1808,Nigeria,PMO - US,From RDC,N/A - From RDC,Air Charter,11-06-09,N/A - From RDC,31-May-10,18-May-10,18-May-10,ARV,Adult,SCMS from RDC,"Emtricitabine/Tenofovir Disoproxil Fumarate 200/300mg, tablets, 30 Tabs",Emtricitabine/Tenofovir Disoproxil Fumarate,Generic,200/300mg,Tablet - FDC,30,"109,140",1282395.00,11.75,0.39,Mylan (formerly Matrix) Nashik,TRUE,8735,"$9,736.10 ","2,764.84"
"86,302",106-HT-T30,FPQ-4384,SO-36190,DN-1812,Haiti,PMO - US,From RDC,N/A - From RDC,Air,10/23/2009,N/A - From RDC,17-May-10,19-May-10,19-May-10,ARV,Adult,SCMS from RDC,"Nevirapine 200mg, tablets, 60 Tabs",Nevirapine,Generic,200mg,Tablet,60,"26,400",70224.00,2.66,0.04,"Strides, Bangalore, India.",TRUE,1456,"$25,493.03 ",151.4
"86,303",151-NG-T30,FPQ-4537,SO-36000,DN-1815,Nigeria,PMO - US,From RDC,N/A - From RDC,Air Charter,11-06-09,N/A - From RDC,31-May-10,18-May-10,18-May-10,ARV,Adult,SCMS from RDC,"Nevirapine 200mg, tablets, 60 Tabs",Nevirapine,Generic,200mg,Tablet,60,"10,000",26600.00,2.66,0.04,"Strides, Bangalore, India.",TRUE,549,"$9,736.10 ",57.35
"86,216",107-RW-T30,FPQ-16571,SO-51740,DN-4345,Rwanda,PMO - US,From RDC,N/A - From RDC,Air,07-07-15,N/A - From RDC,08-Sep-15,26-Aug-15,02-Sep-15,ARV,Pediatric,SCMS from RDC,"Efavirenz 200mg, scored tablets, 90 Tabs",Efavirenz,Generic,200mg,Tablet,90,"2,434",22636.20,9.3,0.1,"Strides, Bangalore, India.",FALSE,See DN-4345 (ID#:82820),null,26.64
"11,198",114-UG-T01,Pre-PQ Process,SO-1300,DN-435,Uganda,PMO - US,From RDC,N/A - From RDC,Air,Pre-PQ Process,N/A - From RDC,10-Dec-07,10-Dec-07,10-Dec-07,ARV,Adult,SCMS from RDC,"Lamivudine/Nevirapine/Zidovudine 150/200/300mg, tablets, 60 Tabs",Lamivudine/Nevirapine/Zidovudine,Generic,150/300/200mg,Tablet - FDC,60,"3,930",80565.00,20.5,0.34,"Aurobindo Unit III, India",FALSE,See DN-435 (ID#:10908),null,128.9
"12,435",114-UG-T01,Pre-PQ Process,SO-1300,DN-435,Uganda,PMO - US,From RDC,N/A - From RDC,Air,Pre-PQ Process,N/A - From RDC,10-Dec-07,10-Dec-07,10-Dec-07,ARV,Adult,SCMS from RDC,"Zidovudine 300mg, tablets, 60 Tabs",Zidovudine,Generic,300mg,Tablet,60,140,1141.00,8.15,0.14,"Aurobindo Unit III, India",FALSE,See DN-435 (ID#:10908),null,1.83
"86,307",104-CI-T30,FPQ-5619,SO-36821,DN-1850,Côte d'Ivoire,PMO - US,From RDC,N/A - From RDC,Air,05-02-10,N/A - From RDC,03-Jun-10,07-Jun-10,07-Jun-10,ARV,Adult,SCMS from RDC,"Tenofovir Disoproxil Fumarate 300mg, tablets, 30 Tabs",Tenofovir Disoproxil Fumarate,Generic,300mg,Tablet,30,488,3728.32,7.64,0.25,Mylan (formerly Matrix) Nashik,TRUE,28,"$2,677.09 ",8.04
"10,820",111-MZ-T01,Pre-PQ Process,SO-293,DN-44,Mozambique,PMO - US,From RDC,N/A - From RDC,Air,Pre-PQ Process,N/A - From RDC,17-Apr-07,17-Apr-07,17-Apr-07,ARV,Pediatric,SCMS from RDC,"Efavirenz 200mg [Stocrin/Sustiva], capsule, 90 Caps",Efavirenz,Stocrin/Sustiva,200mg,Capsule,90,151,4892.40,32.4,0.36,"MSD Manati, Puerto Rico, (USA)",FALSE,See DN-44 (ID#:10549),null,
"86,309",110-ZM-T30,FPQ-4356,SO-34130,DN-1865,Zambia,PMO - US,From RDC,N/A - From RDC,Truck,9/25/2009,N/A - From RDC,30-Jun-10,29-Jun-10,29-Jun-10,ARV,Adult,SCMS from RDC,"Lamivudine/Zidovudine 150/300mg, tablets, 60 Tabs",Lamivudine/Zidovudine,Generic,150/300mg,Tablet - FDC,60,"100,000",876000.00,8.76,0.15,Hetero Unit III Hyderabad IN,TRUE,8544,"$11,054.56 ","1,716.96"
"86,310",104-CI-T30,FPQ-5623,SO-36861,DN-1872,Côte d'Ivoire,PMO - US,From RDC,N/A - From RDC,Air,05-07-10,N/A - From RDC,05-Jul-10,30-Jun-10,30-Jun-10,ARV,Adult,SCMS from RDC,"Lamivudine/Stavudine 150/30mg, tablets, 60 Tabs",Lamivudine/Stavudine,Generic,150/30mg,Tablet - FDC,60,"8,021",26308.88,3.28,0.05,"Cipla, Goa, India",TRUE,611,"$17,117.51 ",56.72
"86,311",104-CI-T30,FPQ-4659,SO-35570,DN-1876,Côte d'Ivoire,PMO - US,From RDC,N/A - From RDC,Air,12-08-09,N/A - From RDC,09-Jul-10,05-Jul-10,05-Jul-10,ARV,Adult,SCMS from RDC,"Abacavir/Lamivudine 600/300mg, scored tablets, 30 Tabs",Abacavir/Lamivudine,Generic,600/300mg,Tablet - FDC,30,"1,200",27600.00,23,0.77,Mylan (formerly Matrix) Nashik,TRUE,108,"$5,121.68 ",59.51
"10,821",111-MZ-T01,Pre-PQ Process,SO-293,DN-44,Mozambique,PMO - US,From RDC,N/A - From RDC,Air,Pre-PQ Process,N/A - From RDC,17-Apr-07,17-Apr-07,17-Apr-07,ARV,Adult,SCMS from RDC,"Tenofovir Disoproxil Fumarate 300mg [Viread], tablets, 30 Tabs",Tenofovir Disoproxil Fumarate,Viread,300mg,Tablet,30,"2,997",50949.00,17,0.57,Gilead(Nycomed) Oranienburg DE,FALSE,See DN-44 (ID#:10549),null,
"11,109",111-MZ-T01,Pre-PQ Process,SO-293,DN-44,Mozambique,PMO - US,From RDC,N/A - From RDC,Air,Pre-PQ Process,N/A - From RDC,17-Apr-07,17-Apr-07,17-Apr-07,ARV,Pediatric,SCMS from RDC,"Abacavir 20mg/ml, oral solution, Bottle, 240 ml",Abacavir,Generic,20mg/ml,Oral solution,240,460,9683.00,21.05,0.09,"Aurobindo Unit III, India",FALSE,See DN-44 (ID#:10549),null,
"11,719",111-MZ-T01,Pre-PQ Process,SO-293,DN-44,Mozambique,PMO - US,From RDC,N/A - From RDC,Air,Pre-PQ Process,N/A - From RDC,17-Apr-07,17-Apr-07,17-Apr-07,ARV,Adult,SCMS from RDC,"Lamivudine/Nevirapine/Zidovudine 150/200/300mg, tablets, 60 Tabs",Lamivudine/Nevirapine/Zidovudine,Generic,150/300/200mg,Tablet - FDC,60,"30,000",525000.00,17.5,0.29,"Aurobindo Unit III, India",FALSE,See DN-44 (ID#:10549),null,
"12,341",111-MZ-T01,Pre-PQ Process,SO-293,DN-44,Mozambique,PMO - US,From RDC,N/A - From RDC,Air,Pre-PQ Process,N/A - From RDC,17-Apr-07,17-Apr-07,17-Apr-07,ARV,Adult,SCMS from RDC,"Efavirenz 600mg, tablets, 30 Tabs",Efavirenz,Generic,600mg,Tablet,30,"23,035",385836.25,16.75,0.56,"Aurobindo Unit III, India",FALSE,See DN-44 (ID#:10549),null,
"12,342",111-MZ-T01,Pre-PQ Process,SO-293,DN-44,Mozambique,PMO - US,From RDC,N/A - From RDC,Air,Pre-PQ Process,N/A - From RDC,17-Apr-07,17-Apr-07,17-Apr-07,ARV,Pediatric,SCMS from RDC,"Lamivudine 10mg/ml, oral solution, Bottle, 240 ml",Lamivudine,Generic,10mg/ml,Oral solution,240,540,1317.60,2.44,0.01,"Cipla, Goa, India",FALSE,See DN-44 (ID#:10549),null,
"11,201",104-CI-T01,Pre-PQ Process,SO-1145,DN-440,Côte d'Ivoire,PMO - US,From RDC,N/A - From RDC,Air,Pre-PQ Process,N/A - From RDC,29-Nov-07,29-Nov-07,29-Nov-07,ARV,Adult,SCMS from RDC,"Stavudine 30mg, capsules, 60 Caps",Stavudine,Generic,30mg,Capsule,60,"3,996",6993.00,1.75,0.03,"Aurobindo Unit III, India",FALSE,See DN-440 (ID#:11200),null,11.19
"86,318",151-NG-T30,FPQ-5023,SO-36434,DN-1885,Nigeria,PMO - US,From RDC,N/A - From RDC,Air,02-10-10,N/A - From RDC,31-Aug-10,17-Aug-10,17-Aug-10,ARV,Adult,SCMS from RDC,"Lamivudine/Nevirapine/Zidovudine 150/200/300mg, tablets, 60 Tabs",Lamivudine/Nevirapine/Zidovudine,Generic,150/300/200mg,Tablet - FDC,60,"5,000",56100.00,11.22,0.19,"Aurobindo Unit III, India",TRUE,608,"$6,147.18 ",120.95
"12,127",104-CI-T01,Pre-PQ Process,SO-1103,DN-442,Côte d'Ivoire,PMO - US,From RDC,N/A - From RDC,Air,Pre-PQ Process,N/A - From RDC,22-Nov-07,22-Nov-07,22-Nov-07,ARV,Adult,SCMS from RDC,"Abacavir 300mg, tablets, 60 Tabs",Abacavir,Generic,300mg,Tablet,60,"3,260",228200.00,70,1.17,"Aurobindo Unit III, India",FALSE,See DN-442 (ID#:11202),null,365.12
"86,320",151-NG-T30,FPQ-5023,SO-36438,DN-1957,Nigeria,PMO - US,From RDC,N/A - From RDC,Air Charter,02-10-10,N/A - From RDC,16-Aug-10,17-Aug-10,17-Aug-10,ARV,Adult,SCMS from RDC,"Lamivudine/Nevirapine/Zidovudine 150/200/300mg, tablets, 60 Tabs",Lamivudine/Nevirapine/Zidovudine,Generic,150/300/200mg,Tablet - FDC,60,"40,750",457215.00,11.22,0.19,"Aurobindo Unit III, India",TRUE,5366,"$6,147.18 ",985.76
"11,492",125-HT-T01,Pre-PQ Process,SO-1290,DN-444,Haiti,PMO - US,From RDC,N/A - From RDC,Air,Pre-PQ Process,N/A - From RDC,31-Dec-07,31-Dec-07,31-Dec-07,HRDT,HIV test,SCMS from RDC,"HIV 1/2, Determine HIV Kit, without Lancets, 100 Tests","HIV 1/2, Determine HIV Kit, without Lancets",Determine,,Test kit,100,25,1800.00,72,0.72,Inverness Japan,FALSE,See DN-444 (ID#:10639),null,2.88
"86,322",151-NG-T30,FPQ-5688,SO-36910,DN-1969,Nigeria,PMO - US,From RDC,N/A - From RDC,Air Charter,5/27/2010,N/A - From RDC,31-Aug-10,17-Aug-10,17-Aug-10,ARV,Adult,SCMS from RDC,"Emtricitabine/Tenofovir Disoproxil Fumarate 200/300mg, tablets, 30 Tabs",Emtricitabine/Tenofovir Disoproxil Fumarate,Generic,200/300mg,Tablet - FDC,30,"65,502",769648.50,11.75,0.39,Mylan (formerly Matrix) Nashik,TRUE,5896,"$6,147.18 ","1,659.36"
"86,323",151-NG-T30,FPQ-5688,SO-36912,DN-1970,Nigeria,PMO - US,From RDC,N/A - From RDC,Air Charter,5/27/2010,N/A - From RDC,31-Aug-10,17-Aug-10,17-Aug-10,ARV,Adult,SCMS from RDC,"Emtricitabine/Tenofovir Disoproxil Fumarate 200/300mg, tablets, 30 Tabs",Emtricitabine/Tenofovir Disoproxil Fumarate,Generic,200/300mg,Tablet - FDC,30,"10,000",117500.00,11.75,0.39,Mylan (formerly Matrix) Nashik,TRUE,900,"$6,147.18 ",253.33
"86,324",151-NG-T30,FPQ-5688,SO-36914,DN-1972,Nigeria,PMO - US,From RDC,N/A - From RDC,Air Charter,5/27/2010,N/A - From RDC,31-Aug-10,17-Aug-10,17-Aug-10,ARV,Adult,SCMS from RDC,"Emtricitabine/Tenofovir Disoproxil Fumarate 200/300mg, tablets, 30 Tabs",Emtricitabine/Tenofovir Disoproxil Fumarate,Generic,200/300mg,Tablet - FDC,30,"2,500",29375.00,11.75,0.39,Mylan (formerly Matrix) Nashik,TRUE,225,"$6,147.18 ",63.33
"86,325",151-NG-T30,FPQ-5688,SO-36935,DN-1979,Nigeria,PMO - US,From RDC,N/A - From RDC,Air Charter,5/27/2010,N/A - From RDC,31-Aug-10,17-Aug-10,17-Aug-10,ARV,Adult,SCMS from RDC,"Lamivudine/Nevirapine/Zidovudine 150/200/300mg, tablets, 60 Tabs",Lamivudine/Nevirapine/Zidovudine,Generic,150/300/200mg,Tablet - FDC,60,"1,700",19074.00,11.22,0.19,"Aurobindo Unit III, India",TRUE,224,"$6,147.18 ",41.12
"10,641",106-HT-T01,Pre-PQ Process,SO-1288,DN-445,Haiti,PMO - US,From RDC,N/A - From RDC,Air,Pre-PQ Process,N/A - From RDC,22-Jan-08,22-Jan-08,22-Jan-08,ARV,Adult,SCMS from RDC,"Lamivudine 150mg, tablets, 60 Tabs",Lamivudine,Generic,150mg,Tablet,60,"5,000",15200.00,3.04,0.05,"Aurobindo Unit III, India",FALSE,See DN-445 (ID#:10640),null,24.32
"11,203",106-HT-T01,Pre-PQ Process,SO-1288,DN-445,Haiti,PMO - US,From RDC,N/A - From RDC,Air,Pre-PQ Process,N/A - From RDC,22-Jan-08,22-Jan-08,22-Jan-08,ARV,Pediatric,SCMS from RDC,"Efavirenz 50mg, capsule, 30 Caps",Efavirenz,Generic,50mg,Capsule,30,100,224.00,2.24,0.07,"Aurobindo Unit III, India",FALSE,See DN-445 (ID#:10640),null,0.36
"12,129",106-HT-T01,Pre-PQ Process,SO-1288,DN-445,Haiti,PMO - US,From RDC,N/A - From RDC,Air,Pre-PQ Process,N/A - From RDC,22-Jan-08,22-Jan-08,22-Jan-08,ARV,Adult,SCMS from RDC,"Lamivudine/Zidovudine 150/300mg, tablets, 60 Tabs",Lamivudine/Zidovudine,Generic,150/300mg,Tablet - FDC,60,"32,160",305520.00,9.5,0.16,"Aurobindo Unit III, India",FALSE,See DN-445 (ID#:10640),null,488.83
"12,155",106-HT-T01,Pre-PQ Process,SO-1288,DN-445,Haiti,PMO - US,From RDC,N/A - From RDC,Air,Pre-PQ Process,N/A - From RDC,22-Jan-08,22-Jan-08,22-Jan-08,ARV,Adult,SCMS from RDC,"Lamivudine 150mg, tablets, 60 Tabs",Lamivudine,Generic,150mg,Tablet,60,"5,000",15200.00,3.04,0.05,"Ranbaxy, Paonta Shahib, India",FALSE,See DN-445 (ID#:10640),null,24.32
"12,464",106-HT-T01,Pre-PQ Process,SO-1288,DN-445,Haiti,PMO - US,From RDC,N/A - From RDC,Air,Pre-PQ Process,N/A - From RDC,22-Jan-08,22-Jan-08,22-Jan-08,ARV,Adult,SCMS from RDC,"Stavudine 20mg, capsules, 60 Caps",Stavudine,Generic,20mg,Capsule,60,100,175.00,1.75,0.03,"Aurobindo Unit III, India",FALSE,See DN-445 (ID#:10640),null,0.28
"86,331",117-ET-T30,FPQ-5967,SO-37101,DN-1999,Ethiopia,PMO - US,From RDC,N/A - From RDC,Air,6/28/2010,N/A - From RDC,21-Sep-10,24-Aug-10,24-Aug-10,ARV,Adult,SCMS from RDC,"Lamivudine/Nevirapine/Stavudine 150/200/30mg, tablets, 60 Tabs",Lamivudine/Nevirapine/Stavudine,Generic,150/200/30mg,Tablet - FDC,60,"9,200",52716.00,5.73,0.1,"Strides, Bangalore, India.",TRUE,668,"$2,633.57 ",113.66
"12,748",104-CI-T01,Pre-PQ Process,SO-604,DN-446,Côte d'Ivoire,PMO - US,From RDC,N/A - From RDC,Air,Pre-PQ Process,N/A - From RDC,30-Nov-07,30-Nov-07,30-Nov-07,ARV,Adult,SCMS from RDC,"Abacavir/Lamivudine/Zidovudine 300/150/300mg [Trizivir], tablets, 60 Tabs",Abacavir/Lamivudine/Zidovudine,Trizivir,300/150/300mg,Tablet - FDC,60,488,34160.00,70,1.17,GSK Ware (UK),FALSE,See DN-446 (ID#:11204),null,54.66
"86,333",104-CI-T30,FPQ-5201,SO-36320,DN-2005,Côte d'Ivoire,PMO - US,From RDC,N/A - From RDC,Air,03-03-10,N/A - From RDC,10-Sep-10,06-Sep-10,06-Sep-10,ARV,Pediatric,SCMS from RDC,"Didanosine 200mg, chewable/dispersible tablets, 60 Tabs",Didanosine,Generic,200mg,Chewable/dispersible tablet,60,"3,968",61504.00,15.5,0.26,"Aurobindo Unit III, India",TRUE,842,"$8,815.65 ",132.6
"11,493",104-CI-T01,Pre-PQ Process,SO-1298,DN-451,Côte d'Ivoire,PMO - US,From RDC,N/A - From RDC,Air,Pre-PQ Process,N/A - From RDC,17-Jan-08,17-Jan-08,17-Jan-08,ARV,Adult,SCMS from RDC,"Lopinavir/Ritonavir 200/50mg [Aluvia], tablets, 120 Tabs",Lopinavir/Ritonavir,Aluvia,200/50mg,Tablet,120,4,164.40,41.1,0.34,ABBVIE (Abbott) Logis. UK,FALSE,See DN-451 (ID#:11205),null,0.26
"12,126",106-HT-T01,Pre-PQ Process,SO-1286,DN-458,Haiti,PMO - US,From RDC,N/A - From RDC,Air,Pre-PQ Process,N/A - From RDC,05-Dec-07,05-Dec-07,05-Dec-07,ARV,Adult,SCMS from RDC,"Stavudine 30mg, capsules, 60 Caps",Stavudine,Generic,30mg,Capsule,60,"3,000",4560.00,1.52,0.03,"Aurobindo Unit III, India",FALSE,See DN-458 (ID#:11814),null,7.3
"12,741",106-HT-T01,Pre-PQ Process,SO-1286,DN-458,Haiti,PMO - US,From RDC,N/A - From RDC,Air,Pre-PQ Process,N/A - From RDC,05-Dec-07,05-Dec-07,05-Dec-07,ARV,Pediatric,SCMS from RDC,"Efavirenz 200mg, capsule, 90 Caps",Efavirenz,Generic,200mg,Capsule,90,500,8000.00,16,0.18,"Aurobindo Unit III, India",FALSE,See DN-458 (ID#:11814),null,12.8
"12,742",106-HT-T01,Pre-PQ Process,SO-1286,DN-458,Haiti,PMO - US,From RDC,N/A - From RDC,Air,Pre-PQ Process,N/A - From RDC,05-Dec-07,05-Dec-07,05-Dec-07,ARV,Pediatric,SCMS from RDC,"Zidovudine 100mg, capsules, 100 Caps",Zidovudine,Generic,100mg,Capsule,100,480,2635.20,5.49,0.05,"Aurobindo Unit III, India",FALSE,See DN-458 (ID#:11814),null,4.22
"12,037",100-CI-T01,Pre-PQ Process,SO-284,DN-46,Côte d'Ivoire,PMO - US,From RDC,N/A - From RDC,,Pre-PQ Process,N/A - From RDC,04-May-07,04-May-07,04-May-07,ARV,Adult,SCMS from RDC,"Efavirenz 600mg, tablets, 30 Tabs",Efavirenz,Generic,600mg,Tablet,30,"6,519",105933.75,16.25,0.54,"Aurobindo Unit III, India",FALSE,See DN-46 (ID#:10550),null,
"11,208",112-NG-T01,Pre-PQ Process,SO-567,DN-475,Nigeria,PMO - US,From RDC,N/A - From RDC,Air,Pre-PQ Process,N/A - From RDC,03-Dec-07,03-Dec-07,03-Dec-07,ARV,Adult,SCMS from RDC,"Lamivudine/Zidovudine 150/300mg, tablets, 60 Tabs",Lamivudine/Zidovudine,Generic,150/300mg,Tablet - FDC,60,215,2296.20,10.68,0.18,"Aurobindo Unit III, India",FALSE,See DN-475 (ID#:10642),null,3.67
"11,209",112-NG-T01,Pre-PQ Process,SO-567,DN-475,Nigeria,PMO - US,From RDC,N/A - From RDC,Air,Pre-PQ Process,N/A - From RDC,03-Dec-07,03-Dec-07,03-Dec-07,ARV,Pediatric,SCMS from RDC,"Nevirapine 10mg/ml, oral suspension, Bottle, 240 ml",Nevirapine,Generic,10mg/ml,Oral suspension,240,965,5983.00,6.2,0.03,"Aurobindo Unit III, India",FALSE,See DN-475 (ID#:10642),null,9.57
"11,494",112-NG-T01,Pre-PQ Process,SO-567,DN-475,Nigeria,PMO - US,From RDC,N/A - From RDC,Air,Pre-PQ Process,N/A - From RDC,03-Dec-07,03-Dec-07,03-Dec-07,ARV,Adult,SCMS from RDC,"Nevirapine 200mg, tablets, 60 Tabs",Nevirapine,Generic,200mg,Tablet,60,628,2241.96,3.57,0.06,"Aurobindo Unit III, India",FALSE,See DN-475 (ID#:10642),null,3.59
"11,495",112-NG-T01,Pre-PQ Process,SO-567,DN-475,Nigeria,PMO - US,From RDC,N/A - From RDC,Air,Pre-PQ Process,N/A - From RDC,03-Dec-07,03-Dec-07,03-Dec-07,ARV,Pediatric,SCMS from RDC,"Zidovudine 10mg/ml, oral solution, Bottle, 240 ml",Zidovudine,Generic,10mg/ml,Oral solution,240,"1,752",6920.40,3.95,0.02,"Aurobindo Unit III, India",FALSE,See DN-475 (ID#:10642),null,11.07
"86,343",110-ZM-T30,FPQ-5702,SO-36840,DN-2030,Zambia,PMO - US,From RDC,N/A - From RDC,Truck,5/20/2010,N/A - From RDC,04-Nov-10,22-Oct-10,22-Oct-10,ARV,Adult,SCMS from RDC,"Lamivudine/Stavudine 150/30mg, tablets, 60 Tabs",Lamivudine/Stavudine,Generic,150/30mg,Tablet - FDC,60,"40,900",134152.00,3.28,0.05,"Cipla, Goa, India",TRUE,3127,"$8,109.92 ",289.23
"12,130",112-NG-T01,Pre-PQ Process,SO-567,DN-475,Nigeria,PMO - US,From RDC,N/A - From RDC,Air,Pre-PQ Process,N/A - From RDC,03-Dec-07,03-Dec-07,03-Dec-07,ARV,Adult,SCMS from RDC,"Lamivudine/Nevirapine/Stavudine 150/200/40mg, tablets, 60 Tabs",Lamivudine/Nevirapine/Stavudine,Generic,150/200/40mg,Tablet - FDC,60,"1,190",9163.00,7.7,0.13,"Cipla, Goa, India",FALSE,See DN-475 (ID#:10642),null,14.66
"12,131",112-NG-T01,Pre-PQ Process,SO-567,DN-475,Nigeria,PMO - US,From RDC,N/A - From RDC,Air,Pre-PQ Process,N/A - From RDC,03-Dec-07,03-Dec-07,03-Dec-07,ARV,Pediatric,SCMS from RDC,"Lamivudine 10mg/ml, oral solution, Bottle, 240 ml",Lamivudine,Generic,10mg/ml,Oral solution,240,"1,283",3322.97,2.59,0.01,"Cipla, Goa, India",FALSE,See DN-475 (ID#:10642),null,5.32
"12,751",112-NG-T01,Pre-PQ Process,SO-567,DN-475,Nigeria,PMO - US,From RDC,N/A - From RDC,Air,Pre-PQ Process,N/A - From RDC,03-Dec-07,03-Dec-07,03-Dec-07,ARV,Adult,SCMS from RDC,"Lamivudine 150mg, tablets, 60 Tabs",Lamivudine,Generic,150mg,Tablet,60,645,2134.95,3.31,0.06,"Aurobindo Unit III, India",FALSE,See DN-475 (ID#:10642),null,3.42
"12,752",112-NG-T01,Pre-PQ Process,SO-567,DN-475,Nigeria,PMO - US,From RDC,N/A - From RDC,Air,Pre-PQ Process,N/A - From RDC,03-Dec-07,03-Dec-07,03-Dec-07,ARV,Adult,SCMS from RDC,"Lamivudine/Nevirapine/Stavudine 150/200/30mg, tablets, 60 Tabs",Lamivudine/Nevirapine/Stavudine,Generic,150/200/30mg,Tablet - FDC,60,"1,542",11565.00,7.5,0.12,"Cipla, Goa, India",FALSE,See DN-475 (ID#:10642),null,18.5
"86,348",151-NG-T30,FPQ-5023,SO-36463,DN-2045,Nigeria,PMO - US,From RDC,N/A - From RDC,Air Charter,02-10-10,N/A - From RDC,16-Nov-10,10-Nov-10,10-Nov-10,ARV,Adult,SCMS from RDC,"Nevirapine 200mg, tablets, 60 Tabs",Nevirapine,Generic,200mg,Tablet,60,"34,650",89397.00,2.58,0.04,"Aurobindo Unit III, India",TRUE,3934,"$20,264.93 ",192.74
"12,139",104-CI-T01,Pre-PQ Process,SO-1408,DN-478,Côte d'Ivoire,PMO - US,From RDC,N/A - From RDC,Air,Pre-PQ Process,N/A - From RDC,10-Dec-07,10-Dec-07,10-Dec-07,ARV,Adult,SCMS from RDC,"Indinavir 400mg [Crixivan], capsules, 180 Caps",Indinavir,Crixivan,400mg,Capsule,180,"2,450",122500.00,50,0.28,"MSD, Haarlem, NL",FALSE,See DN-478 (ID#:10645),null,196
"86,350",111-MZ-T30,FPQ-5126,SO-37520,DN-2052,Mozambique,PMO - US,From RDC,N/A - From RDC,Truck,2/18/2010,N/A - From RDC,14-Dec-10,07-Jan-11,07-Jan-11,ARV,Adult,SCMS from RDC,"Lamivudine/Nevirapine/Zidovudine 150/200/300mg, tablets, 60 Tabs",Lamivudine/Nevirapine/Zidovudine,Generic,150/300/200mg,Tablet - FDC,60,"120,099",1347510.78,11.22,0.19,"Aurobindo Unit III, India",TRUE,16015,"$12,239.88 ","2,905.23"
"10,934",100-ZW-T01,Pre-PQ Process,SO-708,DN-479,Zimbabwe,PMO - US,From RDC,N/A - From RDC,Air,Pre-PQ Process,N/A - From RDC,05-Feb-08,05-Feb-08,05-Feb-08,ARV,Adult,SCMS from RDC,"Lamivudine/Stavudine 150/30mg, tablets, 30 Tabs",Lamivudine/Stavudine,Generic,150/30mg,Tablet - FDC,30,"1,600",3200.00,2,0.07,"Cipla, Goa, India",FALSE,See DN-479 (ID#:10647),null,5.12
"11,521",100-ZW-T01,Pre-PQ Process,SO-708,DN-479,Zimbabwe,PMO - US,From RDC,N/A - From RDC,Air,Pre-PQ Process,N/A - From RDC,05-Feb-08,05-Feb-08,05-Feb-08,ARV,Adult,SCMS from RDC,"Lamivudine/Nevirapine/Stavudine 150/200/30mg, tablets, 60 Tabs",Lamivudine/Nevirapine/Stavudine,Generic,150/200/30mg,Tablet - FDC,60,"37,240",275576.00,7.4,0.12,"Cipla, Goa, India",FALSE,See DN-479 (ID#:10647),null,440.92
"11,541",114-UG-T01,Pre-PQ Process,SO-1301,DN-480,Uganda,PMO - US,From RDC,N/A - From RDC,Air,Pre-PQ Process,N/A - From RDC,19-Mar-08,19-Mar-08,19-Mar-08,ARV,Adult,SCMS from RDC,"Lamivudine/Stavudine 150/30mg, tablets, 30 Tabs",Lamivudine/Stavudine,Generic,150/30mg,Tablet - FDC,30,300,600.00,2,0.07,"Cipla, Goa, India",FALSE,See DN-480 (ID#:10693),null,0.96
"86,354",104-CI-T30,FPQ-5925,SO-37650,DN-2061,Côte d'Ivoire,PMO - US,From RDC,N/A - From RDC,Truck,6/23/2010,N/A - From RDC,30-Nov-10,22-Dec-10,22-Dec-10,ARV,Adult,SCMS from RDC,"Nevirapine 200mg, tablets, 60 Tabs",Nevirapine,Generic,200mg,Tablet,60,"100,425",267130.50,2.66,0.04,"Strides, Bangalore, India.",TRUE,6880,"$7,826.75 ",575.93
"11,518",110-ZM-T01,Pre-PQ Process,SO-783,DN-481,Zambia,PMO - US,From RDC,N/A - From RDC,,Pre-PQ Process,N/A - From RDC,15-Jan-08,15-Jan-08,15-Jan-08,HRDT,HIV test - Ancillary,SCMS from RDC,"HIV, Lancet, Safety, for HIV Test kits, 100 Pcs","HIV, Lancet, Safety, for HIV Test kits, 100 Pcs",Generic,,Test kit - Ancillary,100,"2,100",21.00,0.01,0,Inverness Japan,FALSE,See DN-481 (ID#:10656),null,0.03
"11,818",110-ZM-T01,Pre-PQ Process,SO-755,DN-482,Zambia,PMO - US,From RDC,N/A - From RDC,,Pre-PQ Process,N/A - From RDC,22-Feb-08,22-Feb-08,22-Feb-08,ARV,Adult,SCMS from RDC,"Lamivudine/Zidovudine 150/300mg, tablets, 60 Tabs",Lamivudine/Zidovudine,Generic,150/300mg,Tablet - FDC,60,"92,144",875368.00,9.5,0.16,"Aurobindo Unit III, India",FALSE,See DN-482 (ID#:11496),null,"1,400.59"
"86,357",114-UG-T30,FPQ-6438,SO-37670,DN-2068,Uganda,PMO - US,From RDC,N/A - From RDC,Truck,9/29/2010,N/A - From RDC,15-Dec-10,01-Dec-10,01-Dec-10,ARV,Adult,SCMS from RDC,"Lamivudine/Zidovudine 150/300mg, tablets, 60 Tabs",Lamivudine/Zidovudine,Generic,150/300mg,Tablet - FDC,60,"3,570",30523.50,8.55,0.14,Hetero Unit III Hyderabad IN,TRUE,294,"$2,894 ",65.81
"10,924",100-ZW-T01,Pre-PQ Process,SO-710,DN-488,Zimbabwe,PMO - US,From RDC,N/A - From RDC,Air,Pre-PQ Process,N/A - From RDC,14-Jan-08,14-Jan-08,14-Jan-08,ARV,Adult,SCMS from RDC,"Efavirenz 600mg, tablets, 30 Tabs",Efavirenz,Generic,600mg,Tablet,30,627,7787.34,12.42,0.41,"Cipla, Goa, India",FALSE,See DN-488 (ID#:10652),null,12.46
"86,359",110-ZM-T30,FPQ-6221,SO-37331,DN-2087,Zambia,PMO - US,From RDC,N/A - From RDC,Truck,8/20/2010,N/A - From RDC,31-Jan-11,24-Jan-11,24-Jan-11,ARV,Adult,SCMS from RDC,"Nevirapine 200mg, tablets, 60 Tabs",Nevirapine,Generic,200mg,Tablet,60,"100,000",266000.00,2.66,0.04,Hetero Unit III Hyderabad IN,TRUE,6206,"$13,411.32 ",573.5
"11,832",100-ZW-T01,Pre-PQ Process,SO-710,DN-488,Zimbabwe,PMO - US,From RDC,N/A - From RDC,Air,Pre-PQ Process,N/A - From RDC,14-Jan-08,14-Jan-08,14-Jan-08,ARV,Adult,SCMS from RDC,"Lamivudine/Nevirapine/Stavudine 150/200/30mg, tablets, 60 Tabs",Lamivudine/Nevirapine/Stavudine,Generic,150/200/30mg,Tablet - FDC,60,"34,732",257016.80,7.4,0.12,"Cipla, Goa, India",FALSE,See DN-488 (ID#:10652),null,411.23
"12,146",100-ZW-T01,Pre-PQ Process,SO-710,DN-488,Zimbabwe,PMO - US,From RDC,N/A - From RDC,Air,Pre-PQ Process,N/A - From RDC,14-Jan-08,14-Jan-08,14-Jan-08,ARV,Adult,SCMS from RDC,"Efavirenz 600mg, tablets, 30 Tabs",Efavirenz,Generic,600mg,Tablet,30,"1,860",23101.20,12.42,0.41,"Cipla, Goa, India",FALSE,See DN-488 (ID#:10652),null,36.96
"12,147",100-ZW-T01,Pre-PQ Process,SO-710,DN-488,Zimbabwe,PMO - US,From RDC,N/A - From RDC,Air,Pre-PQ Process,N/A - From RDC,14-Jan-08,14-Jan-08,14-Jan-08,ARV,Adult,SCMS from RDC,"Efavirenz 600mg, tablets, 30 Tabs",Efavirenz,Generic,600mg,Tablet,30,"1,860",23101.20,12.42,0.41,"Cipla, Goa, India",FALSE,See DN-488 (ID#:10652),null,36.96
"12,762",100-ZW-T01,Pre-PQ Process,SO-710,DN-488,Zimbabwe,PMO - US,From RDC,N/A - From RDC,Air,Pre-PQ Process,N/A - From RDC,14-Jan-08,14-Jan-08,14-Jan-08,ARV,Adult,SCMS from RDC,"Lamivudine/Stavudine 150/30mg, tablets, 30 Tabs",Lamivudine/Stavudine,Generic,150/30mg,Tablet - FDC,30,"1,600",3200.00,2,0.07,"Cipla, Goa, India",FALSE,See DN-488 (ID#:10652),null,5.12
"86,364",151-NG-T30,FPQ-6800,SO-38340,DN-2093,Nigeria,PMO - US,From RDC,N/A - From RDC,Air Charter,12-07-10,N/A - From RDC,21-Feb-11,16-Feb-11,16-Feb-11,ARV,Adult,SCMS from RDC,"Lamivudine/Nevirapine/Zidovudine 150/200/300mg, tablets, 60 Tabs",Lamivudine/Nevirapine/Zidovudine,Generic,150/300/200mg,Tablet - FDC,60,"77,333",867676.26,11.22,0.19,"Aurobindo Unit III, India",TRUE,11276,"$43,548 ","1,431.67"
"11,833",114-UG-T01,Pre-PQ Process,SO-1302,DN-489,Uganda,PMO - US,From RDC,N/A - From RDC,Air,Pre-PQ Process,N/A - From RDC,15-Jan-08,15-Jan-08,15-Jan-08,ARV,Adult,SCMS from RDC,"Lopinavir/Ritonavir 200/50mg [Aluvia], tablets, 120 Tabs",Lopinavir/Ritonavir,Aluvia,200/50mg,Tablet,120,180,7398.00,41.1,0.34,ABBVIE Ludwigshafen Germany,FALSE,See DN-489 (ID#:11516),null,11.84
"86,366",110-ZM-T30,FPQ-6222,SO-38590,DN-2115,Zambia,PMO - US,From RDC,N/A - From RDC,Air,8/20/2010,N/A - From RDC,28-Feb-11,16-Mar-11,16-Mar-11,ARV,Adult,SCMS from RDC,"Abacavir 300mg, tablets, 60 Tabs",Abacavir,Generic,300mg,Tablet,60,"16,200",251100.00,15.5,0.26,Mylan (formerly Matrix) Nashik,TRUE,1583,"$8,098.12 ",541.37
"86,367",104-CI-T30,FPQ-5925,SO-38090,DN-2105,Côte d'Ivoire,PMO - US,From RDC,N/A - From RDC,Air,6/23/2010,N/A - From RDC,16-Feb-11,22-Feb-11,22-Feb-11,ARV,Pediatric,SCMS from RDC,"Nevirapine 10mg/ml, oral suspension w/syringe, Bottle, 240 ml",Nevirapine,Generic,10mg/ml,Oral suspension,240,"2,084",4063.80,1.95,0.01,"Aurobindo Unit III, India",TRUE,794,"$8,758.36 ",8.76
"12,148",114-UG-T01,Pre-PQ Process,SO-1302,DN-489,Uganda,PMO - US,From RDC,N/A - From RDC,Air,Pre-PQ Process,N/A - From RDC,15-Jan-08,15-Jan-08,15-Jan-08,ARV,Adult,SCMS from RDC,"Lamivudine/Zidovudine 150/300mg, tablets, 60 Tabs",Lamivudine/Zidovudine,Generic,150/300mg,Tablet - FDC,60,16,152.00,9.5,0.16,"Cipla, Goa, India",FALSE,See DN-489 (ID#:11516),null,0.24
"12,136",117-ET-T01,Pre-PQ Process,SO-1009,DN-495,Ethiopia,PMO - US,From RDC,N/A - From RDC,,Pre-PQ Process,N/A - From RDC,20-Dec-07,20-Dec-07,20-Dec-07,ARV,Adult,SCMS from RDC,"Lamivudine 150mg, tablets, 60 Tabs",Lamivudine,Generic,150mg,Tablet,60,"14,040",42681.60,3.04,0.05,"Aurobindo Unit III, India",FALSE,See DN-495 (ID#:11824),null,68.29
"11,821",107-RW-T01,Pre-PQ Process,SO-1448,DN-500,Rwanda,PMO - US,From RDC,N/A - From RDC,Air,Pre-PQ Process,N/A - From RDC,05-Dec-07,05-Dec-07,05-Dec-07,HRDT,HIV test - Ancillary,SCMS from RDC,"HIV, Lancet, Safety, for HIV Test kits, 100 Pcs","HIV, Lancet, Safety, for HIV Test kits, 100 Pcs",Generic,,Test kit - Ancillary,100,405,4.05,0.01,0,Inverness Japan,FALSE,See DN-500 (ID#:11213),null,0.01
"11,222",112-NG-T01,Pre-PQ Process,SO-1570,DN-535,Nigeria,PMO - US,From RDC,N/A - From RDC,Air,Pre-PQ Process,N/A - From RDC,09-Jan-08,09-Jan-08,09-Jan-08,ARV,Adult,SCMS from RDC,"Lamivudine/Nevirapine/Stavudine 150/200/30mg, tablets, 60 Tabs",Lamivudine/Nevirapine/Stavudine,Generic,150/200/30mg,Tablet - FDC,60,"2,925",21645.00,7.4,0.12,"Cipla, Goa, India",FALSE,See DN-535 (ID#:10658),null,34.63
"86,373",114-UG-T30,FPQ-6614,SO-37970,DN-2145,Uganda,PMO - US,From RDC,N/A - From RDC,Air,10/31/2010,N/A - From RDC,05-Apr-11,01-Apr-11,01-Apr-11,ARV,Adult,SCMS from RDC,"Nevirapine 200mg, tablets, 60 Tabs",Nevirapine,Generic,200mg,Tablet,60,972,2507.76,2.58,0.04,"Strides, Bangalore, India.",TRUE,58,"$5,596.50 ",4.14
"86,391",110-ZM-T30,FPQ-6482,SO-37800,DN-2238,Zambia,PMO - US,From RDC,N/A - From RDC,Truck,10/15/2010,N/A - From RDC,30-Apr-11,20-Jun-11,20-Jun-11,ARV,Adult,SCMS from RDC,"Nevirapine 200mg, tablets, 60 Tabs",Nevirapine,Generic,200mg,Tablet,60,"31,043",77917.93,2.51,0.04,Hetero Unit III Hyderabad IN,TRUE,1785,"$7,962.25 ",167.99
"11,507",112-NG-T01,Pre-PQ Process,SO-1570,DN-535,Nigeria,PMO - US,From RDC,N/A - From RDC,Air,Pre-PQ Process,N/A - From RDC,09-Jan-08,09-Jan-08,09-Jan-08,ARV,Adult,SCMS from RDC,"Lamivudine 150mg, tablets, 60 Tabs",Lamivudine,Generic,150mg,Tablet,60,451,1371.04,3.04,0.05,"Aurobindo Unit III, India",FALSE,See DN-535 (ID#:10658),null,2.19
"11,827",112-NG-T01,Pre-PQ Process,SO-1570,DN-535,Nigeria,PMO - US,From RDC,N/A - From RDC,Air,Pre-PQ Process,N/A - From RDC,09-Jan-08,09-Jan-08,09-Jan-08,ARV,Adult,SCMS from RDC,"Nevirapine 200mg, tablets, 60 Tabs",Nevirapine,Generic,200mg,Tablet,60,125,425.00,3.4,0.06,"Aurobindo Unit III, India",FALSE,See DN-535 (ID#:10658),null,0.68
"86,376",151-NG-T30,FPQ-6800,SO-39180,DN-2168,Nigeria,PMO - US,From RDC,N/A - From RDC,Air Charter,12-07-10,N/A - From RDC,21-Jun-11,11-May-11,11-May-11,ARV,Adult,SCMS from RDC,"Efavirenz/Emtricitabine/Tenofovir Disoproxil Fumarate 600/200/300mg, tablets, 30 Tabs",Efavirenz/Emtricitabine/Tenofovir Disoproxil Fumarate,Generic,600/200/300mg,Tablet - FDC,30,"30,000",597600.00,19.92,0.66,Mylan (formerly Matrix) Nashik,TRUE,3272,"$12,601.07 ",986.04
"86,377",151-NG-T30,FPQ-6800,SO-39190,DN-2169,Nigeria,PMO - US,From RDC,N/A - From RDC,Air Charter,12-07-10,N/A - From RDC,21-Jun-11,10-May-11,10-May-11,ARV,Adult,SCMS from RDC,"Lamivudine 150mg, tablets, 60 Tabs",Lamivudine,Generic,150mg,Tablet,60,"21,200",49396.00,2.33,0.04,"Aurobindo Unit III, India",TRUE,1012,"$12,601.07 ",81.5
"11,837",112-NG-T01,Pre-PQ Process,SO-1570,DN-535,Nigeria,PMO - US,From RDC,N/A - From RDC,Air,Pre-PQ Process,N/A - From RDC,09-Jan-08,09-Jan-08,09-Jan-08,ARV,Adult,SCMS from RDC,"Efavirenz 600mg, tablets, 30 Tabs",Efavirenz,Generic,600mg,Tablet,30,818,10159.56,12.42,0.41,"Aurobindo Unit III, India",FALSE,See DN-535 (ID#:10658),null,16.26
"86,379",111-MZ-T30,FPQ-7053,SO-39300,DN-2185,Mozambique,PMO - US,From RDC,N/A - From RDC,Truck,1/24/2011,N/A - From RDC,31-May-11,25-May-11,25-May-11,ARV,Adult,SCMS from RDC,"Efavirenz 600mg, tablets, 30 Tabs",Efavirenz,Generic,600mg,Tablet,30,"23,450",101304.00,4.32,0.14,"Aurobindo Unit III, India",TRUE,2068,"$3,936.86 ",167.15
"12,756",112-NG-T01,Pre-PQ Process,SO-1570,DN-535,Nigeria,PMO - US,From RDC,N/A - From RDC,Air,Pre-PQ Process,N/A - From RDC,09-Jan-08,09-Jan-08,09-Jan-08,ARV,Adult,SCMS from RDC,"Zidovudine 300mg, tablets, 60 Tabs",Zidovudine,Generic,300mg,Tablet,60,125,1018.75,8.15,0.14,"Aurobindo Unit III, India",FALSE,See DN-535 (ID#:10658),null,1.63
"12,128",104-CI-T01,Pre-PQ Process,SO-1482,DN-545,Côte d'Ivoire,PMO - US,From RDC,N/A - From RDC,Air,Pre-PQ Process,N/A - From RDC,25-Jan-08,25-Jan-08,25-Jan-08,HRDT,HIV test - Ancillary,SCMS from RDC,"HIV, Lancet, Safety, for HIV Test kits, 100 Pcs","HIV, Lancet, Safety, for HIV Test kits, 100 Pcs",Generic,,Test kit - Ancillary,100,"1,250",12.50,0.01,0,Inverness Japan,FALSE,See DN-545 (ID#:11817),null,0.02
"11,847",114-UG-T01,Pre-PQ Process,SO-1304,DN-550,Uganda,PMO - US,From RDC,N/A - From RDC,Air,Pre-PQ Process,N/A - From RDC,11-Mar-08,11-Mar-08,11-Mar-08,ARV,Adult,SCMS from RDC,"Emtricitabine/Tenofovir Disoproxil Fumarate 200/300mg [Truvada], tablets, 30 Tabs",Emtricitabine/Tenofovir Disoproxil Fumarate,Truvada,300/200mg,Tablet - FDC,30,656,17220.00,26.25,0.88,Gilead(Nycomed) Oranienburg DE,FALSE,See DN-550 (ID#:11846),null,27.55
"12,465",112-NG-T01,Pre-PQ Process,SO-1430,DN-551,Nigeria,PMO - US,From RDC,N/A - From RDC,Air,Pre-PQ Process,N/A - From RDC,16-Jan-08,16-Jan-08,16-Jan-08,ARV,Pediatric,SCMS from RDC,"Lamivudine 10mg/ml, oral solution, Bottle, 240 ml",Lamivudine,Generic,10mg/ml,Oral solution,240,4,10.36,2.59,0.01,"Aurobindo Unit III, India",FALSE,See DN-551 (ID#:11523),null,0.02
"11,226",109-TZ-T01,Pre-PQ Process,SO-1647,DN-556,Tanzania,PMO - US,From RDC,N/A - From RDC,Air,Pre-PQ Process,N/A - From RDC,06-Feb-08,06-Feb-08,06-Feb-08,ARV,Adult,SCMS from RDC,"Abacavir 300mg, tablets, 60 Tabs",Abacavir,Generic,300mg,Tablet,60,"1,128",31053.84,27.53,0.46,"Aurobindo Unit III, India",FALSE,See DN-556 (ID#:10662),null,49.69
"86,386",110-ZM-T30,FPQ-7232,SO-39020,DN-2226,Zambia,PMO - US,From RDC,N/A - From RDC,Air,03-01-11,N/A - From RDC,11-May-11,13-Jun-11,13-Jun-11,ARV,Pediatric,SCMS from RDC,"Nevirapine 10mg/ml, oral suspension, Bottle, 240 ml",Nevirapine,Generic,10mg/ml,Oral suspension,240,"10,000",18000.00,1.8,0.01,"Aurobindo Unit III, India",TRUE,3637,"$9,499.46 ",29.7
"86,387",151-NG-T30,FPQ-6800,SO-39690,DN-2228,Nigeria,PMO - US,From RDC,N/A - From RDC,Air Charter,12-07-10,N/A - From RDC,21-Jun-11,05-Jul-11,05-Jul-11,ARV,Adult,SCMS from RDC,"Nevirapine 200mg, tablets, 60 Tabs",Nevirapine,Generic,200mg,Tablet,60,"17,376",43613.76,2.51,0.04,"Strides, Bangalore, India.",TRUE,1237,"$13,398.06 ",71.96
"86,388",151-NG-T30,FPQ-7217,SO-39700,DN-2229,Nigeria,PMO - US,From RDC,N/A - From RDC,Air Charter,2/21/2011,N/A - From RDC,15-Jun-11,06-Jul-11,06-Jul-11,ARV,Adult,SCMS from RDC,"Nevirapine 200mg, tablets, 60 Tabs",Nevirapine,Generic,200mg,Tablet,60,"64,995",163137.45,2.51,0.04,"Strides, Bangalore, India.",TRUE,4618,"$13,398.06 ",269.18
"10,937",105-GY-T01,Pre-PQ Process,SO-1239,DN-557,Guyana,PMO - US,From RDC,N/A - From RDC,Air,Pre-PQ Process,N/A - From RDC,24-Jan-08,24-Jan-08,24-Jan-08,ARV,Adult,SCMS from RDC,"Lamivudine/Zidovudine 150/300mg, tablets, 60 Tabs",Lamivudine/Zidovudine,Generic,150/300mg,Tablet - FDC,60,"1,008",9576.00,9.5,0.16,"Aurobindo Unit III, India",FALSE,See DN-557 (ID#:10663),null,15.32
"11,525",109-TZ-T01,Pre-PQ Process,SO-1648,DN-559,Tanzania,PMO - US,From RDC,N/A - From RDC,Air,Pre-PQ Process,N/A - From RDC,25-Feb-08,25-Feb-08,25-Feb-08,ARV,Adult,SCMS from RDC,"Efavirenz 600mg, tablets, 30 Tabs",Efavirenz,Generic,600mg,Tablet,30,"20,000",248400.00,12.42,0.41,"Aurobindo Unit III, India",FALSE,See DN-559 (ID#:10940),null,397.44
"86,392",104-CI-T30,FPQ-6891,SO-39870,DN-2247,Côte d'Ivoire,PMO - US,From RDC,N/A - From RDC,Air,12/21/2010,N/A - From RDC,30-Jun-11,26-Jun-11,26-Jun-11,ARV,Pediatric,SCMS from RDC,"Zidovudine 10mg/ml, oral solution w/syringe, Bottle, 240 ml",Zidovudine,Generic,10mg/ml,Oral solution,240,"4,965",10426.50,2.1,0.01,"Aurobindo Unit III, India",TRUE,1784,"$2,503.33 ",17.2
"11,851",109-TZ-T01,Pre-PQ Process,SO-1648,DN-559,Tanzania,PMO - US,From RDC,N/A - From RDC,Air,Pre-PQ Process,N/A - From RDC,25-Feb-08,25-Feb-08,25-Feb-08,ARV,Adult,SCMS from RDC,"Lopinavir/Ritonavir 200/50mg [Aluvia], tablets, 120 Tabs",Lopinavir/Ritonavir,Aluvia,200/50mg,Tablet,120,"2,580",106038.00,41.1,0.34,ABBVIE (Abbott) Logis. UK,FALSE,See DN-559 (ID#:10940),null,169.66
"86,394",111-MZ-T30,FPQ-7053,SO-39830,DN-2264,Mozambique,PMO - US,From RDC,N/A - From RDC,Truck,1/24/2011,N/A - From RDC,31-Aug-11,01-Sep-11,01-Sep-11,ARV,Pediatric,SCMS from RDC,"Zidovudine 10mg/ml, oral solution w/syringe, Bottle, 240 ml",Zidovudine,Generic,10mg/ml,Oral solution,240,"6,250",12625.00,2.02,0.01,"Aurobindo Unit III, India",TRUE,2409,"$3,525.03 ",20.83
"86,395",151-NG-T30,FPQ-7217,SO-40170,DN-2286,Nigeria,PMO - US,From RDC,N/A - From RDC,Air Charter,2/21/2011,N/A - From RDC,22-Jul-11,06-Jul-11,06-Jul-11,ARV,Adult,SCMS from RDC,"Lamivudine/Tenofovir Disoproxil Fumarate 300/300mg, tablets, 30 Tabs",Lamivudine/Tenofovir Disoproxil Fumarate,Generic,300/300mg,Tablet - FDC,30,"29,349",258858.18,8.82,0.29,Mylan (formerly Matrix) Nashik,TRUE,2808,"$13,398.06 ",427.12
"11,839",104-CI-T01,Pre-PQ Process,SO-1104,DN-569,Côte d'Ivoire,PMO - US,From RDC,N/A - From RDC,Air,Pre-PQ Process,N/A - From RDC,29-Jan-08,29-Jan-08,29-Jan-08,ARV,Adult,SCMS from RDC,"Lamivudine/Nevirapine/Stavudine 150/200/30mg, tablets, 60 Tabs",Lamivudine/Nevirapine/Stavudine,Generic,150/200/30mg,Tablet - FDC,60,"22,500",166500.00,7.4,0.12,"Cipla, Goa, India",FALSE,See DN-569 (ID#:11224),null,266.4
"12,460",104-CI-T01,Pre-PQ Process,SO-1104,DN-569,Côte d'Ivoire,PMO - US,From RDC,N/A - From RDC,Air,Pre-PQ Process,N/A - From RDC,29-Jan-08,29-Jan-08,29-Jan-08,ARV,Pediatric,SCMS from RDC,"Lamivudine 10mg/ml, oral solution, Bottle, 240 ml",Lamivudine,Generic,10mg/ml,Oral solution,240,"15,000",29550.00,1.97,0.01,"Aurobindo Unit III, India",FALSE,See DN-569 (ID#:11224),null,47.28
"12,461",107-RW-T01,Pre-PQ Process,SO-1222,DN-571,Rwanda,PMO - US,From RDC,N/A - From RDC,Air,Pre-PQ Process,N/A - From RDC,28-Jan-08,28-Jan-08,28-Jan-08,HRDT,HIV test,SCMS from RDC,"HIV 1/2, Determine HIV Kit, without Lancets, 100 Tests","HIV 1/2, Determine HIV Kit, without Lancets",Determine,,Test kit,100,"2,093",150675.07,71.99,0.72,Inverness Japan,FALSE,See DN-571 (ID#:10660),null,241.08
"86,399",151-NG-T30,FPQ-7217,SO-39161,DN-2305,Nigeria,PMO - US,From RDC,N/A - From RDC,Air,2/21/2011,N/A - From RDC,31-Aug-11,03-Aug-11,03-Aug-11,ARV,Adult,SCMS from RDC,"Lamivudine/Nevirapine/Stavudine 150/200/30mg, tablets, 60 Tabs",Lamivudine/Nevirapine/Stavudine,Generic,150/200/30mg,Tablet - FDC,60,"2,000",11120.00,5.56,0.09,"Cipla, Goa, India",TRUE,209,"$2,136.53 ",18.35
"12,462",107-RW-T01,Pre-PQ Process,SO-1223,DN-572,Rwanda,PMO - US,From RDC,N/A - From RDC,Air,Pre-PQ Process,N/A - From RDC,28-Jan-08,28-Jan-08,28-Jan-08,HRDT,HIV test - Ancillary,SCMS from RDC,"HIV, Lancet, Safety, for HIV Test kits, 100 Pcs","HIV, Lancet, Safety, for HIV Test kits, 100 Pcs",Generic,,Test kit - Ancillary,100,"1,250",12.50,0.01,0,Inverness Japan,FALSE,See DN-572 (ID#:11840),null,0.02
"86,401",104-CI-T30,FPQ-7659,SO-40130,DN-2319,Côte d'Ivoire,PMO - US,From RDC,N/A - From RDC,Air,05-03-11,N/A - From RDC,27-Sep-11,10-Sep-11,10-Sep-11,ARV,Adult,SCMS from RDC,"Lamivudine 150mg, tablets, 60 Tabs",Lamivudine,Generic,150mg,Tablet,60,"17,820",41520.60,2.33,0.04,Hetero Unit III Hyderabad IN,TRUE,955,"$12,606.03 ",68.51
"11,852",104-CI-T01,Pre-PQ Process,SO-1679,DN-581,Côte d'Ivoire,PMO - US,From RDC,N/A - From RDC,Air,Pre-PQ Process,N/A - From RDC,05-Feb-08,05-Feb-08,05-Feb-08,ARV,Pediatric,SCMS from RDC,"Nevirapine 10mg/ml, oral suspension, Bottle, 240 ml",Nevirapine,Generic,10mg/ml,Oral suspension,240,"2,712",5207.04,1.92,0.01,"Aurobindo Unit III, India",FALSE,See DN-581 (ID#:10667),null,8.33
"12,772",104-CI-T01,Pre-PQ Process,SO-1679,DN-581,Côte d'Ivoire,PMO - US,From RDC,N/A - From RDC,Air,Pre-PQ Process,N/A - From RDC,05-Feb-08,05-Feb-08,05-Feb-08,ARV,Adult,SCMS from RDC,"Abacavir 300mg, tablets, 60 Tabs",Abacavir,Generic,300mg,Tablet,60,"5,836",160665.08,27.53,0.46,"Aurobindo Unit III, India",FALSE,See DN-581 (ID#:10667),null,257.06
"11,231",114-UG-T01,Pre-PQ Process,SO-1082,DN-589,Uganda,PMO - US,From RDC,N/A - From RDC,,Pre-PQ Process,N/A - From RDC,28-Feb-08,28-Feb-08,28-Feb-08,ARV,Adult,SCMS from RDC,"Lamivudine/Zidovudine 150/300mg, tablets, 60 Tabs",Lamivudine/Zidovudine,Generic,150/300mg,Tablet - FDC,60,"2,883",27388.50,9.5,0.16,"Aurobindo Unit III, India",FALSE,See DN-589 (ID#:10670),null,43.82
"12,774",114-UG-T01,Pre-PQ Process,SO-1082,DN-589,Uganda,PMO - US,From RDC,N/A - From RDC,,Pre-PQ Process,N/A - From RDC,28-Feb-08,28-Feb-08,28-Feb-08,ARV,Adult,SCMS from RDC,"Nevirapine 200mg, tablets, 60 Tabs",Nevirapine,Generic,200mg,Tablet,60,328,1115.20,3.4,0.06,"Ranbaxy, Paonta Shahib, India",FALSE,See DN-589 (ID#:10670),null,1.78
"86,406",111-MZ-T30,FPQ-7053,SO-38691,DN-2330,Mozambique,PMO - US,From RDC,N/A - From RDC,Truck,1/24/2011,N/A - From RDC,30-Nov-11,30-Nov-11,30-Nov-11,ARV,Pediatric,SCMS from RDC,"Zidovudine 10mg/ml, oral solution w/syringe, Bottle, 240 ml",Zidovudine,Generic,10mg/ml,Oral solution,240,"1,822",3680.44,2.02,0.01,"Aurobindo Unit III, India",TRUE,707,$826.26 ,6.07
"86,408",114-UG-T30,FPQ-7267,SO-39070,DN-2333,Uganda,PMO - US,From RDC,N/A - From RDC,Truck,03-04-11,N/A - From RDC,20-Sep-11,06-Sep-11,06-Sep-11,ARV,Adult,SCMS from RDC,"Efavirenz/Emtricitabine/Tenofovir Disoproxil Fumarate 600/200/300mg, tablets, 30 Tabs",Efavirenz/Emtricitabine/Tenofovir Disoproxil Fumarate,Generic,600/200/300mg,Tablet - FDC,30,"3,360",66931.20,19.92,0.66,Mylan (formerly Matrix) Nashik,TRUE,617,"$2,886.92 ",110.44
"12,455",107-RW-T01,Pre-PQ Process,SO-1534,DN-590,Rwanda,PMO - US,From RDC,N/A - From RDC,Air,Pre-PQ Process,N/A - From RDC,29-Feb-08,29-Feb-08,29-Feb-08,ARV,Pediatric,SCMS from RDC,"Lamivudine 10mg/ml, oral solution, Bottle, 240 ml",Lamivudine,Generic,10mg/ml,Oral solution,240,"2,000",3940.00,1.97,0.01,"Aurobindo Unit III, India",FALSE,See DN-590 (ID#:11517),null,6.3
"10,944",111-MZ-T01,Pre-PQ Process,SO-1063,DN-597,Mozambique,PMO - US,From RDC,N/A - From RDC,Air,Pre-PQ Process,N/A - From RDC,29-Feb-08,29-Feb-08,29-Feb-08,HRDT,HIV test - Ancillary,SCMS from RDC,"HIV, Lancet, Safety, for HIV Test kits, 100 Pcs","HIV, Lancet, Safety, for HIV Test kits, 100 Pcs",Generic,,Test kit - Ancillary,100,"4,300",43.00,0.01,0,Inverness Japan,FALSE,See DN-597 (ID#:10671),null,0.07
"12,144",111-MZ-T01,Pre-PQ Process,SO-1039,DN-601,Mozambique,PMO - US,From RDC,N/A - From RDC,Air,Pre-PQ Process,N/A - From RDC,08-Apr-08,05-Apr-08,05-Apr-08,ARV,Adult,SCMS from RDC,"Indinavir 400mg [Crixivan], capsules, 180 Caps",Indinavir,Crixivan,400mg,Capsule,180,665,33250.00,50,0.28,"MSD, Haarlem, NL",FALSE,See DN-601 (ID#:10651),null,53.2
"12,145",111-MZ-T01,Pre-PQ Process,SO-1039,DN-601,Mozambique,PMO - US,From RDC,N/A - From RDC,Air,Pre-PQ Process,N/A - From RDC,08-Apr-08,05-Apr-08,05-Apr-08,ARV,Adult,SCMS from RDC,"Ritonavir 100mg [Norvir], capsules, cool, 84 Caps",Ritonavir,Norvir,100mg,Capsule,84,760,7288.40,9.59,0.11,ABBVIE (Abbott) Logis. UK,FALSE,See DN-601 (ID#:10651),null,11.66
"12,454",111-MZ-T01,Pre-PQ Process,SO-1039,DN-601,Mozambique,PMO - US,From RDC,N/A - From RDC,Air,Pre-PQ Process,N/A - From RDC,08-Apr-08,05-Apr-08,05-Apr-08,ARV,Adult,SCMS from RDC,"Lamivudine/Nevirapine/Zidovudine 150/200/300mg, tablets, 60 Tabs",Lamivudine/Nevirapine/Zidovudine,Generic,150/300/200mg,Tablet - FDC,60,"42,700",576450.00,13.5,0.22,"Aurobindo Unit III, India",FALSE,See DN-601 (ID#:10651),null,922.32
"86,414",151-NG-T30,FPQ-7217,SO-38920,DN-2376,Nigeria,PMO - US,From RDC,N/A - From RDC,Air Charter,2/21/2011,N/A - From RDC,15-Jun-11,28-Sep-11,28-Sep-11,ARV,Adult,SCMS from RDC,"Efavirenz/Emtricitabine/Tenofovir Disoproxil Fumarate 600/200/300mg, tablets, 30 Tabs",Efavirenz/Emtricitabine/Tenofovir Disoproxil Fumarate,Generic,600/200/300mg,Tablet - FDC,30,"2,389",47588.88,19.92,0.66,Mylan (formerly Matrix) Nashik,TRUE,277,"$18,495.90 ",78.52
"86,415",151-NG-T30,FPQ-7812,SO-40720,DN-2378,Nigeria,PMO - US,From RDC,N/A - From RDC,Air Charter,06-06-11,N/A - From RDC,03-Nov-11,28-Sep-11,28-Sep-11,ARV,Adult,SCMS from RDC,"Efavirenz/Emtricitabine/Tenofovir Disoproxil Fumarate 600/200/300mg, tablets, 30 Tabs",Efavirenz/Emtricitabine/Tenofovir Disoproxil Fumarate,Generic,600/200/300mg,Tablet - FDC,30,"90,932",1811365.44,19.92,0.66,Mylan (formerly Matrix) Nashik,TRUE,10428,"$18,495.90 ","2,988.75"
"86,417",110-ZM-T30,FPQ-8383,SO-40741,DN-2400,Zambia,PMO - US,From RDC,N/A - From RDC,Truck,09-11-11,N/A - From RDC,19-Jan-12,04-Nov-11,04-Nov-11,ARV,Adult,SCMS from RDC,"Emtricitabine/Tenofovir Disoproxil Fumarate 200/300mg, tablets, 30 Tabs",Emtricitabine/Tenofovir Disoproxil Fumarate,Generic,200/300mg,Tablet - FDC,30,"10,015",89834.55,8.97,0.3,Mylan (formerly Matrix) Nashik,TRUE,819,"$2,882.60 ",148.23
"86,418",900-GH-T30,FPQ-7866,SO-40020,DN-2404,Ghana,PMO - US,From RDC,N/A - From RDC,Air,6/13/2011,N/A - From RDC,31-Oct-11,28-Feb-12,28-Feb-12,ARV,Adult,SCMS from RDC,"Tenofovir Disoproxil Fumarate 300mg, tablets, 30 Tabs",Tenofovir Disoproxil Fumarate,Generic,300mg,Tablet,30,"38,760",248839.20,6.42,0.21,Mylan (formerly Matrix) Nashik,TRUE,2169,$985 ,410.58
"86,419",109-TZ-T30,FPQ-8303,SO-40522,DN-2413,Tanzania,PMO - US,From RDC,N/A - From RDC,Truck,8/22/2011,N/A - From RDC,29-Dec-11,15-Nov-11,15-Nov-11,ARV,Pediatric,SCMS from RDC,"Nevirapine 10mg/ml, oral suspension w/syringe, Bottle, 240 ml",Nevirapine,Generic,10mg/ml,Oral suspension,240,"2,374",4629.30,1.95,0.01,"Aurobindo Unit III, India",TRUE,888,"$4,417.96 ",7.64
"86,420",111-MZ-T30,FPQ-7053,SO-38640,DN-2415,Mozambique,PMO - US,From RDC,N/A - From RDC,Truck,1/24/2011,N/A - From RDC,15-Dec-11,14-Dec-11,14-Dec-11,ARV,Pediatric,SCMS from RDC,"Nevirapine 10mg/ml, oral suspension w/syringe, Bottle, 240 ml",Nevirapine,Generic,10mg/ml,Oral suspension,240,"10,070",19636.50,1.95,0.01,"Aurobindo Unit III, India",TRUE,3787,"$2,451.86 ",32.4
"86,421",110-ZM-T30,FPQ-8113,SO-40290,DN-2424,Zambia,PMO - US,From RDC,N/A - From RDC,Truck,08-02-11,N/A - From RDC,27-Dec-11,28-Nov-11,28-Nov-11,ARV,Adult,SCMS from RDC,"Lamivudine/Zidovudine 150/300mg, tablets, 60 Tabs",Lamivudine/Zidovudine,Generic,150/300mg,Tablet - FDC,60,"85,000",702100.00,8.26,0.14,"Aurobindo Unit VII, IN",TRUE,8296,"$9,978.08 ","1,158.46"
"86,422",110-ZM-T30,FPQ-8383,SO-40742,DN-2433,Zambia,PMO - US,From RDC,N/A - From RDC,Truck,09-11-11,N/A - From RDC,19-Jan-12,28-Nov-11,28-Nov-11,ARV,Adult,SCMS from RDC,"Emtricitabine/Tenofovir Disoproxil Fumarate 200/300mg, tablets, 30 Tabs",Emtricitabine/Tenofovir Disoproxil Fumarate,Generic,200/300mg,Tablet - FDC,30,"50,000",448500.00,8.97,0.3,Mylan (formerly Matrix) Nashik,TRUE,4155,"$6,968.97 ",740.02
"12,760",111-MZ-T01,Pre-PQ Process,SO-1039,DN-601,Mozambique,PMO - US,From RDC,N/A - From RDC,Air,Pre-PQ Process,N/A - From RDC,08-Apr-08,05-Apr-08,05-Apr-08,ARV,Adult,SCMS from RDC,"Abacavir/Lamivudine/Zidovudine 300/150/300mg [Trizivir], tablets, 60 Tabs",Abacavir/Lamivudine/Zidovudine,Trizivir,300/150/300mg,Tablet - FDC,60,"2,067",144690.00,70,1.17,GSK Ware (UK),FALSE,See DN-601 (ID#:10651),null,231.5
"12,431",111-MZ-T01,Pre-PQ Process,SO-1039,DN-603,Mozambique,PMO - US,From RDC,N/A - From RDC,Air,Pre-PQ Process,N/A - From RDC,08-Apr-08,08-Apr-08,08-Apr-08,ARV,Adult,SCMS from RDC,"Lamivudine/Zidovudine 150/300mg, tablets, 60 Tabs",Lamivudine/Zidovudine,Generic,150/300mg,Tablet - FDC,60,"7,128",67716.00,9.5,0.16,"Cipla, Goa, India",FALSE,See DN-603 (ID#:11197),null,108.35
"86,425",107-RW-T30,FPQ-8716,SO-41050,DN-2438,Rwanda,PMO - US,From RDC,N/A - From RDC,Air,10/31/2011,N/A - From RDC,05-Dec-11,20-Nov-11,20-Nov-11,ARV,Pediatric,SCMS from RDC,"Abacavir 20mg/ml, oral solution w/syringe, Bottle, 240 ml",Abacavir,Generic,20mg/ml,Oral solution,240,580,7250.00,12.5,0.05,"Aurobindo Unit III, India",TRUE,214,"$2,057.20 ",10.16
"86,426",104-CI-T30,FPQ-8363,SO-40821,DN-2448,Côte d'Ivoire,PMO - US,From RDC,N/A - From RDC,Truck,8/29/2011,N/A - From RDC,02-Mar-12,05-Dec-11,05-Dec-11,ARV,Adult,SCMS from RDC,"Efavirenz 600mg, tablets, 30 Tabs",Efavirenz,Generic,600mg,Tablet,30,"20,076",84720.72,4.22,0.14,"Strides, Bangalore, India.",TRUE,1223,"$3,526.27 ",139.79
"86,427",104-CI-T30,FPQ-7659,SO-40120,DN-2449,Côte d'Ivoire,PMO - US,From RDC,N/A - From RDC,Air,05-03-11,N/A - From RDC,30-Dec-11,05-Dec-11,05-Dec-11,ARV,Adult,SCMS from RDC,"Efavirenz 600mg, tablets, 30 Tabs",Efavirenz,Generic,600mg,Tablet,30,"7,132",30097.04,4.22,0.14,"Strides, Bangalore, India.",TRUE,434,"$3,526.27 ",49.66
"86,428",151-NG-T30,FPQ-7812,SO-40727,DN-2450,Nigeria,PMO - US,From RDC,N/A - From RDC,Air Charter,06-06-11,N/A - From RDC,20-Dec-11,18-Dec-11,18-Dec-11,ARV,Adult,SCMS from RDC,"Tenofovir Disoproxil Fumarate 300mg, tablets, 30 Tabs",Tenofovir Disoproxil Fumarate,Generic,300mg,Tablet,30,361,2317.62,6.42,0.21,Mylan (formerly Matrix) Nashik,TRUE,40,"$15,322.73 ",3.82
"11,855",100-ZW-T01,Pre-PQ Process,SO-711,DN-604,Zimbabwe,PMO - US,From RDC,N/A - From RDC,Air,Pre-PQ Process,N/A - From RDC,05-Mar-08,05-Mar-08,05-Mar-08,ARV,Adult,SCMS from RDC,"Lamivudine/Stavudine 150/30mg, tablets, 30 Tabs",Lamivudine/Stavudine,Generic,150/30mg,Tablet - FDC,30,"1,600",3200.00,2,0.07,"Cipla, Goa, India",FALSE,See DN-604 (ID#:11527),null,5.12
"11,856",100-ZW-T01,Pre-PQ Process,SO-711,DN-604,Zimbabwe,PMO - US,From RDC,N/A - From RDC,Air,Pre-PQ Process,N/A - From RDC,05-Mar-08,05-Mar-08,05-Mar-08,ARV,Adult,SCMS from RDC,"Lamivudine/Nevirapine/Stavudine 150/200/30mg, tablets, 60 Tabs",Lamivudine/Nevirapine/Stavudine,Generic,150/200/30mg,Tablet - FDC,60,"37,240",275576.00,7.4,0.12,"Cipla, Goa, India",FALSE,See DN-604 (ID#:11527),null,440.92
"86,431",106-HT-T30,FPQ-7653,SO-39744,DN-2470,Haiti,PMO - US,From RDC,N/A - From RDC,Air,05-11-11,N/A - From RDC,31-Jan-12,17-Jan-12,17-Jan-12,ARV,Adult,SCMS from RDC,"Efavirenz 600mg, tablets, 30 Tabs",Efavirenz,Generic,600mg,Tablet,30,"33,600",141792.00,4.22,0.14,"Strides, Bangalore, India.",TRUE,2047,"$20,746.03 ",233.96
"86,432",105-GY-T30,FPQ-8621,SO-41020,DN-2482,Guyana,PMO - US,From RDC,N/A - From RDC,Air,10/27/2011,N/A - From RDC,27-Jan-12,18-Jan-12,18-Jan-12,ARV,Pediatric,SCMS from RDC,"Zidovudine 10mg/ml, oral solution w/syringe, Bottle, 240 ml",Zidovudine,Generic,10mg/ml,Oral solution,240,369,774.90,2.1,0.01,"Aurobindo Unit III, India",TRUE,103,"$2,270.54 ",1.09
"86,433",114-UG-T30,FPQ-8522,SO-40930,DN-2489,Uganda,PMO - US,From RDC,N/A - From RDC,Truck,10-05-11,N/A - From RDC,16-Feb-12,03-Feb-12,03-Feb-12,ARV,Adult,SCMS from RDC,"Lamivudine/Zidovudine 150/300mg, tablets, 60 Tabs",Lamivudine/Zidovudine,Generic,150/300mg,Tablet - FDC,60,"18,528",153041.28,8.26,0.14,"Aurobindo Unit III, India",TRUE,1713,"$15,672.80 ",252.52
"11,195",110-ZM-T01,Pre-PQ Process,SO-1317,DN-605,Zambia,PMO - US,From RDC,N/A - From RDC,Truck,Pre-PQ Process,N/A - From RDC,21-Feb-08,21-Feb-08,21-Feb-08,ARV,Adult,SCMS from RDC,"Nevirapine 200mg, tablets, 60 Tabs",Nevirapine,Generic,200mg,Tablet,60,"9,943",33806.20,3.4,0.06,"Aurobindo Unit III, India",FALSE,See DN-605 (ID#:10636),null,54.09
"11,481",104-CI-T01,Pre-PQ Process,SO-1546,DN-609,Côte d'Ivoire,PMO - US,From RDC,N/A - From RDC,Air,Pre-PQ Process,N/A - From RDC,19-Feb-08,19-Feb-08,19-Feb-08,ARV,Adult,SCMS from RDC,"Efavirenz 600mg, tablets, 30 Tabs",Efavirenz,Generic,600mg,Tablet,30,"37,039",444838.39,12.01,0.4,"Strides, Bangalore, India.",FALSE,See DN-609 (ID#:11480),null,711.74
"12,736",104-CI-T01,Pre-PQ Process,SO-1546,DN-609,Côte d'Ivoire,PMO - US,From RDC,N/A - From RDC,Air,Pre-PQ Process,N/A - From RDC,19-Feb-08,19-Feb-08,19-Feb-08,ARV,Adult,SCMS from RDC,"Lamivudine/Stavudine 150/30mg, tablets, 30 Tabs",Lamivudine/Stavudine,Generic,150/30mg,Tablet - FDC,30,"44,000",88000.00,2,0.07,"Cipla, Goa, India",FALSE,See DN-609 (ID#:11480),null,140.8
"12,737",104-CI-T01,Pre-PQ Process,SO-1663,DN-611,Côte d'Ivoire,PMO - US,From RDC,N/A - From RDC,Air,Pre-PQ Process,N/A - From RDC,06-Mar-08,19-Feb-08,19-Feb-08,ARV,Adult,SCMS from RDC,"Lamivudine/Nevirapine/Stavudine 150/200/30mg, tablets, 60 Tabs",Lamivudine/Nevirapine/Stavudine,Generic,150/200/30mg,Tablet - FDC,60,"44,400",328560.00,7.4,0.12,"Cipla, Goa, India",FALSE,See DN-611 (ID#:12472),null,525.7
"11,223",106-HT-T01,Pre-PQ Process,SO-1287,DN-614,Haiti,PMO - US,From RDC,N/A - From RDC,Air,Pre-PQ Process,N/A - From RDC,04-Mar-08,21-Feb-08,21-Feb-08,ARV,Adult,SCMS from RDC,"Stavudine 15mg, capsules, 60 Caps",Stavudine,Generic,15mg,Capsule,60,120,180.00,1.5,0.02,"Aurobindo Unit III, India",FALSE,See DN-614 (ID#:11219),null,0.29
"12,151",106-HT-T01,Pre-PQ Process,SO-1287,DN-614,Haiti,PMO - US,From RDC,N/A - From RDC,Air,Pre-PQ Process,N/A - From RDC,04-Mar-08,21-Feb-08,21-Feb-08,ARV,Pediatric,SCMS from RDC,"Stavudine 1mg/ml, powder for oral solution, 200 ml",Stavudine,Generic,1mg/ml,Oral solution,200,300,420.00,1.4,0.01,"Aurobindo Unit III, India",FALSE,See DN-614 (ID#:11219),null,0.67
"12,766",106-HT-T01,Pre-PQ Process,SO-1287,DN-614,Haiti,PMO - US,From RDC,N/A - From RDC,Air,Pre-PQ Process,N/A - From RDC,04-Mar-08,21-Feb-08,21-Feb-08,ARV,Adult,SCMS from RDC,"Lamivudine 150mg, tablets, 60 Tabs",Lamivudine,Generic,150mg,Tablet,60,"32,129",97672.16,3.04,0.05,"Ranbaxy, Paonta Shahib, India",FALSE,See DN-614 (ID#:11219),null,156.28
"11,870",102-GY-T01,Pre-PQ Process,SO-1004,DN-617,Guyana,PMO - US,From RDC,N/A - From RDC,,Pre-PQ Process,N/A - From RDC,21-Feb-08,21-Feb-08,21-Feb-08,HRDT,HIV test,SCMS from RDC,"HIV 1/2, Determine HIV Kit, without Lancets, 100 Tests","HIV 1/2, Determine HIV Kit, without Lancets",Determine,,Test kit,100,152,10942.48,71.99,0.72,Inverness Japan,FALSE,See DN-617 (ID#:11236),null,17.51
"12,487",112-NG-T01,Pre-PQ Process,SO-1571,DN-620,Nigeria,PMO - US,From RDC,N/A - From RDC,Air,Pre-PQ Process,N/A - From RDC,14-Feb-08,14-Feb-08,14-Feb-08,ARV,Adult,SCMS from RDC,"Lamivudine/Nevirapine/Zidovudine 150/200/300mg, tablets, 60 Tabs",Lamivudine/Nevirapine/Zidovudine,Generic,150/300/200mg,Tablet - FDC,60,"8,940",120690.00,13.5,0.22,"Cipla, Goa, India",FALSE,See DN-620 (ID#:12168),null,193.1
"11,515",100-ZW-T01,Pre-PQ Process,SO-712,DN-623,Zimbabwe,PMO - US,From RDC,N/A - From RDC,Air,Pre-PQ Process,N/A - From RDC,05-Mar-08,05-Mar-08,05-Mar-08,ARV,Adult,SCMS from RDC,"Lamivudine/Stavudine 150/30mg, tablets, 30 Tabs",Lamivudine/Stavudine,Generic,150/30mg,Tablet - FDC,30,"1,600",3200.00,2,0.07,"Cipla, Goa, India",FALSE,See DN-623 (ID#:10925),null,5.12
"11,878",110-ZM-T01,Pre-PQ Process,SO-1806,DN-625,Zambia,PMO - US,From RDC,N/A - From RDC,,Pre-PQ Process,N/A - From RDC,28-Mar-08,28-Mar-08,28-Mar-08,ARV,Adult,SCMS from RDC,"Lamivudine/Zidovudine 150/300mg, tablets, 60 Tabs",Lamivudine/Zidovudine,Generic,150/300mg,Tablet - FDC,60,"50,000",472500.00,9.45,0.16,"Aurobindo Unit III, India",FALSE,See DN-625 (ID#:10956),null,756
"12,492",110-ZM-T01,Pre-PQ Process,SO-1806,DN-625,Zambia,PMO - US,From RDC,N/A - From RDC,,Pre-PQ Process,N/A - From RDC,28-Mar-08,28-Mar-08,28-Mar-08,ARV,Adult,SCMS from RDC,"Nevirapine 200mg, tablets, 60 Tabs",Nevirapine,Generic,200mg,Tablet,60,"40,000",136000.00,3.4,0.06,Hetero Unit III Hyderabad IN,FALSE,See DN-625 (ID#:10956),null,217.6
"12,763",106-HT-T01,Pre-PQ Process,SO-1285,DN-627,Haiti,PMO - US,From RDC,N/A - From RDC,Air,Pre-PQ Process,N/A - From RDC,08-Mar-08,08-Mar-08,08-Mar-08,ARV,Adult,SCMS from RDC,"Zidovudine 300mg, tablets, 60 Tabs",Zidovudine,Generic,300mg,Tablet,60,"3,000",24450.00,8.15,0.14,"Aurobindo Unit III, India",FALSE,See DN-627 (ID#:10926),null,39.12
"10,927",111-MZ-T01,Pre-PQ Process,SO-1039,DN-628,Mozambique,PMO - US,From RDC,N/A - From RDC,Air,Pre-PQ Process,N/A - From RDC,08-Apr-08,05-Apr-08,05-Apr-08,ARV,Adult,SCMS from RDC,"Abacavir/Lamivudine/Zidovudine 300/150/300mg [Trizivir], tablets, 60 Tabs",Abacavir/Lamivudine/Zidovudine,Trizivir,300/150/300mg,Tablet - FDC,60,213,14910.00,70,1.17,GSK Ware (UK),FALSE,See DN-628 (ID#:10654),null,23.86
"10,928",111-MZ-T01,Pre-PQ Process,SO-1039,DN-628,Mozambique,PMO - US,From RDC,N/A - From RDC,Air,Pre-PQ Process,N/A - From RDC,08-Apr-08,05-Apr-08,05-Apr-08,ARV,Adult,SCMS from RDC,"Indinavir 400mg [Crixivan], capsules, 180 Caps",Indinavir,Crixivan,400mg,Capsule,180,343,17150.00,50,0.28,"MSD, Haarlem, NL",FALSE,See DN-628 (ID#:10654),null,27.44
"86,450",110-ZM-T30,FPQ-7667,SO-40240,DN-2515,Zambia,PMO - US,From RDC,N/A - From RDC,Truck,7/26/2011,N/A - From RDC,29-Feb-12,17-Feb-12,17-Feb-12,ARV,Pediatric,SCMS from RDC,"Nevirapine 10mg/ml, oral suspension w/syringe, Bottle, 240 ml",Nevirapine,Generic,10mg/ml,Oral suspension,240,"40,126",78245.70,1.95,0.01,"Aurobindo Unit III, India",TRUE,12360,"$11,292.05 ",129.11
"12,764",111-MZ-T01,Pre-PQ Process,SO-1039,DN-628,Mozambique,PMO - US,From RDC,N/A - From RDC,Air,Pre-PQ Process,N/A - From RDC,08-Apr-08,05-Apr-08,05-Apr-08,ARV,Adult,SCMS from RDC,"Efavirenz 600mg, tablets, 30 Tabs",Efavirenz,Generic,600mg,Tablet,30,"12,663",157274.46,12.42,0.41,"Aurobindo Unit III, India",FALSE,See DN-628 (ID#:10654),null,251.64
"86,452",106-HT-T30,FPQ-7653,SO-39740,DN-2534,Haiti,PMO - US,From RDC,N/A - From RDC,Air,05-11-11,N/A - From RDC,15-Mar-12,12-Mar-12,12-Mar-12,ARV,Adult,SCMS from RDC,"Stavudine 20mg, capsules, 60 Caps",Stavudine,Generic,20mg,Capsule,60,270,372.60,1.38,0.02,"Aurobindo Unit III, India",TRUE,16,"$1,109 ",0.61
"86,453",109-TZ-T30,FPQ-8297,SO-40612,DN-2543,Tanzania,PMO - US,From RDC,N/A - From RDC,Truck,8/22/2011,N/A - From RDC,30-Mar-12,14-Feb-12,14-Feb-12,ARV,Adult,SCMS from RDC,"Lamivudine/Zidovudine 150/300mg, tablets, 60 Tabs",Lamivudine/Zidovudine,Generic,150/300mg,Tablet - FDC,60,"233,630",1929783.80,8.26,0.14,"Aurobindo Unit III, India",TRUE,21394,"$13,590.64 ","3,184.14"
"86,454",114-UG-T30,FPQ-8522,SO-40940,DN-2547,Uganda,PMO - US,From RDC,N/A - From RDC,Truck,10-05-11,N/A - From RDC,19-Mar-12,15-Feb-12,15-Feb-12,ARV,Adult,SCMS from RDC,"Nevirapine 200mg, tablets, 60 Tabs",Nevirapine,Generic,200mg,Tablet,60,"19,705",50838.90,2.58,0.04,"Strides, Bangalore, India.",TRUE,1095,"$4,405.24 ",83.88
"86,455",151-NG-T30,FPQ-8952,SO-41450,DN-2565,Nigeria,PMO - US,From RDC,N/A - From RDC,Air Charter,12-08-11,N/A - From RDC,20-Jun-12,16-Feb-12,16-Feb-12,ARV,Adult,SCMS from RDC,"Lamivudine/Tenofovir Disoproxil Fumarate 300/300mg, tablets, 30 Tabs",Lamivudine/Tenofovir Disoproxil Fumarate,Generic,300/300mg,Tablet - FDC,30,"27,574",167649.92,6.08,0.2,Mylan (formerly Matrix) Nashik,TRUE,2376,"$25,231.96 ",235.05
"12,507",104-CI-T01,Pre-PQ Process,SO-1838,DN-632,Côte d'Ivoire,PMO - US,From RDC,N/A - From RDC,Air,Pre-PQ Process,N/A - From RDC,13-Mar-08,13-Mar-08,13-Mar-08,HRDT,HIV test,SCMS from RDC,"HIV 1/2, Determine HIV Kit, without Lancets, 100 Tests","HIV 1/2, Determine HIV Kit, without Lancets",Determine,,Test kit,100,250,17997.50,71.99,0.72,Inverness Japan,FALSE,See DN-632 (ID#:11547),null,28.8
"86,457",109-TZ-T30,FPQ-9275,SO-41460,DN-2583,Tanzania,PMO - US,From RDC,N/A - From RDC,Air,02-02-12,N/A - From RDC,30-Mar-12,07-Mar-12,07-Mar-12,HRDT,HIV test,SCMS from RDC,"HIV 1/2, Uni-Gold HIV Kit, 20 Tests","HIV 1/2, Uni-Gold HIV Kit",Uni-Gold,,Test kit,20,"5,000",160000.00,32,1.6,"Trinity Biotech, Plc",TRUE,1578,"$8,925 ",224.32
"11,893",117-ET-T01,Pre-PQ Process,SO-1518,DN-634,Ethiopia,PMO - US,From RDC,N/A - From RDC,Air,Pre-PQ Process,N/A - From RDC,21-Mar-08,21-Mar-08,21-Mar-08,ARV,Adult,SCMS from RDC,"Nevirapine 200mg, tablets, 60 Tabs",Nevirapine,Generic,200mg,Tablet,60,"100,731",342485.40,3.4,0.06,"Ranbaxy, Paonta Shahib, India",FALSE,See DN-634 (ID#:10972),null,547.98
"12,502",109-TZ-T01,Pre-PQ Process,SO-1652,DN-637,Tanzania,PMO - US,From RDC,N/A - From RDC,Air,Pre-PQ Process,N/A - From RDC,28-Mar-08,28-Mar-08,28-Mar-08,ARV,Adult,SCMS from RDC,"Lamivudine/Zidovudine 150/300mg, tablets, 60 Tabs",Lamivudine/Zidovudine,Generic,150/300mg,Tablet - FDC,60,"48,610",461795.00,9.5,0.16,"Aurobindo Unit III, India",FALSE,See DN-637 (ID#:12195),null,738.87
"86,477",107-RW-T30,FPQ-9888,SO-42131,DN-2672,Rwanda,PMO - US,From RDC,N/A - From RDC,Air,05-11-12,N/A - From RDC,24-Aug-12,04-Jun-12,04-Jun-12,ARV,Adult,SCMS from RDC,"Abacavir 300mg, tablets, 60 Tabs",Abacavir,Generic,300mg,Tablet,60,"5,232",68800.80,13.15,0.22,Mylan (formerly Matrix) Nashik,TRUE,526,"$9,994.57 ",96.46
"12,501",104-CI-T01,Pre-PQ Process,SO-791,DN-641,Côte d'Ivoire,PMO - US,From RDC,N/A - From RDC,,Pre-PQ Process,N/A - From RDC,03-Mar-08,03-Mar-08,03-Mar-08,HRDT,HIV test,SCMS from RDC,"HIV 1/2, Determine HIV Kit, without Lancets, 100 Tests","HIV 1/2, Determine HIV Kit, without Lancets",Determine,,Test kit,100,"1,505",108344.95,71.99,0.72,Inverness Japan,FALSE,See DN-641 (ID#:10695),null,173.35
"86,461",114-UG-T30,FPQ-9321,SO-41521,DN-2596,Uganda,PMO - US,From RDC,N/A - From RDC,Truck,02-10-12,N/A - From RDC,24-Apr-12,03-Apr-12,03-Apr-12,ARV,Adult,SCMS from RDC,"Efavirenz 600mg, tablets, 30 Tabs",Efavirenz,Generic,600mg,Tablet,30,"1,150",4738.00,4.12,0.14,"Strides, Bangalore, India.",TRUE,70,"$1,494.60 ",6.64
"12,508",113-ZW-T01,Pre-PQ Process,SO-1922,DN-644,Zimbabwe,PMO - US,From RDC,N/A - From RDC,Truck,Pre-PQ Process,N/A - From RDC,12-Mar-08,12-Mar-08,12-Mar-08,ARV,Adult,SCMS from RDC,"Zidovudine 300mg, tablets, 60 Tabs",Zidovudine,Generic,300mg,Tablet,60,"6,295",51304.25,8.15,0.14,"Aurobindo Unit III, India",FALSE,See DN-644 (ID#:11894),null,82.09
"12,205",119-NA-T01,Pre-PQ Process,SO-1929,DN-650,Namibia,PMO - US,From RDC,N/A - From RDC,Air,Pre-PQ Process,N/A - From RDC,17-Apr-08,17-Apr-08,17-Apr-08,HRDT,HIV test - Ancillary,SCMS from RDC,"HIV, Lancet, Safety, for HIV Test kits, 100 Pcs","HIV, Lancet, Safety, for HIV Test kits, 100 Pcs",Generic,,Test kit - Ancillary,100,90,0.90,0.01,0,Inverness Japan,FALSE,See DN-650 (ID#:11897),null,0
"11,538",109-TZ-T01,Pre-PQ Process,SO-1695,DN-663,Tanzania,PMO - US,From RDC,N/A - From RDC,,Pre-PQ Process,N/A - From RDC,22-Apr-08,23-Apr-08,23-Apr-08,ARV,Adult,SCMS from RDC,"Abacavir 300mg, tablets, 60 Tabs",Abacavir,Generic,300mg,Tablet,60,"5,730",157746.90,27.53,0.46,"Aurobindo Unit III, India",FALSE,See DN-663 (ID#:10960),null,252.4
"11,252",102-KE-T01,Pre-PQ Process,SO-1390,DN-667,Kenya,PMO - US,From RDC,N/A - From RDC,Truck,Pre-PQ Process,N/A - From RDC,26-Mar-08,26-Mar-08,26-Mar-08,HRDT,HIV test,SCMS from RDC,"HIV 1/2, Uni-Gold HIV Kit, 20 Tests","HIV 1/2, Uni-Gold HIV Kit",Uni-Gold,,Test kit,20,"1,200",38400.00,32,1.6,"Trinity Biotech, Plc",FALSE,See DN-667 (ID#:10967),null,61.44
"11,873",104-CI-T01,Pre-PQ Process,SO-1680,DN-673,Côte d'Ivoire,PMO - US,From RDC,N/A - From RDC,Air,Pre-PQ Process,N/A - From RDC,27-Mar-08,27-Mar-08,27-Mar-08,ARV,Pediatric,SCMS from RDC,"Nevirapine 10mg/ml, oral suspension, Bottle, 240 ml",Nevirapine,Generic,10mg/ml,Oral suspension,240,"3,008",5775.36,1.92,0.01,"Aurobindo Unit III, India",FALSE,See DN-673 (ID#:10682),null,9.24
"12,499",102-KE-T01,Pre-PQ Process,SO-1975,DN-675,Kenya,PMO - US,From RDC,N/A - From RDC,Truck,Pre-PQ Process,N/A - From RDC,05-Mar-08,05-Mar-08,05-Mar-08,HRDT,HIV test - Ancillary,SCMS from RDC,"HIV, Lancet, Safety, for HIV Test kits, 100 Pcs","HIV, Lancet, Safety, for HIV Test kits, 100 Pcs",Generic,,Test kit - Ancillary,100,"1,550",15.50,0.01,0,Inverness Japan,FALSE,See DN-675 (ID#:11247),null,0.02
"86,469",107-RW-T30,FPQ-9637,SO-41810,DN-2628,Rwanda,PMO - US,From RDC,N/A - From RDC,Air,3/28/2012,N/A - From RDC,26-Apr-12,08-Apr-12,08-Apr-12,ARV,Adult,SCMS from RDC,"Efavirenz 600mg, tablets, 30 Tabs",Efavirenz,Generic,600mg,Tablet,30,"26,962",111083.44,4.12,0.14,"Strides, Bangalore, India.",TRUE,1638,"$18,446.92 ",155.74
"86,470",102-LY-T30,FPQ-9665,SO-41910,DN-2642,Libya,PMO - US,From RDC,N/A - From RDC,Air,04-04-12,N/A - From RDC,23-May-12,08-May-12,08-May-12,ARV,Adult,SCMS from RDC,"Efavirenz 600mg, tablets, 30 Tabs",Efavirenz,Generic,600mg,Tablet,30,"6,667",26067.97,3.91,0.13,"Strides, Bangalore, India.",TRUE,406,"$3,062.18 ",36.55
"86,471",151-NG-T30,FPQ-8952,SO-41921,DN-2646,Nigeria,PMO - US,From RDC,N/A - From RDC,Air Charter,12-08-11,N/A - From RDC,20-Jun-12,30-Apr-12,30-Apr-12,ARV,Adult,SCMS from RDC,"Lamivudine/Tenofovir Disoproxil Fumarate 300/300mg, tablets, 30 Tabs",Lamivudine/Tenofovir Disoproxil Fumarate,Generic,300/300mg,Tablet - FDC,30,"94,153",521607.62,5.54,0.18,"Aurobindo Unit VII, IN",TRUE,10684,"$27,441.22 ",731.29
"12,200",102-BW-T01,Pre-PQ Process,SO-2041,DN-678,Botswana,PMO - US,From RDC,N/A - From RDC,Truck,Pre-PQ Process,N/A - From RDC,25-Mar-08,25-Mar-08,25-Mar-08,HRDT,HIV test - Ancillary,SCMS from RDC,"HIV, Lancet, Safety, for HIV Test kits, 100 Pcs","HIV, Lancet, Safety, for HIV Test kits, 100 Pcs",Generic,,Test kit - Ancillary,100,200,2.00,0.01,0,Inverness Japan,FALSE,See DN-678 (ID#:12199),null,0
"12,201",102-BW-T01,Pre-PQ Process,SO-2041,DN-678,Botswana,PMO - US,From RDC,N/A - From RDC,Truck,Pre-PQ Process,N/A - From RDC,25-Mar-08,25-Mar-08,25-Mar-08,HRDT,HIV test,SCMS from RDC,"HIV 1/2, Uni-Gold HIV Kit, 20 Tests","HIV 1/2, Uni-Gold HIV Kit",Uni-Gold,,Test kit,20,"1,000",32000.00,32,1.6,"Trinity Biotech, Plc",FALSE,See DN-678 (ID#:12199),null,51.2
"12,186",106-HT-T01,Pre-PQ Process,SO-2042,DN-682,Haiti,PMO - US,From RDC,N/A - From RDC,Air,Pre-PQ Process,N/A - From RDC,21-Mar-08,21-Mar-08,21-Mar-08,ARV,Adult,SCMS from RDC,"Stavudine 30mg, capsules, 60 Caps",Stavudine,Generic,30mg,Capsule,60,"4,305",6543.60,1.52,0.03,"Aurobindo Unit III, India",FALSE,See DN-682 (ID#:10963),null,10.47
"12,187",106-HT-T01,Pre-PQ Process,SO-2042,DN-682,Haiti,PMO - US,From RDC,N/A - From RDC,Air,Pre-PQ Process,N/A - From RDC,21-Mar-08,21-Mar-08,21-Mar-08,ARV,Pediatric,SCMS from RDC,"Didanosine 200mg, chewable/dispersible tablets, 60 Tabs",Didanosine,Generic,200mg,Chewable/dispersible tablet,60,75,1162.50,15.5,0.26,"Aurobindo Unit III, India",FALSE,See DN-682 (ID#:10963),null,1.86
"86,476",110-ZM-T30,FPQ-9472,SO-41701,DN-2665,Zambia,PMO - US,From RDC,N/A - From RDC,Truck,03-08-12,N/A - From RDC,23-Aug-12,18-Jun-12,18-Jun-12,ARV,Adult,SCMS from RDC,"Emtricitabine/Tenofovir Disoproxil Fumarate 200/300mg, tablets, 30 Tabs",Emtricitabine/Tenofovir Disoproxil Fumarate,Generic,200/300mg,Tablet - FDC,30,"9,400",75576.00,8.04,0.27,Mylan (formerly Matrix) Nashik,TRUE,796,"$4,496.13 ",105.96
"12,188",106-HT-T01,Pre-PQ Process,SO-2042,DN-682,Haiti,PMO - US,From RDC,N/A - From RDC,Air,Pre-PQ Process,N/A - From RDC,21-Mar-08,21-Mar-08,21-Mar-08,ARV,Adult,SCMS from RDC,"Abacavir 300mg, tablets, 60 Tabs",Abacavir,Generic,300mg,Tablet,60,190,5230.70,27.53,0.46,Mylan (formerly Matrix) Nashik,FALSE,See DN-682 (ID#:10963),null,8.37
"86,479",113-ZW-T30,FPQ-8464,SO-40881,DN-2683,Zimbabwe,PMO - US,From RDC,N/A - From RDC,Truck,10-04-11,N/A - From RDC,14-Aug-12,27-Jun-12,27-Jun-12,ARV,Adult,SCMS from RDC,"Lamivudine/Nevirapine/Stavudine 150/200/30mg, tablets, 60 Tabs",Lamivudine/Nevirapine/Stavudine,Generic,150/200/30mg,Tablet - FDC,60,"66,980",314806.00,4.7,0.08,"Strides, Bangalore, India.",TRUE,1838,"$5,530.11 ",519.43
"86,480",151-NG-T30,FPQ-9432,SO-42333,DN-2688,Nigeria,PMO - US,From RDC,N/A - From RDC,Air Charter,03-01-12,N/A - From RDC,02-Aug-12,09-Jul-12,09-Jul-12,ARV,Adult,SCMS from RDC,"Lopinavir/Ritonavir 200/50mg, tablets, 120 Tabs",Lopinavir/Ritonavir,Generic,200/50mg,Tablet,120,"24,470",726269.60,29.68,0.25,"Aurobindo Unit III, India",TRUE,6808,"$21,347.12 ","1,018.23"
"86,481",104-CI-T30,FPQ-8787,SO-41170,DN-2689,Côte d'Ivoire,PMO - US,From RDC,N/A - From RDC,Air,11-11-11,N/A - From RDC,21-Jun-12,15-Jun-12,15-Jun-12,ARV,Adult,SCMS from RDC,"Lamivudine/Nevirapine/Zidovudine 150/200/300mg, tablets, 60 Tabs",Lamivudine/Nevirapine/Zidovudine,Generic,150/300/200mg,Tablet - FDC,60,"100,000",1029000.00,10.29,0.17,Mylan (formerly Matrix) Nashik,TRUE,13055,"$23,994.10 ","1,442.66"
"12,500",106-HT-T01,Pre-PQ Process,SO-2042,DN-682,Haiti,PMO - US,From RDC,N/A - From RDC,Air,Pre-PQ Process,N/A - From RDC,21-Mar-08,21-Mar-08,21-Mar-08,ARV,Adult,SCMS from RDC,"Stavudine 30mg, capsules, 60 Caps",Stavudine,Generic,30mg,Capsule,60,"7,770",11810.40,1.52,0.03,"Aurobindo Unit III, India",FALSE,See DN-682 (ID#:10963),null,18.9
"12,797",106-HT-T01,Pre-PQ Process,SO-2042,DN-682,Haiti,PMO - US,From RDC,N/A - From RDC,Air,Pre-PQ Process,N/A - From RDC,21-Mar-08,21-Mar-08,21-Mar-08,ARV,Pediatric,SCMS from RDC,"Abacavir 20mg/ml, oral solution, Bottle, 240 ml",Abacavir,Generic,20mg/ml,Oral solution,240,128,2112.00,16.5,0.07,"Aurobindo Unit III, India",FALSE,See DN-682 (ID#:10963),null,3.38
"86,484",111-MZ-T30,FPQ-9506,SO-41790,DN-2705,Mozambique,PMO - US,From RDC,N/A - From RDC,Truck,3/16/2012,N/A - From RDC,21-Aug-12,22-Aug-12,22-Aug-12,ARV,Pediatric,SCMS from RDC,"Nevirapine 10mg/ml, oral suspension w/syringe, Bottle, 240 ml",Nevirapine,Generic,10mg/ml,Oral suspension,240,"24,496",47767.20,1.95,0.01,"Aurobindo Unit III, India",TRUE,9080,"$6,483.81 ",66.97
"12,497",104-CI-T01,Pre-PQ Process,SO-2043,DN-684,Côte d'Ivoire,PMO - US,From RDC,N/A - From RDC,Air,Pre-PQ Process,N/A - From RDC,08-Apr-08,08-Apr-08,08-Apr-08,ARV,Pediatric,SCMS from RDC,"Stavudine 1mg/ml, powder for oral solution, 200 ml",Stavudine,Generic,1mg/ml,Oral solution,200,"1,971",2759.40,1.4,0.01,"Aurobindo Unit III, India",FALSE,See DN-684 (ID#:11884),null,4.42
"11,857",106-HT-T01,Pre-PQ Process,SO-2046,DN-685,Haiti,PMO - US,From RDC,N/A - From RDC,Air,Pre-PQ Process,N/A - From RDC,31-Mar-08,31-Mar-08,31-Mar-08,ARV,Pediatric,SCMS from RDC,"Zidovudine 10mg/ml, oral solution, Bottle, 240 ml",Zidovudine,Generic,10mg/ml,Oral solution,240,"3,264",7017.60,2.15,0.01,"Aurobindo Unit III, India",FALSE,See DN-685 (ID#:11234),null,11.23
"10,692",125-HT-T01,Pre-PQ Process,SO-1291,DN-686,Haiti,PMO - US,From RDC,N/A - From RDC,Air,Pre-PQ Process,N/A - From RDC,03-Apr-08,03-Apr-08,03-Apr-08,HRDT,HIV test,SCMS from RDC,"HIV 1/2, Determine HIV Kit, without Lancets, 100 Tests","HIV 1/2, Determine HIV Kit, without Lancets",Determine,,Test kit,100,10,720.00,72,0.72,Inverness Japan,FALSE,See DN-686 (ID#:10691),null,1.15
"86,488",109-TZ-T30,FPQ-8303,SO-40470,DN-2714,Tanzania,PMO - US,From RDC,N/A - From RDC,Truck,8/22/2011,N/A - From RDC,07-Aug-12,25-Jul-12,25-Jul-12,ARV,Pediatric,SCMS from RDC,"Nevirapine 10mg/ml, oral suspension w/syringe, Bottle, 240 ml",Nevirapine,Generic,10mg/ml,Oral suspension,240,"26,439",51556.05,1.95,0.01,"Aurobindo Unit III, India",TRUE,9907,"$3,853.89 ",85.07
"10,962",125-HT-T01,Pre-PQ Process,SO-1291,DN-686,Haiti,PMO - US,From RDC,N/A - From RDC,Air,Pre-PQ Process,N/A - From RDC,03-Apr-08,03-Apr-08,03-Apr-08,HRDT,HIV test,SCMS from RDC,"HIV 1/2, Determine HIV Kit, without Lancets, 100 Tests","HIV 1/2, Determine HIV Kit, without Lancets",Determine,,Test kit,100,25,1800.00,72,0.72,Inverness Japan,FALSE,See DN-686 (ID#:10691),null,2.88
"11,246",125-HT-T01,Pre-PQ Process,SO-1291,DN-686,Haiti,PMO - US,From RDC,N/A - From RDC,Air,Pre-PQ Process,N/A - From RDC,03-Apr-08,03-Apr-08,03-Apr-08,HRDT,HIV test,SCMS from RDC,"HIV 1/2, Determine HIV Kit, without Lancets, 100 Tests","HIV 1/2, Determine HIV Kit, without Lancets",Determine,,Test kit,100,10,720.00,72,0.72,Inverness Japan,FALSE,See DN-686 (ID#:10691),null,1.15
"12,795",125-HT-T01,Pre-PQ Process,SO-1291,DN-686,Haiti,PMO - US,From RDC,N/A - From RDC,Air,Pre-PQ Process,N/A - From RDC,03-Apr-08,03-Apr-08,03-Apr-08,HRDT,HIV test,SCMS from RDC,"HIV 1/2, Determine HIV Kit, without Lancets, 100 Tests","HIV 1/2, Determine HIV Kit, without Lancets",Determine,,Test kit,100,15,1080.00,72,0.72,Inverness Japan,FALSE,See DN-686 (ID#:10691),null,1.73
"86,492",110-ZM-T30,FPQ-9472,SO-41712,DN-2750,Zambia,PMO - US,From RDC,N/A - From RDC,Truck,03-08-12,N/A - From RDC,26-Jul-12,30-Jul-12,30-Jul-12,ARV,Adult,SCMS from RDC,"Efavirenz 600mg, tablets, 30 Tabs",Efavirenz,Generic,600mg,Tablet,30,"70,156",267294.36,3.81,0.13,"Aurobindo Unit III, India",TRUE,6022,"$18,219.83 ",374.75
"86,493",104-CI-T30,FPQ-8787,SO-41172,DN-2753,Côte d'Ivoire,PMO - US,From RDC,N/A - From RDC,Air,11-11-11,N/A - From RDC,31-Jul-12,31-Jul-12,31-Jul-12,ARV,Adult,SCMS from RDC,"Lamivudine/Nevirapine/Zidovudine 150/200/300mg, tablets, 60 Tabs",Lamivudine/Nevirapine/Zidovudine,Generic,150/300/200mg,Tablet - FDC,60,"50,000",490500.00,9.81,0.16,"Strides, Bangalore, India.",TRUE,5625,"$11,702.27 ",687.68
"10,973",100-ZW-T01,Pre-PQ Process,SO-713,DN-687,Zimbabwe,PMO - US,From RDC,N/A - From RDC,Air,Pre-PQ Process,N/A - From RDC,30-Mar-08,30-Mar-08,30-Mar-08,ARV,Adult,SCMS from RDC,"Lamivudine/Nevirapine/Stavudine 150/200/30mg, tablets, 60 Tabs",Lamivudine/Nevirapine/Stavudine,Generic,150/200/30mg,Tablet - FDC,60,"37,240",275576.00,7.4,0.12,"Cipla, Goa, India",FALSE,See DN-687 (ID#:10697),null,440.92
"86,496",151-NG-T30,FPQ-8952,SO-42800,DN-2765,Nigeria,PMO - US,From RDC,N/A - From RDC,Air Charter,12-08-11,N/A - From RDC,30-Jul-12,24-Jul-12,24-Jul-12,ARV,Adult,SCMS from RDC,"Efavirenz/Lamivudine/Tenofovir Disoproxil Fumarate 600/300/300mg, tablets, 30 Tabs",Efavirenz/Lamivudine/Tenofovir Disoproxil Fumarate,Generic,600/300/300mg,Tablet - FDC,30,"7,000",92890.00,13.27,0.44,Mylan (formerly Matrix) Nashik,TRUE,858,"$16,532.50 ",130.23
"11,259",100-ZW-T01,Pre-PQ Process,SO-713,DN-687,Zimbabwe,PMO - US,From RDC,N/A - From RDC,Air,Pre-PQ Process,N/A - From RDC,30-Mar-08,30-Mar-08,30-Mar-08,ARV,Adult,SCMS from RDC,"Efavirenz 600mg, tablets, 30 Tabs",Efavirenz,Generic,600mg,Tablet,30,"1,233",15313.86,12.42,0.41,Mylan (formerly Matrix) Nashik,FALSE,See DN-687 (ID#:10697),null,24.5
"86,498",151-NG-T30,FPQ-8952,SO-42804,DN-2771,Nigeria,PMO - US,From RDC,N/A - From RDC,Air Charter,12-08-11,N/A - From RDC,30-Jul-12,24-Jul-12,24-Jul-12,ARV,Adult,SCMS from RDC,"Efavirenz/Emtricitabine/Tenofovir Disoproxil Fumarate 600/200/300mg, tablets, 30 Tabs",Efavirenz/Emtricitabine/Tenofovir Disoproxil Fumarate,Generic,600/200/300mg,Tablet - FDC,30,"69,356",1043114.24,15.04,0.5,Mylan (formerly Matrix) Nashik,TRUE,8038,"$16,532.50 ","1,462.45"
"11,265",106-HT-T01,Pre-PQ Process,SO-2055,DN-690,Haiti,PMO - US,From RDC,N/A - From RDC,Air,Pre-PQ Process,N/A - From RDC,14-Apr-08,14-Apr-08,14-Apr-08,ARV,Pediatric,SCMS from RDC,"Lamivudine 10mg/ml, oral solution, Bottle, 240 ml",Lamivudine,Generic,10mg/ml,Oral solution,240,"4,338",8545.86,1.97,0.01,"Aurobindo Unit III, India",FALSE,See DN-690 (ID#:10706),null,13.67
"86,500",107-RW-T30,FPQ-9888,SO-42132,DN-2779,Rwanda,PMO - US,From RDC,N/A - From RDC,Air,05-11-12,N/A - From RDC,24-Aug-12,31-Jul-12,31-Jul-12,ARV,Adult,SCMS from RDC,"Abacavir 300mg, tablets, 60 Tabs",Abacavir,Generic,300mg,Tablet,60,"12,548",165006.20,13.15,0.22,Mylan (formerly Matrix) Nashik,TRUE,1297,"$21,520.66 ",231.34
"86,501",114-UG-T30,FPQ-9876,SO-42311,DN-2780,Uganda,PMO - US,From RDC,N/A - From RDC,Air,5/15/2012,N/A - From RDC,11-Sep-12,08-Aug-12,08-Aug-12,ARV,Adult,SCMS from RDC,"Lopinavir/Ritonavir 200/50mg, tablets, 120 Tabs",Lopinavir/Ritonavir,Generic,200/50mg,Tablet,120,"2,427",72033.36,29.68,0.25,Mylan (formerly Matrix) Nashik,TRUE,647,"$7,263.17 ",100.99
"11,553",106-HT-T01,Pre-PQ Process,SO-2055,DN-690,Haiti,PMO - US,From RDC,N/A - From RDC,Air,Pre-PQ Process,N/A - From RDC,14-Apr-08,14-Apr-08,14-Apr-08,ARV,Adult,SCMS from RDC,"Lamivudine/Zidovudine 150/300mg, tablets, 60 Tabs",Lamivudine/Zidovudine,Generic,150/300mg,Tablet - FDC,60,"24,345",230060.25,9.45,0.16,"Aurobindo Unit III, India",FALSE,See DN-690 (ID#:10706),null,368.1
"86,503",107-RW-T30,FPQ-9888,SO-42111,DN-2788,Rwanda,PMO - US,From RDC,N/A - From RDC,Air,05-11-12,N/A - From RDC,31-Aug-12,16-Aug-12,16-Aug-12,ARV,Adult,SCMS from RDC,"Abacavir 300mg, tablets, 60 Tabs",Abacavir,Generic,300mg,Tablet,60,629,8271.35,13.15,0.22,"Aurobindo Unit III, India",TRUE,67,"$1,618.12 ",11.6
"86,504",117-ET-T30,FPQ-10308,SO-42910,DN-2790,Ethiopia,PMO - US,From RDC,N/A - From RDC,Air,7/23/2012,N/A - From RDC,30-Aug-12,30-Aug-12,30-Aug-12,ARV,Pediatric,SCMS from RDC,"Nevirapine 10mg/ml, oral suspension w/syringe, Bottle, 240 ml",Nevirapine,Generic,10mg/ml,Oral suspension,240,"30,000",58500.00,1.95,0.01,"Aurobindo Unit III, India",TRUE,11101,"$33,216.14 ",82.02
"86,505",151-NG-T30,FPQ-9432,SO-42931,DN-2792,Nigeria,PMO - US,From RDC,N/A - From RDC,Air Charter,03-01-12,N/A - From RDC,20-Aug-12,14-Aug-12,14-Aug-12,ARV,Adult,SCMS from RDC,"Efavirenz/Lamivudine/Tenofovir Disoproxil Fumarate 600/300/300mg, tablets, 30 Tabs",Efavirenz/Lamivudine/Tenofovir Disoproxil Fumarate,Generic,600/300/300mg,Tablet - FDC,30,"23,000",305210.00,13.27,0.44,Mylan (formerly Matrix) Nashik,TRUE,2437,"$18,461.23 ",427.9
"86,506",151-NG-T30,FPQ-9432,SO-42934,DN-2799,Nigeria,PMO - US,From RDC,N/A - From RDC,Air,03-01-12,N/A - From RDC,31-Aug-12,14-Aug-12,14-Aug-12,ARV,Adult,SCMS from RDC,"Lamivudine/Nevirapine/Zidovudine 150/200/300mg, tablets, 60 Tabs",Lamivudine/Nevirapine/Zidovudine,Generic,150/300/200mg,Tablet - FDC,60,"132,919",1303935.39,9.81,0.16,Mylan (formerly Matrix) Nashik,TRUE,18953,"$18,461.22 ","1,828.12"
"11,899",106-HT-T01,Pre-PQ Process,SO-2055,DN-690,Haiti,PMO - US,From RDC,N/A - From RDC,Air,Pre-PQ Process,N/A - From RDC,14-Apr-08,14-Apr-08,14-Apr-08,ARV,Pediatric,SCMS from RDC,"Lamivudine 10mg/ml, oral solution, Bottle, 240 ml",Lamivudine,Generic,10mg/ml,Oral solution,240,"2,135",4205.95,1.97,0.01,"Aurobindo Unit III, India",FALSE,See DN-690 (ID#:10706),null,6.73
"12,511",106-HT-T01,Pre-PQ Process,SO-2055,DN-690,Haiti,PMO - US,From RDC,N/A - From RDC,Air,Pre-PQ Process,N/A - From RDC,14-Apr-08,14-Apr-08,14-Apr-08,ARV,Adult,SCMS from RDC,"Lopinavir/Ritonavir 200/50mg [Aluvia], tablets, 120 Tabs",Lopinavir/Ritonavir,Aluvia,200/50mg,Tablet,120,240,9864.00,41.1,0.34,ABBVIE Ludwigshafen Germany,FALSE,See DN-690 (ID#:10706),null,15.78
"11,529",106-HT-T01,Pre-PQ Process,SO-2058,DN-692,Haiti,PMO - US,From RDC,N/A - From RDC,Air,Pre-PQ Process,N/A - From RDC,03-Apr-08,03-Apr-08,03-Apr-08,ARV,Adult,SCMS from RDC,"Efavirenz 600mg, tablets, 30 Tabs",Efavirenz,Generic,600mg,Tablet,30,"18,760",225307.60,12.01,0.4,Mylan (formerly Matrix) Nashik,FALSE,See DN-692 (ID#:11233),null,360.49
"12,476",106-HT-T01,Pre-PQ Process,SO-2071,DN-693,Haiti,PMO - US,From RDC,N/A - From RDC,Air,Pre-PQ Process,N/A - From RDC,11-Apr-08,11-Apr-08,11-Apr-08,ARV,Pediatric,SCMS from RDC,"Efavirenz 30mg/ml [Stocrin/Sustiva], oral solution, Bottle, 180 ml",Efavirenz,Stocrin/Sustiva,30mg/ml,Oral solution,180,31,525.76,16.96,0.09,"MSD, Haarlem, NL",FALSE,See DN-693 (ID#:12475),null,0.84
"12,805",102-KE-T01,Pre-PQ Process,SO-1973,DN-697,Kenya,PMO - US,From RDC,N/A - From RDC,Truck,Pre-PQ Process,N/A - From RDC,31-Mar-08,31-Mar-08,31-Mar-08,HRDT,HIV test - Ancillary,SCMS from RDC,"HIV, Lancet, Safety, for HIV Test kits, 100 Pcs","HIV, Lancet, Safety, for HIV Test kits, 100 Pcs",Generic,,Test kit - Ancillary,100,"2,000",20.00,0.01,0,Inverness Japan,FALSE,See DN-697 (ID#:12202),null,0.03
"86,512",114-UG-T30,FPQ-9875,SO-42082,DN-2831,Uganda,PMO - US,From RDC,N/A - From RDC,Truck,05-09-12,N/A - From RDC,31-Oct-12,31-Oct-12,31-Oct-12,ARV,Adult,SCMS from RDC,"Lamivudine/Tenofovir Disoproxil Fumarate 300/300mg, tablets, 30 Tabs",Lamivudine/Tenofovir Disoproxil Fumarate,Generic,300/300mg,Tablet - FDC,30,"19,078",105692.12,5.54,0.18,Hetero Unit III Hyderabad IN,TRUE,2030,"$11,846.85 ",148.18
"86,513",109-TZ-T30,FPQ-9271,SO-41582,DN-2844,Tanzania,PMO - US,From RDC,N/A - From RDC,Truck,1/31/2012,N/A - From RDC,15-Nov-12,15-Nov-12,15-Nov-12,ARV,Adult,SCMS from RDC,"Lopinavir/Ritonavir 200/50mg, tablets, 120 Tabs",Lopinavir/Ritonavir,Generic,200/50mg,Tablet,120,"16,114",472301.34,29.31,0.24,Mylan (formerly Matrix) Nashik,TRUE,4256,"$6,052.10 ",662.17
"11,258",111-MZ-T01,Pre-PQ Process,SO-1615,DN-698,Mozambique,PMO - US,From RDC,N/A - From RDC,Air,Pre-PQ Process,N/A - From RDC,23-Jun-08,23-Jun-08,23-Jun-08,ARV,Adult,SCMS from RDC,"Zidovudine 300mg, tablets, 60 Tabs",Zidovudine,Generic,300mg,Tablet,60,"3,060",24939.00,8.15,0.14,"Aurobindo Unit III, India",FALSE,See DN-698 (ID#:10970),null,39.9
"11,891",111-MZ-T01,Pre-PQ Process,SO-1615,DN-698,Mozambique,PMO - US,From RDC,N/A - From RDC,Air,Pre-PQ Process,N/A - From RDC,23-Jun-08,23-Jun-08,23-Jun-08,ARV,Adult,SCMS from RDC,"Lamivudine/Nevirapine/Zidovudine 150/200/300mg, tablets, 60 Tabs",Lamivudine/Nevirapine/Zidovudine,Generic,150/300/200mg,Tablet - FDC,60,"19,000",256500.00,13.5,0.22,"Aurobindo Unit III, India",FALSE,See DN-698 (ID#:10970),null,410.4
"12,198",111-MZ-T01,Pre-PQ Process,SO-1615,DN-698,Mozambique,PMO - US,From RDC,N/A - From RDC,Air,Pre-PQ Process,N/A - From RDC,23-Jun-08,23-Jun-08,23-Jun-08,ARV,Adult,SCMS from RDC,"Ritonavir 100mg [Norvir], capsules, cool, 84 Caps",Ritonavir,Norvir,100mg,Capsule,84,360,3452.40,9.59,0.11,ABBVIE (Abbott) Logis. UK,FALSE,See DN-698 (ID#:10970),null,5.52
"86,517",102-ZW-T30,FPQ-9927,SO-42301,DN-2866,Zimbabwe,PMO - US,From RDC,N/A - From RDC,Truck,5/15/2012,N/A - From RDC,31-Oct-12,05-Oct-12,05-Oct-12,ARV,Adult,SCMS from RDC,"Lamivudine/Nevirapine/Zidovudine 150/200/300mg, tablets, 60 Tabs",Lamivudine/Nevirapine/Zidovudine,Generic,150/300/200mg,Tablet - FDC,60,"100,000",981000.00,9.81,0.16,Hetero Unit III Hyderabad IN,TRUE,14115,"$8,751.99 ","1,375.36"
"86,518",900-SS-T30,FPQ-10517,SO-43080,DN-2872,South Sudan,PMO - US,From RDC,N/A - From RDC,Air,8/17/2012,N/A - From RDC,30-Nov-12,30-Nov-12,30-Nov-12,ARV,Adult,SCMS from RDC,"Lamivudine/Zidovudine 150/300mg, tablets, 60 Tabs",Lamivudine/Zidovudine,Generic,150/300mg,Tablet - FDC,60,300,2316.00,7.72,0.13,Mylan (formerly Matrix) Nashik,TRUE,25,$742.98 ,3.25
"12,800",111-MZ-T01,Pre-PQ Process,SO-1615,DN-698,Mozambique,PMO - US,From RDC,N/A - From RDC,Air,Pre-PQ Process,N/A - From RDC,23-Jun-08,23-Jun-08,23-Jun-08,ARV,Adult,SCMS from RDC,"Efavirenz 600mg, tablets, 30 Tabs",Efavirenz,Generic,600mg,Tablet,30,"2,500",31050.00,12.42,0.41,"Aurobindo Unit III, India",FALSE,See DN-698 (ID#:10970),null,49.68
"12,801",111-MZ-T01,Pre-PQ Process,SO-1615,DN-698,Mozambique,PMO - US,From RDC,N/A - From RDC,Air,Pre-PQ Process,N/A - From RDC,23-Jun-08,23-Jun-08,23-Jun-08,ARV,Adult,SCMS from RDC,"Lamivudine/Zidovudine 150/300mg, tablets, 60 Tabs",Lamivudine/Zidovudine,Generic,150/300mg,Tablet - FDC,60,"1,728",16416.00,9.5,0.16,"Cipla, Goa, India",FALSE,See DN-698 (ID#:10970),null,26.27
"12,336",107-RW-T01,Pre-PQ Process,SO-239,DN-70,Rwanda,PMO - US,From RDC,N/A - From RDC,Air,Pre-PQ Process,N/A - From RDC,10-Apr-07,10-Apr-07,10-Apr-07,HRDT,HIV test,SCMS from RDC,"HIV 1/2, Uni-Gold HIV Kit, 20 Tests","HIV 1/2, Uni-Gold HIV Kit",Uni-Gold,,Test kit,20,500,16000.00,32,1.6,"Trinity Biotech, Plc",FALSE,See DN-70 (ID#:11095),null,
"12,204",117-ET-T01,Pre-PQ Process,SO-1974,DN-703,Ethiopia,PMO - US,From RDC,N/A - From RDC,Air,Pre-PQ Process,N/A - From RDC,21-Apr-08,21-Apr-08,21-Apr-08,ARV,Adult,SCMS from RDC,"Nevirapine 200mg, tablets, 60 Tabs",Nevirapine,Generic,200mg,Tablet,60,"1,440",4896.00,3.4,0.06,Hetero Unit III Hyderabad IN,FALSE,See DN-703 (ID#:11263),null,7.83
"10,946",100-ZW-T01,Pre-PQ Process,SO-714,DN-709,Zimbabwe,PMO - US,From RDC,N/A - From RDC,Air,Pre-PQ Process,N/A - From RDC,21-Apr-08,21-Apr-08,21-Apr-08,ARV,Adult,SCMS from RDC,"Lamivudine/Nevirapine/Stavudine 150/200/30mg, tablets, 60 Tabs",Lamivudine/Nevirapine/Stavudine,Generic,150/200/30mg,Tablet - FDC,60,"37,240",275576.00,7.4,0.12,"Cipla, Goa, India",FALSE,See DN-709 (ID#:10945),null,440.92
"12,776",100-ZW-T01,Pre-PQ Process,SO-714,DN-709,Zimbabwe,PMO - US,From RDC,N/A - From RDC,Air,Pre-PQ Process,N/A - From RDC,21-Apr-08,21-Apr-08,21-Apr-08,ARV,Adult,SCMS from RDC,"Efavirenz 600mg, tablets, 30 Tabs",Efavirenz,Generic,600mg,Tablet,30,"1,860",23101.20,12.42,0.41,Mylan (formerly Matrix) Nashik,FALSE,See DN-709 (ID#:10945),null,36.96
"86,525",114-UG-T30,FPQ-10556,SO-43180,DN-2890,Uganda,PMO - US,From RDC,N/A - From RDC,Air,8/30/2012,N/A - From RDC,08-Nov-12,29-Oct-12,29-Oct-12,ARV,Adult,SCMS from RDC,"Efavirenz 600mg, tablets, 30 Tabs",Efavirenz,Generic,600mg,Tablet,30,"2,700",10287.00,3.81,0.13,"Aurobindo Unit III, India",TRUE,234,"$2,154.10 ",14.42
"86,526",104-CI-T30,FPQ-10633,SO-43350,DN-2896,Côte d'Ivoire,PMO - US,From RDC,N/A - From RDC,Truck,09-11-12,N/A - From RDC,31-Jan-13,24-Oct-12,24-Oct-12,ARV,Pediatric,SCMS from RDC,"Zidovudine 10mg/ml, oral solution w/syringe, Bottle, 240 ml",Zidovudine,Generic,10mg/ml,Oral solution,240,"3,000",6300.00,2.1,0.01,"Aurobindo Unit III, India",TRUE,1152,"$5,971.13 ",8.83
"11,714",100-CI-T01,Pre-PQ Process,SO-286,DN-71,Côte d'Ivoire,PMO - US,From RDC,N/A - From RDC,,Pre-PQ Process,N/A - From RDC,30-Apr-07,30-Apr-07,30-Apr-07,ARV,Adult,SCMS from RDC,"Abacavir 300mg, tablets, 60 Tabs",Abacavir,Generic,300mg,Tablet,60,68,2995.40,44.05,0.73,"Aurobindo Unit III, India",FALSE,See DN-71 (ID#:11374),null,
"12,164",112-NG-T01,Pre-PQ Process,SO-2351,DN-717,Nigeria,PMO - US,From RDC,N/A - From RDC,Air,Pre-PQ Process,N/A - From RDC,18-Apr-08,18-Apr-08,18-Apr-08,ARV,Adult,SCMS from RDC,"Lamivudine 150mg, tablets, 60 Tabs",Lamivudine,Generic,150mg,Tablet,60,307,893.37,2.91,0.05,"Aurobindo Unit III, India",FALSE,See DN-717 (ID#:11858),null,1.43
"86,529",114-UG-T30,FPQ-10556,SO-43200,DN-2922,Uganda,PMO - US,From RDC,N/A - From RDC,Truck,8/30/2012,N/A - From RDC,06-Dec-12,20-Nov-12,20-Nov-12,ARV,Adult,SCMS from RDC,"Zidovudine 300mg, tablets, 60 Tabs",Zidovudine,Generic,300mg,Tablet,60,25,169.00,6.76,0.11,Hetero Unit III Hyderabad IN,TRUE,1,"$5,220.79 ",0.24
"86,530",114-UG-T30,FPQ-10786,SO-43530,DN-2925,Uganda,PMO - US,From RDC,N/A - From RDC,Air,10-10-12,N/A - From RDC,07-Dec-12,28-Nov-12,28-Nov-12,ARV,Adult,SCMS from RDC,"Lopinavir/Ritonavir 200/50mg, tablets, 120 Tabs",Lopinavir/Ritonavir,Generic,200/50mg,Tablet,120,"8,335",222544.50,26.7,0.22,"Aurobindo Unit III, India",TRUE,2034,"$10,977.65 ",275.29
"12,477",112-NG-T01,Pre-PQ Process,SO-2351,DN-717,Nigeria,PMO - US,From RDC,N/A - From RDC,Air,Pre-PQ Process,N/A - From RDC,18-Apr-08,18-Apr-08,18-Apr-08,ARV,Adult,SCMS from RDC,"Stavudine 30mg, capsules, 60 Caps",Stavudine,Generic,30mg,Capsule,60,"1,521",2311.92,1.52,0.03,"Aurobindo Unit III, India",FALSE,See DN-717 (ID#:11858),null,3.7
"12,478",112-NG-T01,Pre-PQ Process,SO-2351,DN-717,Nigeria,PMO - US,From RDC,N/A - From RDC,Air,Pre-PQ Process,N/A - From RDC,18-Apr-08,18-Apr-08,18-Apr-08,ARV,Adult,SCMS from RDC,"Stavudine 30mg, capsules, 60 Caps",Stavudine,Generic,30mg,Capsule,60,420,638.40,1.52,0.03,"Aurobindo Unit III, India",FALSE,See DN-717 (ID#:11858),null,1.02
"12,479",112-NG-T01,Pre-PQ Process,SO-2351,DN-717,Nigeria,PMO - US,From RDC,N/A - From RDC,Air,Pre-PQ Process,N/A - From RDC,18-Apr-08,18-Apr-08,18-Apr-08,ARV,Adult,SCMS from RDC,"Efavirenz 600mg, tablets, 30 Tabs",Efavirenz,Generic,600mg,Tablet,30,"3,077",36954.77,12.01,0.4,"Aurobindo Unit III, India",FALSE,See DN-717 (ID#:11858),null,59.13
"12,480",112-NG-T01,Pre-PQ Process,SO-2351,DN-717,Nigeria,PMO - US,From RDC,N/A - From RDC,Air,Pre-PQ Process,N/A - From RDC,18-Apr-08,18-Apr-08,18-Apr-08,ARV,Adult,SCMS from RDC,"Abacavir 300mg, tablets, 60 Tabs",Abacavir,Generic,300mg,Tablet,60,15,412.95,27.53,0.46,Mylan (formerly Matrix) Nashik,FALSE,See DN-717 (ID#:11858),null,0.66
"12,778",112-NG-T01,Pre-PQ Process,SO-2351,DN-717,Nigeria,PMO - US,From RDC,N/A - From RDC,Air,Pre-PQ Process,N/A - From RDC,18-Apr-08,18-Apr-08,18-Apr-08,ARV,Adult,SCMS from RDC,"Emtricitabine/Tenofovir Disoproxil Fumarate 200/300mg [Truvada], tablets, 30 Tabs",Emtricitabine/Tenofovir Disoproxil Fumarate,Truvada,300/200mg,Tablet - FDC,30,16,420.00,26.25,0.88,"Aspen-OSD, Port Elizabeth, SA",FALSE,See DN-717 (ID#:11858),null,0.67
"86,536",104-CI-T30,FPQ-10626,SO-43290,DN-2959,Côte d'Ivoire,PMO - US,From RDC,N/A - From RDC,Truck,09-06-12,N/A - From RDC,27-Feb-13,14-Jan-13,14-Jan-13,ARV,Adult,SCMS from RDC,"Abacavir/Lamivudine 600/300mg, scored tablets, 30 Tabs",Abacavir/Lamivudine,Generic,600/300mg,Tablet - FDC,30,"1,800",40500.00,22.5,0.75,"Aurobindo Unit III, India",TRUE,174,"$2,148.50 ",56.78
"10,969",112-NG-T01,Pre-PQ Process,SO-2350,DN-718,Nigeria,PMO - US,From RDC,N/A - From RDC,Air,Pre-PQ Process,N/A - From RDC,21-Apr-08,21-Apr-08,21-Apr-08,ARV,Pediatric,SCMS from RDC,"Stavudine 1mg/ml, powder for oral solution, 200 ml",Stavudine,Generic,1mg/ml,Oral solution,200,16,22.40,1.4,0.01,"Aurobindo Unit III, India",FALSE,See DN-718 (ID#:10968),null,0.04
"11,543",112-NG-T01,Pre-PQ Process,SO-2350,DN-718,Nigeria,PMO - US,From RDC,N/A - From RDC,Air,Pre-PQ Process,N/A - From RDC,21-Apr-08,21-Apr-08,21-Apr-08,ARV,Adult,SCMS from RDC,"Lamivudine/Zidovudine 150/300mg, tablets, 60 Tabs",Lamivudine/Zidovudine,Generic,150/300mg,Tablet - FDC,60,"1,300",12285.00,9.45,0.16,"Aurobindo Unit III, India",FALSE,See DN-718 (ID#:10968),null,19.66
"86,539",104-CI-T30,FPQ-10405,SO-42970,DN-2969,Côte d'Ivoire,PMO - US,From RDC,N/A - From RDC,Air,7/24/2012,N/A - From RDC,28-Feb-13,25-Jan-13,25-Jan-13,ARV,Pediatric,SCMS from RDC,"Efavirenz 200mg, scored tablets, 90 Tabs",Efavirenz,Generic,200mg,Tablet,90,"4,000",29200.00,7.3,0.08,"Strides, Bangalore, India.",TRUE,244,"$3,138.35 ",40.94
"12,192",112-NG-T01,Pre-PQ Process,SO-2350,DN-718,Nigeria,PMO - US,From RDC,N/A - From RDC,Air,Pre-PQ Process,N/A - From RDC,21-Apr-08,21-Apr-08,21-Apr-08,ARV,Pediatric,SCMS from RDC,"Stavudine 1mg/ml, powder for oral solution, 200 ml",Stavudine,Generic,1mg/ml,Oral solution,200,55,77.00,1.4,0.01,"Aurobindo Unit III, India",FALSE,See DN-718 (ID#:10968),null,0.12
"11,709",112-NG-T01,Pre-PQ Process,SO-340,DN-72,Nigeria,PMO - US,From RDC,N/A - From RDC,,Pre-PQ Process,N/A - From RDC,17-Apr-07,17-Apr-07,17-Apr-07,ARV,Pediatric,SCMS from RDC,"Lamivudine 10mg/ml, oral solution, Bottle, 240 ml",Lamivudine,Generic,10mg/ml,Oral solution,240,"1,200",2640.00,2.2,0.01,"Aurobindo Unit III, India",FALSE,See DN-72 (ID#:11097),null,
"12,031",112-NG-T01,Pre-PQ Process,SO-340,DN-72,Nigeria,PMO - US,From RDC,N/A - From RDC,,Pre-PQ Process,N/A - From RDC,17-Apr-07,17-Apr-07,17-Apr-07,ARV,Pediatric,SCMS from RDC,"Zidovudine 10mg/ml, oral solution, Bottle, 240 ml",Zidovudine,Generic,10mg/ml,Oral solution,240,"1,200",2580.00,2.15,0.01,"Aurobindo Unit III, India",FALSE,See DN-72 (ID#:11097),null,
"12,203",130-NG-T01,Pre-PQ Process,SO-2500,DN-729,Nigeria,PMO - US,From RDC,N/A - From RDC,Air,Pre-PQ Process,N/A - From RDC,09-May-08,09-May-08,09-May-08,ARV,Adult,SCMS from RDC,"Nevirapine 200mg, tablets, 60 Tabs",Nevirapine,Generic,200mg,Tablet,60,"1,666",5664.40,3.4,0.06,"Aurobindo Unit III, India",FALSE,See DN-729 (ID#:11895),null,9.06
"86,545",111-MZ-T30,FPQ-11033,SO-43800,DN-3002,Mozambique,PMO - US,From RDC,N/A - From RDC,Truck,11-12-12,N/A - From RDC,22-Mar-13,22-Mar-13,22-Mar-13,ARV,Adult,SCMS from RDC,"Efavirenz 600mg, tablets, 30 Tabs",Efavirenz,Generic,600mg,Tablet,30,"38,000",135280.00,3.56,0.12,"Hetero, Jadcherla, unit 5, IN",TRUE,3140,"$7,733.77 ",167.34
"11,261",130-NG-T01,Pre-PQ Process,SO-2501,DN-730,Nigeria,PMO - US,From RDC,N/A - From RDC,Air,Pre-PQ Process,N/A - From RDC,26-May-08,26-May-08,26-May-08,ARV,Adult,SCMS from RDC,"Lamivudine/Stavudine 150/30mg, tablets, 30 Tabs",Lamivudine/Stavudine,Generic,150/30mg,Tablet - FDC,30,"1,566",3132.00,2,0.07,"Cipla, Goa, India",FALSE,See DN-730 (ID#:11260),null,5.01
"11,532",100-PK-T01,Pre-PQ Process,SO-2496,DN-732,Pakistan,PMO - US,From RDC,N/A - From RDC,Air,Pre-PQ Process,N/A - From RDC,19-May-08,19-May-08,19-May-08,HRDT,HIV test - Ancillary,SCMS from RDC,"HIV, Lancet, Safety, for HIV Test kits, 100 Pcs","HIV, Lancet, Safety, for HIV Test kits, 100 Pcs",Generic,,Test kit - Ancillary,100,20,0.20,0.01,0,Inverness Japan,FALSE,See DN-732 (ID#:10675),null,0
"11,880",106-HT-T01,Pre-PQ Process,SO-2059,DN-733,Haiti,PMO - US,From RDC,N/A - From RDC,Air,Pre-PQ Process,N/A - From RDC,26-May-08,26-May-08,26-May-08,ARV,Adult,SCMS from RDC,"Lamivudine/Zidovudine 150/300mg, tablets, 60 Tabs",Lamivudine/Zidovudine,Generic,150/300mg,Tablet - FDC,60,"28,896",273067.20,9.45,0.16,"Aurobindo Unit III, India",FALSE,See DN-733 (ID#:10688),null,436.91
"86,551",151-NG-T30,FPQ-10477,SO-43047,DN-3027,Nigeria,PMO - US,From RDC,N/A - From RDC,Air Charter,08-09-12,N/A - From RDC,15-Mar-13,25-Feb-13,25-Feb-13,ARV,Adult,SCMS from RDC,"Emtricitabine/Tenofovir Disoproxil Fumarate 200/300mg, tablets, 30 Tabs",Emtricitabine/Tenofovir Disoproxil Fumarate,Generic,200/300mg,Tablet - FDC,30,"66,700",404869.00,6.07,0.2,"Aurobindo Unit III, India",TRUE,12046,"$37,242.50 ",567.63
"11,881",104-CI-T01,Pre-PQ Process,SO-2044,DN-734,Côte d'Ivoire,PMO - US,From RDC,N/A - From RDC,Air,Pre-PQ Process,N/A - From RDC,02-Jun-08,02-Jun-08,02-Jun-08,ARV,Pediatric,SCMS from RDC,"Stavudine 1mg/ml, powder for oral solution, 200 ml",Stavudine,Generic,1mg/ml,Oral solution,200,"3,229",4520.60,1.4,0.01,"Aurobindo Unit III, India",FALSE,See DN-734 (ID#:10689),null,7.23
"12,791",106-HT-T01,Pre-PQ Process,SO-2050,DN-736,Haiti,PMO - US,From RDC,N/A - From RDC,Air,Pre-PQ Process,N/A - From RDC,29-May-08,29-May-08,29-May-08,ARV,Pediatric,SCMS from RDC,"Lamivudine 10mg/ml, oral solution, Bottle, 240 ml",Lamivudine,Generic,10mg/ml,Oral solution,240,"2,415",4757.55,1.97,0.01,"Aurobindo Unit III, India",FALSE,See DN-736 (ID#:12790),null,7.61
"11,861",131-NG-T01,Pre-PQ Process,SO-2575,DN-737,Nigeria,PMO - US,From RDC,N/A - From RDC,Air,Pre-PQ Process,N/A - From RDC,14-May-08,14-May-08,14-May-08,ARV,Adult,SCMS from RDC,"Zidovudine 300mg, tablets, 60 Tabs",Zidovudine,Generic,300mg,Tablet,60,"3,075",24600.00,8,0.13,"Aurobindo Unit III, India",FALSE,See DN-737 (ID#:11533),null,39.36
"86,555",110-ZM-T30,FPQ-11553,SO-44471,DN-3051,Zambia,PMO - US,From RDC,N/A - From RDC,Truck,1/28/2013,N/A - From RDC,25-Jun-13,01-Apr-13,01-Apr-13,ARV,Adult,SCMS from RDC,"Nevirapine 200mg, tablets, 60 Tabs",Nevirapine,Generic,200mg,Tablet,60,"38,929",87979.54,2.26,0.04,Hetero Unit III Hyderabad IN,TRUE,2462,"$16,295.56 ",108.83
"12,780",131-NG-T01,Pre-PQ Process,SO-2575,DN-737,Nigeria,PMO - US,From RDC,N/A - From RDC,Air,Pre-PQ Process,N/A - From RDC,14-May-08,14-May-08,14-May-08,ARV,Adult,SCMS from RDC,"Lamivudine/Nevirapine/Zidovudine 150/200/300mg, tablets, 60 Tabs",Lamivudine/Nevirapine/Zidovudine,Generic,150/300/200mg,Tablet - FDC,60,"16,610",220580.80,13.28,0.22,"Cipla, Goa, India",FALSE,See DN-737 (ID#:11533),null,352.93
"86,558",113-ZW-T30,FPQ-10632,SO-43213,DN-3083,Zimbabwe,PMO - US,From RDC,N/A - From RDC,Truck,09-11-12,N/A - From RDC,15-Apr-13,08-Apr-13,08-Apr-13,ARV,Adult,SCMS from RDC,"Lamivudine/Tenofovir Disoproxil Fumarate 300/300mg, tablets, 30 Tabs",Lamivudine/Tenofovir Disoproxil Fumarate,Generic,300/300mg,Tablet - FDC,30,"138,974",653177.80,4.7,0.16,Hetero Unit III Hyderabad IN,TRUE,14845,"$14,451.68 ",915.76
"86,559",102-BI-T30,FPQ-11661,SO-44650,DN-3088,Burundi,PMO - US,From RDC,N/A - From RDC,Air,2/20/2013,N/A - From RDC,02-May-13,29-Mar-13,29-Mar-13,ARV,Pediatric,SCMS from RDC,"Nevirapine 10mg/ml, oral suspension w/syringe, Bottle, 240 ml",Nevirapine,Generic,10mg/ml,Oral suspension,240,564,1099.80,1.95,0.01,"Aurobindo Unit III, India",TRUE,210,"$1,551.32 ",1.36
"12,046",100-CI-T01,Pre-PQ Process,SO-285,DN-74,Côte d'Ivoire,PMO - US,From RDC,N/A - From RDC,,Pre-PQ Process,N/A - From RDC,30-Apr-07,30-Apr-07,30-Apr-07,ARV,Adult,SCMS from RDC,"Lamivudine/Zidovudine 150/300mg, tablets, 60 Tabs",Lamivudine/Zidovudine,Generic,150/300mg,Tablet - FDC,60,"6,944",71176.00,10.25,0.17,"Aurobindo Unit III, India",FALSE,See DN-74 (ID#:12045),null,
"12,170",106-HT-T01,Pre-PQ Process,SO-2047,DN-742,Haiti,PMO - US,From RDC,N/A - From RDC,Air,Pre-PQ Process,N/A - From RDC,02-Jun-08,02-Jun-08,02-Jun-08,ARV,Pediatric,SCMS from RDC,"Abacavir 20mg/ml, oral solution, Bottle, 240 ml",Abacavir,Generic,20mg/ml,Oral solution,240,160,2640.00,16.5,0.07,"Aurobindo Unit III, India",FALSE,See DN-742 (ID#:11537),null,4.22
"10,954",106-HT-T01,Pre-PQ Process,SO-2056,DN-743,Haiti,PMO - US,From RDC,N/A - From RDC,Air,Pre-PQ Process,N/A - From RDC,27-May-08,27-May-08,27-May-08,ARV,Adult,SCMS from RDC,"Lamivudine 150mg, tablets, 60 Tabs",Lamivudine,Generic,150mg,Tablet,60,"7,380",21475.80,2.91,0.05,"Aurobindo Unit III, India",FALSE,See DN-743 (ID#:10683),null,34.36
"11,241",106-HT-T01,Pre-PQ Process,SO-2053,DN-744,Haiti,PMO - US,From RDC,N/A - From RDC,Air,Pre-PQ Process,N/A - From RDC,02-Jun-08,02-Jun-08,02-Jun-08,ARV,Pediatric,SCMS from RDC,"Nevirapine 10mg/ml, oral suspension, Bottle, 240 ml",Nevirapine,Generic,10mg/ml,Oral suspension,240,"2,112",4055.04,1.92,0.01,"Aurobindo Unit III, India",FALSE,See DN-744 (ID#:10684),null,6.49
"11,876",106-HT-T01,Pre-PQ Process,SO-2053,DN-744,Haiti,PMO - US,From RDC,N/A - From RDC,Air,Pre-PQ Process,N/A - From RDC,02-Jun-08,02-Jun-08,02-Jun-08,ARV,Adult,SCMS from RDC,"Stavudine 15mg, capsules, 60 Caps",Stavudine,Generic,15mg,Capsule,60,127,190.50,1.5,0.02,"Aurobindo Unit III, India",FALSE,See DN-744 (ID#:10684),null,0.3
"12,490",106-HT-T01,Pre-PQ Process,SO-2053,DN-744,Haiti,PMO - US,From RDC,N/A - From RDC,Air,Pre-PQ Process,N/A - From RDC,02-Jun-08,02-Jun-08,02-Jun-08,ARV,Adult,SCMS from RDC,"Stavudine 20mg, capsules, 60 Caps",Stavudine,Generic,20mg,Capsule,60,39,68.25,1.75,0.03,"Aurobindo Unit III, India",FALSE,See DN-744 (ID#:10684),null,0.11
"86,567",110-ZM-T30,FPQ-11969,SO-44900,DN-3115,Zambia,PMO - US,From RDC,N/A - From RDC,Air,3/26/2013,N/A - From RDC,28-Jun-13,14-May-13,14-May-13,ARV,Adult,SCMS from RDC,"Emtricitabine/Tenofovir Disoproxil Fumarate 200/300mg, tablets, 30 Tabs",Emtricitabine/Tenofovir Disoproxil Fumarate,Generic,200/300mg,Tablet - FDC,30,"18,216",110571.12,6.07,0.2,Mylan (formerly Matrix) Nashik,TRUE,1500,"$7,513.50 ",136.78
"12,788",106-HT-T01,Pre-PQ Process,SO-2053,DN-744,Haiti,PMO - US,From RDC,N/A - From RDC,Air,Pre-PQ Process,N/A - From RDC,02-Jun-08,02-Jun-08,02-Jun-08,ARV,Pediatric,SCMS from RDC,"Abacavir 20mg/ml, oral solution, Bottle, 240 ml",Abacavir,Generic,20mg/ml,Oral solution,240,224,3696.00,16.5,0.07,"Aurobindo Unit III, India",FALSE,See DN-744 (ID#:10684),null,5.91
"86,569",151-NG-T30,FPQ-11022,SO-43846,DN-3141,Nigeria,PMO - US,From RDC,N/A - From RDC,Air Charter,11/15/2012,N/A - From RDC,21-May-13,03-May-13,03-May-13,ARV,Pediatric,SCMS from RDC,"Efavirenz 200mg, scored tablets, 90 Tabs",Efavirenz,Generic,200mg,Tablet,90,848,6190.40,7.3,0.08,"Strides, Bangalore, India.",TRUE,73,"$14,547.55 ",7.66
"12,781",109-TZ-T01,Pre-PQ Process,SO-2556,DN-748,Tanzania,PMO - US,From RDC,N/A - From RDC,Truck,Pre-PQ Process,N/A - From RDC,30-Jun-08,30-Jun-08,30-Jun-08,ARV,Adult,SCMS from RDC,"Lamivudine 150mg, tablets, 60 Tabs",Lamivudine,Generic,150mg,Tablet,60,"8,805",25622.55,2.91,0.05,"Ranbaxy, Paonta Shahib, India",FALSE,See DN-748 (ID#:12484),null,41
"86,573",109-TZ-T30,FPQ-11393,SO-44382,DN-3177,Tanzania,PMO - US,From RDC,N/A - From RDC,Truck,12/30/2012,N/A - From RDC,31-May-13,18-Jun-13,18-Jun-13,ARV,Adult,SCMS from RDC,"Lopinavir/Ritonavir 200/50mg, tablets, 120 Tabs",Lopinavir/Ritonavir,Generic,200/50mg,Tablet,120,"7,995",174131.10,21.78,0.18,"Aurobindo Unit III, India",TRUE,1946,"$12,382 ",215.4
"12,782",109-TZ-T01,Pre-PQ Process,SO-2556,DN-748,Tanzania,PMO - US,From RDC,N/A - From RDC,Truck,Pre-PQ Process,N/A - From RDC,30-Jun-08,30-Jun-08,30-Jun-08,ARV,Adult,SCMS from RDC,"Nevirapine 200mg, tablets, 60 Tabs",Nevirapine,Generic,200mg,Tablet,60,"87,768",298411.20,3.4,0.06,"Ranbaxy, Paonta Shahib, India",FALSE,See DN-748 (ID#:12484),null,477.46
"12,165",100-ZW-T01,Pre-PQ Process,SO-2667,DN-756,Zimbabwe,PMO - US,From RDC,N/A - From RDC,Air,Pre-PQ Process,N/A - From RDC,11-Jun-08,11-Jun-08,11-Jun-08,ARV,Adult,SCMS from RDC,"Lamivudine/Nevirapine/Stavudine 150/200/30mg, tablets, 60 Tabs",Lamivudine/Nevirapine/Stavudine,Generic,150/200/30mg,Tablet - FDC,60,"37,240",275576.00,7.4,0.12,"Cipla, Goa, India",FALSE,See DN-756 (ID#:11866),null,440.92
"86,576",151-NG-T30,FPQ-11022,SO-45203,DN-3190,Nigeria,PMO - US,From RDC,N/A - From RDC,Air Charter,11/15/2012,N/A - From RDC,21-May-13,29-May-13,29-May-13,ARV,Pediatric,SCMS from RDC,"Efavirenz 200mg, scored tablets, 90 Tabs",Efavirenz,Generic,200mg,Tablet,90,"10,743",78423.90,7.3,0.08,"Strides, Bangalore, India.",TRUE,748,"$20,761 ",97.01
"12,510",102-KE-T01,Pre-PQ Process,SO-2692,DN-760,Kenya,PMO - US,From RDC,N/A - From RDC,Truck,Pre-PQ Process,N/A - From RDC,26-May-08,26-May-08,26-May-08,HRDT,HIV test - Ancillary,SCMS from RDC,"HIV, Lancet, Safety, for HIV Test kits, 100 Pcs","HIV, Lancet, Safety, for HIV Test kits, 100 Pcs",Generic,,Test kit - Ancillary,100,"1,000",10.00,0.01,0,Inverness Japan,FALSE,See DN-760 (ID#:12207),null,0.02
"86,579",109-TZ-T30,FPQ-12015,SO-44991,DN-3208,Tanzania,PMO - US,From RDC,N/A - From RDC,Truck,04-02-13,N/A - From RDC,27-Aug-13,24-Jul-13,24-Jul-13,ARV,Adult,SCMS from RDC,"Efavirenz/Emtricitabine/Tenofovir Disoproxil Fumarate 600/200/300mg, tablets, 30 Tabs",Efavirenz/Emtricitabine/Tenofovir Disoproxil Fumarate,Generic,600/200/300mg,Tablet - FDC,30,"69,963",906720.48,12.96,0.43,Mylan (formerly Matrix) Nashik,TRUE,7819,"$7,108.78 ","1,121.61"
"86,580",110-ZM-T30,FPQ-11553,SO-44477,DN-3211,Zambia,PMO - US,From RDC,N/A - From RDC,Truck,1/28/2013,N/A - From RDC,22-Oct-13,22-Oct-13,11-Nov-13,ARV,Adult,SCMS from RDC,"Nevirapine 200mg, tablets, 60 Tabs",Nevirapine,Generic,200mg,Tablet,60,"42,773",96666.98,2.26,0.04,Hetero Unit III Hyderabad IN,TRUE,2270,"$4,356.75 ",119.58
"86,581",114-UG-T30,FPQ-10945,SO-43633,DN-3220,Uganda,PMO - US,From RDC,N/A - From RDC,Air,11-06-12,N/A - From RDC,31-Jul-13,19-Jul-13,19-Jul-13,ARV,Adult,SCMS from RDC,"Efavirenz/Lamivudine/Tenofovir Disoproxil Fumarate 600/300/300mg, tablets, 30 Tabs",Efavirenz/Lamivudine/Tenofovir Disoproxil Fumarate,Generic,600/300/300mg,Tablet - FDC,30,"5,728",60258.56,10.52,0.35,Hetero Unit III Hyderabad IN,TRUE,770,"$2,871 ",74.54
"11,867",104-CI-T01,Pre-PQ Process,SO-2045,DN-761,Côte d'Ivoire,PMO - US,From RDC,N/A - From RDC,Air,Pre-PQ Process,N/A - From RDC,02-Jun-08,02-Jun-08,02-Jun-08,ARV,Pediatric,SCMS from RDC,"Lamivudine 10mg/ml, oral solution, Bottle, 240 ml",Lamivudine,Generic,10mg/ml,Oral solution,240,"7,700",15169.00,1.97,0.01,"Aurobindo Unit III, India",FALSE,See DN-761 (ID#:10951),null,24.27
"12,783",104-CI-T01,Pre-PQ Process,SO-2045,DN-761,Côte d'Ivoire,PMO - US,From RDC,N/A - From RDC,Air,Pre-PQ Process,N/A - From RDC,02-Jun-08,02-Jun-08,02-Jun-08,ARV,Pediatric,SCMS from RDC,"Nevirapine 10mg/ml, oral suspension, Bottle, 240 ml",Nevirapine,Generic,10mg/ml,Oral suspension,240,"5,536",10629.12,1.92,0.01,"Aurobindo Unit III, India",FALSE,See DN-761 (ID#:10951),null,17.01
"12,517",109-TZ-T01,Pre-PQ Process,SO-1696,DN-763,Tanzania,PMO - US,From RDC,N/A - From RDC,Air,Pre-PQ Process,N/A - From RDC,09-Jul-08,09-Jul-08,09-Jul-08,ARV,Adult,SCMS from RDC,"Efavirenz 600mg, tablets, 30 Tabs",Efavirenz,Generic,600mg,Tablet,30,"101,445",1259946.90,12.42,0.41,"Aurobindo Unit III, India",FALSE,See DN-763 (ID#:10982),null,"2,015.92"
"12,518",109-TZ-T01,Pre-PQ Process,SO-1696,DN-763,Tanzania,PMO - US,From RDC,N/A - From RDC,Air,Pre-PQ Process,N/A - From RDC,09-Jul-08,09-Jul-08,09-Jul-08,ARV,Adult,SCMS from RDC,"Lamivudine/Zidovudine 150/300mg, tablets, 60 Tabs",Lamivudine/Zidovudine,Generic,150/300mg,Tablet - FDC,60,"58,086",551817.00,9.5,0.16,"Aurobindo Unit III, India",FALSE,See DN-763 (ID#:10982),null,882.91
"11,882",100-ZW-T01,Pre-PQ Process,SO-716,DN-770,Zimbabwe,PMO - US,From RDC,N/A - From RDC,Air,Pre-PQ Process,N/A - From RDC,09-Jun-08,09-Jun-08,09-Jun-08,ARV,Adult,SCMS from RDC,"Efavirenz 600mg, tablets, 30 Tabs",Efavirenz,Generic,600mg,Tablet,30,"1,860",23101.20,12.42,0.41,"Aurobindo Unit III, India",FALSE,See DN-770 (ID#:10959),null,36.96
"12,792",100-ZW-T01,Pre-PQ Process,SO-716,DN-770,Zimbabwe,PMO - US,From RDC,N/A - From RDC,Air,Pre-PQ Process,N/A - From RDC,09-Jun-08,09-Jun-08,09-Jun-08,ARV,Adult,SCMS from RDC,"Efavirenz 600mg, tablets, 30 Tabs",Efavirenz,Generic,600mg,Tablet,30,"1,860",23101.20,12.42,0.41,"Aurobindo Unit III, India",FALSE,See DN-770 (ID#:10959),null,36.96
"12,810",113-ZW-T01,Pre-PQ Process,SO-1873,DN-773,Zimbabwe,PMO - US,From RDC,N/A - From RDC,Air,Pre-PQ Process,N/A - From RDC,17-Jun-08,17-Jun-08,17-Jun-08,HRDT,HIV test - Ancillary,SCMS from RDC,"HIV, Lancet, Safety, for HIV Test kits, 100 Pcs","HIV, Lancet, Safety, for HIV Test kits, 100 Pcs",Generic,,Test kit - Ancillary,100,550,5.50,0.01,0,Inverness Japan,FALSE,See DN-773 (ID#:11267),null,0.01
"12,811",113-ZW-T01,Pre-PQ Process,SO-1053,DN-774,Zimbabwe,PMO - US,From RDC,N/A - From RDC,Truck,Pre-PQ Process,N/A - From RDC,17-Jun-08,17-Jun-08,17-Jun-08,HRDT,HIV test,SCMS from RDC,"HIV 1/2, Determine HIV Kit, without Lancets, 100 Tests","HIV 1/2, Determine HIV Kit, without Lancets",Determine,,Test kit,100,"1,800",129582.00,71.99,0.72,Inverness Japan,FALSE,See DN-774 (ID#:11268),null,207.33
"11,887",114-UG-T01,Pre-PQ Process,SO-2674,DN-797,Uganda,PMO - US,From RDC,N/A - From RDC,Air,Pre-PQ Process,N/A - From RDC,11-Jul-08,11-Jul-08,11-Jul-08,ARV,Adult,SCMS from RDC,"Zidovudine 300mg, tablets, 60 Tabs",Zidovudine,Generic,300mg,Tablet,60,46,368.00,8,0.13,"Aurobindo Unit III, India",FALSE,See DN-797 (ID#:10966),null,0.59
"11,239",112-NG-T01,Pre-PQ Process,SO-2726,DN-800,Nigeria,PMO - US,From RDC,N/A - From RDC,Air,Pre-PQ Process,N/A - From RDC,19-Jun-08,19-Jun-08,19-Jun-08,ARV,Adult,SCMS from RDC,"Lopinavir/Ritonavir 200/50mg [Aluvia], tablets, 120 Tabs",Lopinavir/Ritonavir,Aluvia,200/50mg,Tablet,120,84,3452.40,41.1,0.34,ABBVIE Ludwigshafen Germany,FALSE,See DN-800 (ID#:10953),null,5.52
"11,240",112-NG-T01,Pre-PQ Process,SO-2726,DN-800,Nigeria,PMO - US,From RDC,N/A - From RDC,Air,Pre-PQ Process,N/A - From RDC,19-Jun-08,19-Jun-08,19-Jun-08,ARV,Adult,SCMS from RDC,"Abacavir 300mg, tablets, 60 Tabs",Abacavir,Generic,300mg,Tablet,60,4,105.20,26.3,0.44,Mylan (formerly Matrix) Nashik,FALSE,See DN-800 (ID#:10953),null,0.17
"86,595",104-CI-T30,FPQ-11254,SO-44130,DN-3279,Côte d'Ivoire,PMO - US,From RDC,N/A - From RDC,Truck,12/14/2012,N/A - From RDC,28-Aug-13,28-Aug-13,28-Aug-13,ARV,Pediatric,SCMS from RDC,"Efavirenz 200mg, scored tablets, 90 Tabs",Efavirenz,Generic,200mg,Tablet,90,"7,800",56940.00,7.3,0.08,"Strides, Bangalore, India.",TRUE,462,"$3,033.26 ",70.43
"11,536",112-NG-T01,Pre-PQ Process,SO-2726,DN-800,Nigeria,PMO - US,From RDC,N/A - From RDC,Air,Pre-PQ Process,N/A - From RDC,19-Jun-08,19-Jun-08,19-Jun-08,ARV,Adult,SCMS from RDC,"Stavudine 30mg, capsules, 60 Caps",Stavudine,Generic,30mg,Capsule,60,154,238.70,1.55,0.03,"Aurobindo Unit III, India",FALSE,See DN-800 (ID#:10953),null,0.38
"11,875",112-NG-T01,Pre-PQ Process,SO-2726,DN-800,Nigeria,PMO - US,From RDC,N/A - From RDC,Air,Pre-PQ Process,N/A - From RDC,19-Jun-08,19-Jun-08,19-Jun-08,ARV,Adult,SCMS from RDC,"Lamivudine/Nevirapine/Stavudine 150/200/30mg, tablets, 60 Tabs",Lamivudine/Nevirapine/Stavudine,Generic,150/200/30mg,Tablet - FDC,60,"9,180",67932.00,7.4,0.12,"Cipla, Goa, India",FALSE,See DN-800 (ID#:10953),null,108.69
"86,598",103-ZW-T30,FPQ-11478,SO-44291,DN-3293,Zimbabwe,PMO - US,From RDC,N/A - From RDC,Truck,1/16/2013,N/A - From RDC,12-Sep-13,20-Sep-13,20-Sep-13,ARV,Pediatric,SCMS from RDC,"Lamivudine/Nevirapine/Zidovudine 30/50/60mg, dispersible tablets, 60 Tabs",Lamivudine/Nevirapine/Zidovudine,Generic,30/50/60mg,Chewable/dispersible tablet - FDC,60,"61,591",255602.65,4.15,0.07,"Strides, Bangalore, India.",TRUE,2641,"$4,529.65 ",316.18
"86,599",111-MZ-T30,FPQ-12416,SO-45891,DN-3303,Mozambique,PMO - US,From RDC,N/A - From RDC,Truck,6/28/2013,N/A - From RDC,29-Nov-13,12-Oct-13,27-Nov-13,ARV,Adult,SCMS from RDC,"Tenofovir Disoproxil Fumarate 300mg, tablets, 30 Tabs",Tenofovir Disoproxil Fumarate,Generic,300mg,Tablet,30,720,2908.80,4.04,0.13,Mylan (formerly Matrix) Nashik,TRUE,52,$504.50 ,3.6
"86,600",102-BI-T30,FPQ-12065,SO-45171,DN-3310,Burundi,PMO - US,From RDC,N/A - From RDC,Air,4/22/2013,N/A - From RDC,09-Sep-13,10-Sep-13,10-Sep-13,ARV,Pediatric,SCMS from RDC,"Nevirapine 10mg/ml, oral suspension w/syringe, Bottle, 240 ml",Nevirapine,Generic,10mg/ml,Oral suspension,240,"2,280",4446.00,1.95,0.01,"Aurobindo Unit III, India",TRUE,845,"$5,435.44 ",5.5
"86,601",104-CI-T30,FPQ-10633,SO-43361,DN-3312,Côte d'Ivoire,PMO - US,From RDC,N/A - From RDC,Truck,09-11-12,N/A - From RDC,30-Sep-13,13-Sep-13,13-Sep-13,ARV,Adult,SCMS from RDC,"Lamivudine/Tenofovir Disoproxil Fumarate 300/300mg, tablets, 30 Tabs",Lamivudine/Tenofovir Disoproxil Fumarate,Generic,300/300mg,Tablet - FDC,30,"4,900",23030.00,4.7,0.16,"Aurobindo Unit VII, IN",TRUE,487,"$3,738.53 ",32.29
"12,196",111-MZ-T01,Pre-PQ Process,SO-2423,DN-810,Mozambique,PMO - US,From RDC,N/A - From RDC,Truck,Pre-PQ Process,N/A - From RDC,07-Aug-08,07-Aug-08,07-Aug-08,ARV,Adult,SCMS from RDC,"Zidovudine 300mg, tablets, 60 Tabs",Zidovudine,Generic,300mg,Tablet,60,"7,110",57946.50,8.15,0.14,"Aurobindo Unit III, India",FALSE,See DN-810 (ID#:11257),null,92.71
"10,980",113-ZW-T01,Pre-PQ Process,SO-2502,DN-813,Zimbabwe,PMO - US,From RDC,N/A - From RDC,Truck,Pre-PQ Process,N/A - From RDC,26-Jul-08,26-Jul-08,26-Jul-08,ARV,Adult,SCMS from RDC,"Lamivudine/Stavudine 150/30mg, tablets, 30 Tabs",Lamivudine/Stavudine,Generic,150/30mg,Tablet - FDC,30,"8,000",16000.00,2,0.07,"Cipla, Goa, India",FALSE,See DN-813 (ID#:10979),null,25.6
"86,711",110-ZM-T30,FPQ-14105,SO-48650,DN-3838,Zambia,PMO - US,From RDC,N/A - From RDC,Truck,4/16/2014,N/A - From RDC,04-Sep-14,25-Jul-14,31-Jul-14,ARV,Adult,SCMS from RDC,"Lamivudine/Zidovudine 150/300mg, tablets, 60 Tabs",Lamivudine/Zidovudine,Generic,150/300mg,Tablet - FDC,60,"14,653",96709.80,6.6,0.11,"Aurobindo Unit III, India",TRUE,1413,"$1,325.68 ",99.42
"11,555",113-ZW-T01,Pre-PQ Process,SO-2502,DN-813,Zimbabwe,PMO - US,From RDC,N/A - From RDC,Truck,Pre-PQ Process,N/A - From RDC,26-Jul-08,26-Jul-08,26-Jul-08,ARV,Adult,SCMS from RDC,"Efavirenz 600mg, tablets, 30 Tabs",Efavirenz,Generic,600mg,Tablet,30,"4,000",48040.00,12.01,0.4,"Aurobindo Unit III, India",FALSE,See DN-813 (ID#:10979),null,76.86
"12,515",111-MZ-T01,Pre-PQ Process,SO-1882,DN-817,Mozambique,PMO - US,From RDC,N/A - From RDC,Air,Pre-PQ Process,N/A - From RDC,07-Aug-08,07-Aug-08,07-Aug-08,ARV,Adult,SCMS from RDC,"Lamivudine/Nevirapine/Stavudine 150/200/30mg, tablets, 60 Tabs",Lamivudine/Nevirapine/Stavudine,Generic,150/200/30mg,Tablet - FDC,60,"138,325",995940.00,7.2,0.12,"Strides, Bangalore, India.",FALSE,See DN-817 (ID#:10981),null,"1,593.50"
"86,606",102-BI-T30,FPQ-12602,SO-46040,DN-3336,Burundi,PMO - US,From RDC,N/A - From RDC,Air,07-09-13,N/A - From RDC,27-Oct-13,05-Nov-13,12-Nov-13,ARV,Adult,SCMS from RDC,"Efavirenz 600mg, tablets, 30 Tabs",Efavirenz,Generic,600mg,Tablet,30,"5,568",18541.44,3.33,0.11,"Strides, Bangalore, India.",TRUE,342,"$3,325.77 ",22.94
"12,210",114-UG-T01,Pre-PQ Process,SO-2344,DN-818,Uganda,PMO - US,From RDC,N/A - From RDC,Air,Pre-PQ Process,N/A - From RDC,21-Aug-08,21-Aug-08,21-Aug-08,ARV,Adult,SCMS from RDC,"Efavirenz 600mg, tablets, 30 Tabs",Efavirenz,Generic,600mg,Tablet,30,"1,300",15613.00,12.01,0.4,"Aurobindo Unit III, India",FALSE,See DN-818 (ID#:11270),null,24.98
"11,556",110-ZM-T01,Pre-PQ Process,SO-2549,DN-823,Zambia,PMO - US,From RDC,N/A - From RDC,Truck,Pre-PQ Process,N/A - From RDC,23-Jul-08,23-Jul-08,23-Jul-08,ARV,Adult,SCMS from RDC,"Lamivudine/Nevirapine/Stavudine 150/200/30mg, tablets, 60 Tabs",Lamivudine/Nevirapine/Stavudine,Generic,150/200/30mg,Tablet - FDC,60,"60,000",432000.00,7.2,0.12,"Strides, Bangalore, India.",FALSE,See DN-823 (ID#:11271),null,691.2
"86,611",104-CI-T30,FPQ-11254,SO-44142,DN-3359,Côte d'Ivoire,PMO - US,From RDC,N/A - From RDC,Truck,12/14/2012,N/A - From RDC,20-Nov-13,04-Oct-13,29-Oct-13,ARV,Pediatric,SCMS from RDC,"Abacavir/Lamivudine 60/30mg, tablets, 30 Tabs",Abacavir/Lamivudine,Generic,60/30mg,Tablet - FDC,30,"6,000",24000.00,4,0.13,Mylan (formerly Matrix) Nashik,TRUE,243,"$2,180.32 ",29.69
"11,859",110-ZM-T01,Pre-PQ Process,SO-2549,DN-823,Zambia,PMO - US,From RDC,N/A - From RDC,Truck,Pre-PQ Process,N/A - From RDC,23-Jul-08,23-Jul-08,23-Jul-08,ARV,Adult,SCMS from RDC,"Lamivudine/Nevirapine/Stavudine 150/200/30mg, tablets, 60 Tabs",Lamivudine/Nevirapine/Stavudine,Generic,150/200/30mg,Tablet - FDC,60,"50,000",360000.00,7.2,0.12,"Strides, Bangalore, India.",FALSE,See DN-823 (ID#:11271),null,576
"10,950",109-TZ-T01,Pre-PQ Process,SO-2560,DN-826,Tanzania,PMO - US,From RDC,N/A - From RDC,Air,Pre-PQ Process,N/A - From RDC,29-Jul-08,29-Jul-08,29-Jul-08,ARV,Adult,SCMS from RDC,"Nevirapine 200mg, tablets, 60 Tabs",Nevirapine,Generic,200mg,Tablet,60,"50,288",170979.20,3.4,0.06,"Aurobindo Unit III, India",FALSE,See DN-826 (ID#:10674),null,273.57
"86,614",104-CI-T30,FPQ-12712,SO-46300,DN-3372,Côte d'Ivoire,PMO - US,From RDC,N/A - From RDC,Truck,7/30/2013,N/A - From RDC,04-Nov-13,22-Oct-13,19-Nov-13,ARV,Adult,SCMS from RDC,"Abacavir/Lamivudine 600/300mg, scored tablets, 30 Tabs",Abacavir/Lamivudine,Generic,600/300mg,Tablet - FDC,30,"3,400",45968.00,13.52,0.45,Mylan (formerly Matrix) Nashik,TRUE,247,"$2,414.89 ",56.86
"11,235",109-TZ-T01,Pre-PQ Process,SO-2560,DN-826,Tanzania,PMO - US,From RDC,N/A - From RDC,Air,Pre-PQ Process,N/A - From RDC,29-Jul-08,29-Jul-08,29-Jul-08,ARV,Adult,SCMS from RDC,"Lamivudine/Zidovudine 150/300mg, tablets, 60 Tabs",Lamivudine/Zidovudine,Generic,150/300mg,Tablet - FDC,60,"5,809",54895.05,9.45,0.16,"Aurobindo Unit III, India",FALSE,See DN-826 (ID#:10674),null,87.83
"86,616",111-MZ-T30,FPQ-11884,SO-46770,DN-3375,Mozambique,PMO - US,From RDC,N/A - From RDC,Truck,3/19/2013,N/A - From RDC,29-Nov-13,28-Nov-13,12-Dec-13,ARV,Adult,SCMS from RDC,"Efavirenz/Lamivudine/Tenofovir Disoproxil Fumarate 600/300/300mg, tablets, 30 Tabs",Efavirenz/Lamivudine/Tenofovir Disoproxil Fumarate,Generic,600/300/300mg,Tablet - FDC,30,"112,303",1252178.45,11.15,0.37,Hetero Unit III Hyderabad IN,TRUE,15105,"$5,846.08 ","1,548.94"
"86,617",114-UG-T30,FPQ-12253,SO-45550,DN-3378,Uganda,PMO - US,From RDC,N/A - From RDC,Truck,05-08-13,N/A - From RDC,29-Nov-13,20-Nov-13,07-Dec-13,ARV,Adult,SCMS from RDC,"Nevirapine 200mg, tablets, 60 Tabs",Nevirapine,Generic,200mg,Tablet,60,"45,525",102886.50,2.26,0.04,Hetero Unit III Hyderabad IN,TRUE,2818,"$6,976.78 ",127.27
"12,481",109-TZ-T01,Pre-PQ Process,SO-2560,DN-826,Tanzania,PMO - US,From RDC,N/A - From RDC,Air,Pre-PQ Process,N/A - From RDC,29-Jul-08,29-Jul-08,29-Jul-08,ARV,Adult,SCMS from RDC,"Lamivudine/Zidovudine 150/300mg, tablets, 60 Tabs",Lamivudine/Zidovudine,Generic,150/300mg,Tablet - FDC,60,"122,590",1158475.50,9.45,0.16,"Aurobindo Unit III, India",FALSE,See DN-826 (ID#:10674),null,"1,853.56"
"86,621",100-ZM-T30,FPQ-12497,SO-45910,DN-3395,Zambia,PMO - US,From RDC,N/A - From RDC,Air,6/20/2013,N/A - From RDC,29-Nov-13,09-Nov-13,20-Jan-14,ARV,Adult,SCMS from RDC,"Emtricitabine/Tenofovir Disoproxil Fumarate 200/300mg, tablets, 30 Tabs",Emtricitabine/Tenofovir Disoproxil Fumarate,Generic,200/300mg,Tablet - FDC,30,"31,760",192783.20,6.07,0.2,"Aurobindo Unit III, India",TRUE,2875,"$14,275.50 ",238.47
"12,785",110-ZM-T01,Pre-PQ Process,SO-2485,DN-828,Zambia,PMO - US,From RDC,N/A - From RDC,Truck,Pre-PQ Process,N/A - From RDC,29-Jul-08,29-Jul-08,29-Jul-08,ARV,Adult,SCMS from RDC,"Lamivudine/Zidovudine 150/300mg, tablets, 60 Tabs",Lamivudine/Zidovudine,Generic,150/300mg,Tablet - FDC,60,"9,474",89529.30,9.45,0.16,"Aurobindo Unit III, India",FALSE,See DN-828 (ID#:10678),null,143.25
"86,625",113-ZW-T30,FPQ-10895,SO-43550,DN-3404,Zimbabwe,PMO - US,From RDC,N/A - From RDC,Truck,10/25/2012,N/A - From RDC,30-Nov-13,25-Nov-13,09-Dec-13,ARV,Adult,SCMS from RDC,"Efavirenz/Lamivudine/Tenofovir Disoproxil Fumarate 600/300/300mg, tablets, 30 Tabs",Efavirenz/Lamivudine/Tenofovir Disoproxil Fumarate,Generic,600/300/300mg,Tablet - FDC,30,"20,160",224784.00,11.15,0.37,Mylan (formerly Matrix) Nashik,TRUE,2277,"$10,942.88 ",278.06
"86,626",104-CI-T30,FPQ-11253,SO-44211,DN-3397,Côte d'Ivoire,PMO - US,From RDC,N/A - From RDC,Truck,12/14/2012,N/A - From RDC,29-Nov-13,09-Dec-13,20-Dec-13,ARV,Adult,SCMS from RDC,"Lamivudine/Nevirapine/Zidovudine 150/200/300mg, tablets, 60 Tabs",Lamivudine/Nevirapine/Zidovudine,Generic,150/300/200mg,Tablet - FDC,60,"41,700",344442.00,8.26,0.14,"Aurobindo Unit III, India",TRUE,4873,"$18,002.87 ",426.07
"86,627",114-UG-T30,FPQ-13094,SO-46820,DN-3414,Uganda,PMO - US,From RDC,N/A - From RDC,Air,10-11-13,N/A - From RDC,16-Dec-13,20-Dec-13,08-Jan-14,ARV,Pediatric,SCMS from RDC,"Lamivudine/Nevirapine/Zidovudine 30/50/60mg, dispersible tablets, 60 Tabs",Lamivudine/Nevirapine/Zidovudine,Generic,30/50/60mg,Chewable/dispersible tablet - FDC,60,"2,277",8857.53,3.89,0.06,Mylan (formerly Matrix) Nashik,TRUE,128,"$1,611.43 ",9.11
"12,174",112-NG-T01,Pre-PQ Process,SO-11220,DN-833,Nigeria,PMO - US,From RDC,N/A - From RDC,Air,Pre-PQ Process,N/A - From RDC,16-Jul-08,16-Jul-08,16-Jul-08,ARV,Adult,SCMS from RDC,"Lamivudine 150mg, tablets, 60 Tabs",Lamivudine,Generic,150mg,Tablet,60,957,2775.30,2.9,0.05,"Aurobindo Unit III, India",FALSE,See DN-833 (ID#:11243),null,4.44
"11,879",123-NG-T01,Pre-PQ Process,SO-2552,DN-834,Nigeria,PMO - US,From RDC,N/A - From RDC,Air,Pre-PQ Process,N/A - From RDC,16-Jul-08,16-Jul-08,16-Jul-08,ARV,Adult,SCMS from RDC,"Zidovudine 300mg, tablets, 60 Tabs",Zidovudine,Generic,300mg,Tablet,60,"5,641",45974.15,8.15,0.14,"Aurobindo Unit III, India",FALSE,See DN-834 (ID#:10686),null,73.56
"12,175",123-NG-T01,Pre-PQ Process,SO-2552,DN-834,Nigeria,PMO - US,From RDC,N/A - From RDC,Air,Pre-PQ Process,N/A - From RDC,16-Jul-08,16-Jul-08,16-Jul-08,ARV,Adult,SCMS from RDC,"Stavudine 30mg, capsules, 60 Caps",Stavudine,Generic,30mg,Capsule,60,"7,876",11971.52,1.52,0.03,"Aurobindo Unit III, India",FALSE,See DN-834 (ID#:10686),null,19.15
"11,539",123-NG-T01,Pre-PQ Process,SO-2553,DN-836,Nigeria,PMO - US,From RDC,N/A - From RDC,Air,Pre-PQ Process,N/A - From RDC,31-Jul-08,31-Jul-08,31-Jul-08,ARV,Adult,SCMS from RDC,"Nevirapine 200mg, tablets, 60 Tabs",Nevirapine,Generic,200mg,Tablet,60,"6,002",20406.80,3.4,0.06,"Aurobindo Unit III, India",FALSE,See DN-836 (ID#:11244),null,32.65
"12,496",123-NG-T01,Pre-PQ Process,SO-2553,DN-836,Nigeria,PMO - US,From RDC,N/A - From RDC,Air,Pre-PQ Process,N/A - From RDC,31-Jul-08,31-Jul-08,31-Jul-08,ARV,Pediatric,SCMS from RDC,"Efavirenz 200mg, capsule, 90 Caps",Efavirenz,Generic,200mg,Capsule,90,"1,132",18112.00,16,0.18,"Aurobindo Unit III, India",FALSE,See DN-836 (ID#:11244),null,28.98
"12,794",113-ZW-T01,Pre-PQ Process,SO-1052,DN-838,Zimbabwe,PMO - US,From RDC,N/A - From RDC,Truck,Pre-PQ Process,N/A - From RDC,26-Jul-08,26-Jul-08,26-Jul-08,HRDT,HIV test,SCMS from RDC,"HIV 1/2, Bioline 3.0 Kit, Lancets, Capillary pipets, Alcohol swabs included, 25 Tests","HIV 1/2, Bioline 3.0 Kit, Lancets, Capillary pipets, Alcohol swabs included",Bioline,,Test kit,25,"4,342",86840.00,20,0.8,"Standard Diagnostics, Korea",FALSE,See DN-838 (ID#:10718),null,138.94
"12,180",110-ZM-T01,Pre-PQ Process,SO-2550,DN-839,Zambia,PMO - US,From RDC,N/A - From RDC,Truck,Pre-PQ Process,N/A - From RDC,20-Aug-08,20-Aug-08,20-Aug-08,ARV,Adult,SCMS from RDC,"Lamivudine/Nevirapine/Stavudine 150/200/30mg, tablets, 60 Tabs",Lamivudine/Nevirapine/Stavudine,Generic,150/200/30mg,Tablet - FDC,60,"60,000",432000.00,7.2,0.12,"Strides, Bangalore, India.",FALSE,See DN-839 (ID#:10961),null,691.2
"12,181",112-NG-T01,Pre-PQ Process,SO-10030,DN-840,Nigeria,PMO - US,From RDC,N/A - From RDC,Air,Pre-PQ Process,N/A - From RDC,03-Aug-08,03-Aug-08,03-Aug-08,ARV,Adult,SCMS from RDC,"Abacavir 300mg, tablets, 60 Tabs",Abacavir,Generic,300mg,Tablet,60,4,105.20,26.3,0.44,Mylan (formerly Matrix) Nashik,FALSE,See DN-840 (ID#:12179),null,0.17
"86,643",109-TZ-T30,FPQ-12587,SO-45996,DN-3499,Tanzania,PMO - US,From RDC,N/A - From RDC,Truck,07-04-13,N/A - From RDC,31-Jan-14,12-Mar-14,17-Mar-14,ARV,Pediatric,SCMS from RDC,"Nevirapine 10mg/ml, oral suspension w/syringe, Bottle, 100 ml",Nevirapine,Generic,10mg/ml,Oral suspension,100,"20,000",26000.00,1.3,0.01,"Aurobindo Unit III, India",TRUE,3920,"$6,010.20 ",32.16
"86,644",109-TZ-T30,FPQ-12587,SO-47520,DN-3500,Tanzania,PMO - US,From RDC,N/A - From RDC,Truck,07-04-13,N/A - From RDC,31-Jan-14,07-Mar-14,12-Mar-14,ARV,Pediatric,SCMS from RDC,"Efavirenz 200mg, scored tablets, 90 Tabs",Efavirenz,Generic,200mg,Tablet,90,"21,596",200842.80,9.3,0.1,"Strides, Bangalore, India.",TRUE,1336,"$5,033.80 ",248.44
"86,650",104-CI-T30,FPQ-12144,SO-45620,DN-3510,Côte d'Ivoire,PMO - US,From RDC,N/A - From RDC,Truck,4/22/2013,N/A - From RDC,29-Jan-14,15-Feb-14,04-Mar-14,ARV,Adult,SCMS from RDC,"Lopinavir/Ritonavir 200/50mg, tablets, 120 Tabs",Lopinavir/Ritonavir,Generic,200/50mg,Tablet,120,"20,440",418611.20,20.48,0.17,Mylan (formerly Matrix) Nashik,TRUE,5450,"$23,701.58 ",517.82
"86,651",104-CI-T30,FPQ-11253,SO-44200,DN-3517,Côte d'Ivoire,PMO - US,From RDC,N/A - From RDC,Truck,12/14/2012,N/A - From RDC,10-Feb-14,05-Feb-14,04-Mar-14,ARV,Adult,SCMS from RDC,"Lamivudine/Nevirapine/Zidovudine 150/200/300mg, tablets, 60 Tabs",Lamivudine/Nevirapine/Zidovudine,Generic,150/300/200mg,Tablet - FDC,60,"93,700",773962.00,8.26,0.14,Hetero Unit III Hyderabad IN,TRUE,12220,"$42,859.56 ",957.39
"86,652",107-RW-T30,FPQ-12190,SO-45380,DN-3518,Rwanda,PMO - US,From RDC,N/A - From RDC,Truck,05-06-13,N/A - From RDC,31-Jan-14,03-Feb-14,24-Feb-14,ARV,Adult,SCMS from RDC,"Efavirenz/Lamivudine/Tenofovir Disoproxil Fumarate 600/300/300mg, tablets, 30 Tabs",Efavirenz/Lamivudine/Tenofovir Disoproxil Fumarate,Generic,600/300/300mg,Tablet - FDC,30,"119,370",1297551.90,10.87,0.36,Mylan (formerly Matrix) Nashik,TRUE,13429,"$13,380.52 ","1,605.07"
"86,653",151-NG-T30,FPQ-12248,SO-45670,DN-3539,Nigeria,PMO - US,From RDC,N/A - From RDC,Air Charter,05-06-13,N/A - From RDC,28-Feb-14,10-Feb-14,19-Feb-14,ARV,Pediatric,SCMS from RDC,"Lamivudine/Nevirapine/Zidovudine 30/50/60mg, dispersible tablets, 60 Tabs",Lamivudine/Nevirapine/Zidovudine,Generic,30/50/60mg,Chewable/dispersible tablet - FDC,60,"169,447",635426.25,3.75,0.06,"Strides, Bangalore, India.",TRUE,8039,"$30,936.10 ",786.02
"12,182",112-NG-T01,Pre-PQ Process,SO-10030,DN-840,Nigeria,PMO - US,From RDC,N/A - From RDC,Air,Pre-PQ Process,N/A - From RDC,03-Aug-08,03-Aug-08,03-Aug-08,ARV,Adult,SCMS from RDC,"Lamivudine/Nevirapine/Stavudine 150/200/30mg, tablets, 60 Tabs",Lamivudine/Nevirapine/Stavudine,Generic,150/200/30mg,Tablet - FDC,60,"4,685",34669.00,7.4,0.12,"Cipla, Goa, India",FALSE,See DN-840 (ID#:12179),null,55.47
"12,183",105-GY-T01,Pre-PQ Process,SO-11630,DN-841,Guyana,PMO - US,From RDC,N/A - From RDC,Air,Pre-PQ Process,N/A - From RDC,25-Jul-08,25-Jul-08,25-Jul-08,ARV,Adult,SCMS from RDC,"Nevirapine 200mg, tablets, 60 Tabs",Nevirapine,Generic,200mg,Tablet,60,"3,710",12614.00,3.4,0.06,"Aurobindo Unit III, India",FALSE,See DN-841 (ID#:11540),null,20.18
"12,551",130-NG-T01,Pre-PQ Process,SO-10540,DN-844,Nigeria,PMO - US,From RDC,N/A - From RDC,Air,Pre-PQ Process,N/A - From RDC,24-Jul-08,24-Jul-08,24-Jul-08,ARV,Adult,SCMS from RDC,"Nevirapine 200mg, tablets, 60 Tabs",Nevirapine,Generic,200mg,Tablet,60,"1,672",5684.80,3.4,0.06,"Aurobindo Unit III, India",FALSE,See DN-844 (ID#:12249),null,9.1
"86,659",110-ZM-T30,FPQ-12066,SO-45083,DN-3574,Zambia,PMO - US,From RDC,N/A - From RDC,Truck,4/19/2013,N/A - From RDC,21-Mar-14,25-Mar-14,04-Apr-14,ARV,Adult,SCMS from RDC,"Efavirenz/Emtricitabine/Tenofovir Disoproxil Fumarate 600/200/300mg, tablets, 30 Tabs",Efavirenz/Emtricitabine/Tenofovir Disoproxil Fumarate,Generic,600/200/300mg,Tablet - FDC,30,"3,866",45966.74,11.89,0.4,"Hetero, Jadcherla, unit 5, IN",TRUE,638,"$3,526.70 ",56.86
"12,250",126-NG-T01,Pre-PQ Process,SO-10750,DN-846,Nigeria,PMO - US,From RDC,N/A - From RDC,Air,Pre-PQ Process,N/A - From RDC,24-Jul-08,24-Jul-08,24-Jul-08,ARV,Adult,SCMS from RDC,"Zidovudine 300mg, tablets, 60 Tabs",Zidovudine,Generic,300mg,Tablet,60,"4,500",36000.00,8,0.13,"Aurobindo Unit III, India",FALSE,See DN-846 (ID#:11939),null,57.6
"11,598",111-MZ-T01,Pre-PQ Process,SO-2424,DN-850,Mozambique,PMO - US,From RDC,N/A - From RDC,Air,Pre-PQ Process,N/A - From RDC,05-Sep-08,05-Sep-08,05-Sep-08,ARV,Adult,SCMS from RDC,"Lamivudine/Stavudine 150/30mg, tablets, 30 Tabs",Lamivudine/Stavudine,Generic,150/30mg,Tablet - FDC,30,"10,000",20000.00,2,0.07,"Cipla, Goa, India",FALSE,See DN-850 (ID#:10733),null,32
"12,537",111-MZ-T01,Pre-PQ Process,SO-2424,DN-850,Mozambique,PMO - US,From RDC,N/A - From RDC,Air,Pre-PQ Process,N/A - From RDC,05-Sep-08,05-Sep-08,05-Sep-08,ARV,Adult,SCMS from RDC,"Efavirenz 600mg, tablets, 30 Tabs",Efavirenz,Generic,600mg,Tablet,30,"9,650",115896.50,12.01,0.4,"Aurobindo Unit III, India",FALSE,See DN-850 (ID#:10733),null,185.43
"86,663",109-TZ-T30,FPQ-12015,SO-44994,DN-3594,Tanzania,PMO - US,From RDC,N/A - From RDC,Truck,04-02-13,N/A - From RDC,30-Apr-14,17-Apr-14,28-Apr-14,ARV,Pediatric,SCMS from RDC,"Efavirenz 200mg, scored tablets, 90 Tabs",Efavirenz,Generic,200mg,Tablet,90,135,1255.50,9.3,0.1,"Strides, Bangalore, India.",TRUE,8,"$1,231.60 ",1.55
"12,538",111-MZ-T01,Pre-PQ Process,SO-2424,DN-850,Mozambique,PMO - US,From RDC,N/A - From RDC,Air,Pre-PQ Process,N/A - From RDC,05-Sep-08,05-Sep-08,05-Sep-08,ARV,Adult,SCMS from RDC,"Lamivudine/Nevirapine/Zidovudine 150/200/300mg, tablets, 60 Tabs",Lamivudine/Nevirapine/Zidovudine,Generic,150/300/200mg,Tablet - FDC,60,"16,990",229365.00,13.5,0.22,"Aurobindo Unit III, India",FALSE,See DN-850 (ID#:10733),null,366.98
"12,539",111-MZ-T01,Pre-PQ Process,SO-2424,DN-850,Mozambique,PMO - US,From RDC,N/A - From RDC,Air,Pre-PQ Process,N/A - From RDC,05-Sep-08,05-Sep-08,05-Sep-08,ARV,Adult,SCMS from RDC,"Lamivudine 150mg, tablets, 60 Tabs",Lamivudine,Generic,150mg,Tablet,60,120,349.20,2.91,0.05,Hetero Unit III Hyderabad IN,FALSE,See DN-850 (ID#:10733),null,0.56
"12,838",111-MZ-T01,Pre-PQ Process,SO-2424,DN-850,Mozambique,PMO - US,From RDC,N/A - From RDC,Air,Pre-PQ Process,N/A - From RDC,05-Sep-08,05-Sep-08,05-Sep-08,ARV,Adult,SCMS from RDC,"Lamivudine/Stavudine 150/30mg, tablets, 60 Tabs",Lamivudine/Stavudine,Generic,150/30mg,Tablet - FDC,60,"11,980",46722.00,3.9,0.06,Mylan (formerly Matrix) Nashik,FALSE,See DN-850 (ID#:10733),null,74.76
"12,254",109-TZ-T01,Pre-PQ Process,SO-2565,DN-853,Tanzania,PMO - US,From RDC,N/A - From RDC,Air,Pre-PQ Process,N/A - From RDC,29-Aug-08,29-Aug-08,29-Aug-08,ARV,Adult,SCMS from RDC,"Lamivudine/Nevirapine/Stavudine 150/200/30mg, tablets, 60 Tabs",Lamivudine/Nevirapine/Stavudine,Generic,150/200/30mg,Tablet - FDC,60,"60,332",446456.80,7.4,0.12,"Cipla, Goa, India",FALSE,See DN-853 (ID#:11940),null,714.33
"86,668",109-TZ-T30,FPQ-13042,SO-46673,DN-3614,Tanzania,PMO - US,From RDC,N/A - From RDC,Truck,10-01-13,N/A - From RDC,30-Apr-14,07-May-14,13-Jun-14,ARV,Adult,SCMS from RDC,"Abacavir 300mg, tablets, 60 Tabs",Abacavir,Generic,300mg,Tablet,60,"27,293",306500.39,11.23,0.19,Mylan (formerly Matrix) Nashik,TRUE,2525,"$2,352.53 ",379.14
"11,908",106-HT-T01,Pre-PQ Process,SO-12150,DN-859,Haiti,PMO - US,From RDC,N/A - From RDC,Air,Pre-PQ Process,N/A - From RDC,07-Aug-08,07-Aug-08,07-Aug-08,ARV,Pediatric,SCMS from RDC,"Zidovudine 10mg/ml, oral solution, Bottle, 240 ml",Zidovudine,Generic,10mg/ml,Oral solution,240,"1,760",3696.00,2.1,0.01,"Aurobindo Unit III, India",FALSE,See DN-859 (ID#:11907),null,5.91
"12,821",106-HT-T01,Pre-PQ Process,SO-12140,DN-860,Haiti,PMO - US,From RDC,N/A - From RDC,Air,Pre-PQ Process,N/A - From RDC,11-Aug-08,11-Aug-08,11-Aug-08,ARV,Pediatric,SCMS from RDC,"Efavirenz 50mg, capsule, 30 Caps",Efavirenz,Generic,50mg,Capsule,30,"1,500",3360.00,2.24,0.07,"Aurobindo Unit III, India",FALSE,See DN-860 (ID#:12820),null,5.38
"12,854",110-ZM-T01,Pre-PQ Process,SO-2479,DN-861,Zambia,PMO - US,From RDC,N/A - From RDC,Truck,Pre-PQ Process,N/A - From RDC,20-Aug-08,20-Aug-08,20-Aug-08,ARV,Adult,SCMS from RDC,"Efavirenz 600mg, tablets, 30 Tabs",Efavirenz,Generic,600mg,Tablet,30,"50,000",600500.00,12.01,0.4,Mylan (formerly Matrix) Nashik,FALSE,See DN-861 (ID#:11013),null,960.8
"12,824",112-NG-T01,Pre-PQ Process,SO-2727,DN-888,Nigeria,PMO - US,From RDC,N/A - From RDC,Air,Pre-PQ Process,N/A - From RDC,31-Aug-08,31-Aug-08,31-Aug-08,ARV,Adult,SCMS from RDC,"Emtricitabine/Tenofovir Disoproxil Fumarate 200/300mg [Truvada], tablets, 30 Tabs",Emtricitabine/Tenofovir Disoproxil Fumarate,Truvada,300/200mg,Tablet - FDC,30,4,105.00,26.25,0.88,"Aspen-OSD, Port Elizabeth, SA",FALSE,See DN-888 (ID#:11910),null,0.17
"12,631",110-ZM-T01,Pre-PQ Process,SO-232,DN-89,Zambia,PMO - US,From RDC,N/A - From RDC,,Pre-PQ Process,N/A - From RDC,04-May-07,04-May-07,04-May-07,HRDT,HIV test,SCMS from RDC,"HIV 1/2, Determine Complete HIV Kit, 100 Tests","HIV 1/2, Determine Complete HIV Kit",Determine,,Test kit,100,600,48000.00,80,0.8,ABBVIE GmbH & Co.KG Wiesbaden,FALSE,See DN-89 (ID#:10813),null,
"86,674",104-CI-T30,FPQ-13142,SO-47132,DN-3634,Côte d'Ivoire,PMO - US,From RDC,N/A - From RDC,Truck,10/22/2013,N/A - From RDC,30-Apr-14,25-Apr-14,11-Jun-14,ARV,Pediatric,SCMS from RDC,"Lamivudine 10mg/ml, oral solution w/syringe, Bottle, 240 ml",Lamivudine,Generic,10mg/ml,Oral solution,240,"4,157",5944.51,1.43,0.01,"Aurobindo Unit III, India",TRUE,1385,"$6,437.76 ",6.11
"86,675",104-CI-T30,FPQ-12800,SO-46431,DN-3638,Côte d'Ivoire,PMO - US,From RDC,N/A - From RDC,Truck,08-09-13,N/A - From RDC,30-Apr-14,25-Apr-14,11-Jun-14,ARV,Pediatric,SCMS from RDC,"Nevirapine 10mg/ml, oral suspension w/syringe, Bottle, 100 ml",Nevirapine,Generic,10mg/ml,Oral suspension,100,"4,000",5200.00,1.3,0.01,"Aurobindo Unit III, India",TRUE,750,"$3,138.81 ",6.43
"86,676",111-MZ-T30,FPQ-12416,SO-48180,DN-3644,Mozambique,PMO - US,From RDC,N/A - From RDC,Truck,6/28/2013,N/A - From RDC,02-Jun-14,03-Jun-14,11-Jun-14,ARV,Adult,SCMS from RDC,"Abacavir 300mg, tablets, 60 Tabs",Abacavir,Generic,300mg,Tablet,60,405,4548.15,11.23,0.19,Mylan (formerly Matrix) Nashik,TRUE,39,"$3,590 ",5.63
"11,925",109-TZ-T01,Pre-PQ Process,SO-1697,DN-893,Tanzania,PMO - US,From RDC,N/A - From RDC,,Pre-PQ Process,N/A - From RDC,15-Sep-08,15-Sep-08,15-Sep-08,ARV,Pediatric,SCMS from RDC,"Didanosine 100mg, chewable/dispersible tablets, 60 Tabs",Didanosine,Generic,100mg,Chewable/dispersible tablet,60,"11,640",90210.00,7.75,0.13,"Aurobindo Unit III, India",FALSE,See DN-893 (ID#:11596),null,144.34
"12,835",109-TZ-T01,Pre-PQ Process,SO-1697,DN-893,Tanzania,PMO - US,From RDC,N/A - From RDC,,Pre-PQ Process,N/A - From RDC,15-Sep-08,15-Sep-08,15-Sep-08,ARV,Adult,SCMS from RDC,"Abacavir 300mg, tablets, 60 Tabs",Abacavir,Generic,300mg,Tablet,60,"5,730",157746.90,27.53,0.46,"Aurobindo Unit III, India",FALSE,See DN-893 (ID#:11596),null,252.4
"11,283",131-NG-T01,Pre-PQ Process,SO-10820,DN-897,Nigeria,PMO - US,From RDC,N/A - From RDC,Air,Pre-PQ Process,N/A - From RDC,10-Sep-08,10-Sep-08,10-Sep-08,ARV,Adult,SCMS from RDC,"Efavirenz 600mg, tablets, 30 Tabs",Efavirenz,Generic,600mg,Tablet,30,"12,000",140640.00,11.72,0.39,"Aurobindo Unit III, India",FALSE,See DN-897 (ID#:10722),null,225.02
"86,680",109-TZ-T30,FPQ-13042,SO-47961,DN-3690,Tanzania,PMO - US,From RDC,N/A - From RDC,Truck,10-01-13,N/A - From RDC,30-May-14,21-Jun-14,01-Jul-14,ARV,Adult,SCMS from RDC,"Abacavir 300mg, tablets, 60 Tabs",Abacavir,Generic,300mg,Tablet,60,"2,707",30399.61,11.23,0.19,Mylan (formerly Matrix) Nashik,TRUE,263,"$1,811.60 ",37.6
"86,683",114-UG-T30,FPQ-13107,SO-46850,DN-3713,Uganda,PMO - US,From RDC,N/A - From RDC,Truck,10/16/2013,N/A - From RDC,30-May-14,28-May-14,11-Jun-14,ARV,Adult,SCMS from RDC,"Lamivudine/Nevirapine/Zidovudine 150/200/300mg, tablets, 60 Tabs",Lamivudine/Nevirapine/Zidovudine,Generic,150/300/200mg,Tablet - FDC,60,"45,950",372654.50,8.11,0.14,Hetero Unit III Hyderabad IN,TRUE,6061,"$6,901.96 ",383.09
"86,684",105-GY-T30,FPQ-13567,SO-47721,DN-3716,Guyana,PMO - US,From RDC,N/A - From RDC,Air,1/16/2014,N/A - From RDC,30-May-14,04-Jun-14,18-Jul-14,ARV,Pediatric,SCMS from RDC,"Efavirenz 200mg, scored tablets, 90 Tabs",Efavirenz,Generic,200mg,Tablet,90,75,697.50,9.3,0.1,"Strides, Bangalore, India.",TRUE,5,$908.65 ,0.72
"11,578",113-ZW-T01,Pre-PQ Process,SO-2503,DN-900,Zimbabwe,PMO - US,From RDC,N/A - From RDC,Truck,Pre-PQ Process,N/A - From RDC,12-Sep-08,12-Sep-08,12-Sep-08,ARV,Adult,SCMS from RDC,"Lamivudine/Nevirapine/Stavudine 150/200/30mg, tablets, 60 Tabs",Lamivudine/Nevirapine/Stavudine,Generic,150/200/30mg,Tablet - FDC,60,"76,000",562400.00,7.4,0.12,"Cipla, Goa, India",FALSE,See DN-900 (ID#:11284),null,899.84
"12,840",117-ET-T01,Pre-PQ Process,SO-14230,DN-907,Ethiopia,PMO - US,From RDC,N/A - From RDC,Truck,Pre-PQ Process,N/A - From RDC,16-Sep-08,16-Sep-08,16-Sep-08,ARV,Adult,SCMS from RDC,"Indinavir 400mg [Crixivan], capsules, 180 Caps",Indinavir,Crixivan,400mg,Capsule,180,50,2500.00,50,0.28,"MSD, Haarlem, NL",FALSE,See DN-907 (ID#:12839),null,4
"10,728",130-NG-T01,Pre-PQ Process,SO-10580,DN-909,Nigeria,PMO - US,From RDC,N/A - From RDC,Air,Pre-PQ Process,N/A - From RDC,22-Sep-08,22-Sep-08,22-Sep-08,ARV,Adult,SCMS from RDC,"Lamivudine/Zidovudine 150/300mg, tablets, 60 Tabs",Lamivudine/Zidovudine,Generic,150/300mg,Tablet - FDC,60,"1,894",17708.90,9.35,0.16,Mylan (formerly Matrix) Nashik,FALSE,See DN-909 (ID#:10727),null,28.33
"11,921",130-NG-T01,Pre-PQ Process,SO-10580,DN-909,Nigeria,PMO - US,From RDC,N/A - From RDC,Air,Pre-PQ Process,N/A - From RDC,22-Sep-08,22-Sep-08,22-Sep-08,ARV,Adult,SCMS from RDC,"Lamivudine/Zidovudine 150/300mg, tablets, 60 Tabs",Lamivudine/Zidovudine,Generic,150/300mg,Tablet - FDC,60,"2,339",21869.65,9.35,0.16,Mylan (formerly Matrix) Nashik,FALSE,See DN-909 (ID#:10727),null,34.99
"86,695",103-ZW-T30,FPQ-13316,SO-47250,DN-3772,Zimbabwe,PMO - US,From RDC,N/A - From RDC,Air,11/26/2013,N/A - From RDC,30-Jun-14,20-Jun-14,07-Jul-14,ARV,Pediatric,SCMS from RDC,"Abacavir/Lamivudine 60/30mg, tablets, 60 Tabs",Abacavir/Lamivudine,Generic,60/30mg,Tablet - FDC,60,"1,973",7892.00,4,0.07,"Aurobindo Unit III, India",TRUE,8894,$102.67 ,8.11
"12,829",110-ZM-T01,Pre-PQ Process,SO-2486,DN-912,Zambia,PMO - US,From RDC,N/A - From RDC,Truck,Pre-PQ Process,N/A - From RDC,23-Sep-08,23-Sep-08,23-Sep-08,ARV,Adult,SCMS from RDC,"Lamivudine/Zidovudine 150/300mg, tablets, 60 Tabs",Lamivudine/Zidovudine,Generic,150/300mg,Tablet - FDC,60,"50,000",472500.00,9.45,0.16,"Aurobindo Unit III, India",FALSE,See DN-912 (ID#:11577),null,756
"11,011",112-NG-T01,Pre-PQ Process,SO-2728,DN-917,Nigeria,PMO - US,From RDC,N/A - From RDC,Air,Pre-PQ Process,N/A - From RDC,24-Sep-08,24-Sep-08,24-Sep-08,ARV,Adult,SCMS from RDC,"Ritonavir 100mg [Norvir], capsules, cool, 4 x 84 Caps",Ritonavir,Norvir,100mg,Capsule,336,2,76.72,38.36,0.11,ABBVIE (Abbott) France,FALSE,See DN-917 (ID#:10745),null,0.12
"86,701",114-UG-T30,FPQ-14396,SO-48991,DN-3880,Uganda,PMO - US,From RDC,N/A - From RDC,Truck,06-04-14,N/A - From RDC,28-Nov-14,22-Aug-14,26-Aug-14,ARV,Adult,SCMS from RDC,"Lopinavir/Ritonavir 200/50mg [Aluvia], tablets, 120 Tabs",Lopinavir/Ritonavir,Aluvia,200/50mg,Tablet,120,"5,337",100869.30,18.9,0.16,ABBVIE Ludwigshafen Germany,TRUE,1089,"$3,730.80 ",103.69
"86,703",107-RW-T30,FPQ-14111,SO-48800,DN-3788,Rwanda,PMO - US,From RDC,N/A - From RDC,Truck,4/22/2014,N/A - From RDC,30-Oct-14,13-Aug-14,14-Aug-14,ARV,Adult,SCMS from RDC,"Lamivudine/Nevirapine/Zidovudine 150/200/300mg, tablets, 60 Tabs",Lamivudine/Nevirapine/Zidovudine,Generic,150/300/200mg,Tablet - FDC,60,"86,008",697524.88,8.11,0.14,Hetero Unit III Hyderabad IN,TRUE,11117,"$15,617.93 ",717.06
"86,704",151-NG-T30,FPQ-13293,SO-47287,DN-3793,Nigeria,PMO - US,From RDC,N/A - From RDC,Air Charter,11/19/2013,N/A - From RDC,30-Jun-14,20-Jun-14,25-Jun-14,ARV,Pediatric,SCMS from RDC,"Lamivudine/Nevirapine/Zidovudine 30/50/60mg, dispersible tablets, 60 Tabs",Lamivudine/Nevirapine/Zidovudine,Generic,30/50/60mg,Chewable/dispersible tablet - FDC,60,"65,761",245288.53,3.73,0.06,"Strides, Bangalore, India.",TRUE,3156,"$28,812.57 ",252.16
"11,933",112-NG-T01,Pre-PQ Process,SO-2728,DN-917,Nigeria,PMO - US,From RDC,N/A - From RDC,Air,Pre-PQ Process,N/A - From RDC,24-Sep-08,24-Sep-08,24-Sep-08,ARV,Adult,SCMS from RDC,"Emtricitabine/Tenofovir Disoproxil Fumarate 200/300mg [Truvada], tablets, 30 Tabs",Emtricitabine/Tenofovir Disoproxil Fumarate,Truvada,300/200mg,Tablet - FDC,30,4,105.00,26.25,0.88,"Aspen-OSD, Port Elizabeth, SA",FALSE,See DN-917 (ID#:10745),null,0.17
"86,709",103-ZW-T30,FPQ-13967,SO-48441,DN-3823,Zimbabwe,PMO - US,From RDC,N/A - From RDC,Truck,04-02-14,N/A - From RDC,30-Sep-14,29-Jun-14,04-Aug-14,ARV,Pediatric,SCMS from RDC,"Lamivudine/Nevirapine/Zidovudine 30/50/60mg, dispersible tablets, 60 Tabs",Lamivudine/Nevirapine/Zidovudine,Generic,30/50/60mg,Chewable/dispersible tablet - FDC,60,"66,023",246265.79,3.73,0.06,"Cipla, Goa, India",TRUE,5780,"$15,789.20 ",253.16
"11,934",112-NG-T01,Pre-PQ Process,SO-2728,DN-917,Nigeria,PMO - US,From RDC,N/A - From RDC,Air,Pre-PQ Process,N/A - From RDC,24-Sep-08,24-Sep-08,24-Sep-08,ARV,Adult,SCMS from RDC,"Lamivudine/Zidovudine 150/300mg, tablets, 60 Tabs",Lamivudine/Zidovudine,Generic,150/300mg,Tablet - FDC,60,"1,054",9854.90,9.35,0.16,Mylan (formerly Matrix) Nashik,FALSE,See DN-917 (ID#:10745),null,15.77
"11,935",112-NG-T01,Pre-PQ Process,SO-2728,DN-917,Nigeria,PMO - US,From RDC,N/A - From RDC,Air,Pre-PQ Process,N/A - From RDC,24-Sep-08,24-Sep-08,24-Sep-08,ARV,Adult,SCMS from RDC,"Lamivudine/Nevirapine/Stavudine 150/200/30mg, tablets, 60 Tabs",Lamivudine/Nevirapine/Stavudine,Generic,150/200/30mg,Tablet - FDC,60,"4,953",36652.20,7.4,0.12,"Cipla, Goa, India",FALSE,See DN-917 (ID#:10745),null,58.64
"12,246",112-NG-T01,Pre-PQ Process,SO-2728,DN-917,Nigeria,PMO - US,From RDC,N/A - From RDC,Air,Pre-PQ Process,N/A - From RDC,24-Sep-08,24-Sep-08,24-Sep-08,ARV,Adult,SCMS from RDC,"Stavudine 30mg, capsules, 60 Caps",Stavudine,Generic,30mg,Capsule,60,903,1399.65,1.55,0.03,"Aurobindo Unit III, India",FALSE,See DN-917 (ID#:10745),null,2.24
"12,548",112-NG-T01,Pre-PQ Process,SO-2728,DN-917,Nigeria,PMO - US,From RDC,N/A - From RDC,Air,Pre-PQ Process,N/A - From RDC,24-Sep-08,24-Sep-08,24-Sep-08,ARV,Adult,SCMS from RDC,"Efavirenz 600mg, tablets, 30 Tabs",Efavirenz,Generic,600mg,Tablet,30,"1,957",22936.04,11.72,0.39,"Aurobindo Unit III, India",FALSE,See DN-917 (ID#:10745),null,36.7
"12,224",132-NG-T01,Pre-PQ Process,SO-2707,DN-921,Nigeria,PMO - US,From RDC,N/A - From RDC,Air,Pre-PQ Process,N/A - From RDC,28-Sep-08,28-Sep-08,28-Sep-08,ARV,Adult,SCMS from RDC,"Emtricitabine/Tenofovir Disoproxil Fumarate 200/300mg [Truvada], tablets, 30 Tabs",Emtricitabine/Tenofovir Disoproxil Fumarate,Truvada,300/200mg,Tablet - FDC,30,"45,000",1181250.00,26.25,0.88,"Aspen-OSD, Port Elizabeth, SA",FALSE,See DN-921 (ID#:11917),null,"1,890"
"86,723",151-NG-T30,FPQ-13704,SO-48321,DN-3915,Nigeria,PMO - US,From RDC,N/A - From RDC,Air Charter,2/13/2014,N/A - From RDC,30-Sep-14,03-Sep-14,05-Sep-14,ARV,Pediatric,SCMS from RDC,"Efavirenz 200mg, scored tablets, 90 Tabs",Efavirenz,Generic,200mg,Tablet,90,635,5905.50,9.3,0.1,"Strides, Bangalore, India.",TRUE,65,$177 ,6.07
"86,724",151-NG-T30,FPQ-14156,SO-48902,DN-3916,Nigeria,PMO - US,From RDC,N/A - From RDC,Air Charter,4/25/2014,N/A - From RDC,31-Oct-14,03-Sep-14,05-Sep-14,ARV,Adult,SCMS from RDC,"Efavirenz 600mg, tablets, 30 Tabs",Efavirenz,Generic,600mg,Tablet,30,"12,241",39293.61,3.21,0.11,"Strides, Bangalore, India.",TRUE,828,"$3,773 ",40.39
"86,727",111-MZ-T30,FPQ-13165,SO-47590,DN-3934,Mozambique,PMO - US,From RDC,N/A - From RDC,Truck,10/21/2013,N/A - From RDC,31-Oct-14,30-Oct-14,13-Nov-14,ARV,Adult,SCMS from RDC,"Abacavir/Lamivudine 600/300mg, tablets, 30 Tabs",Abacavir/Lamivudine,Generic,600/300mg,Tablet - FDC,30,"3,793",51281.36,13.52,0.45,"Cipla, Patalganga, India",TRUE,383,$123.70 ,52.72
"86,728",105-GY-T30,FPQ-14042,SO-48521,DN-3938,Guyana,PMO - US,From RDC,N/A - From RDC,Air,04-09-14,N/A - From RDC,30-Sep-14,09-Oct-14,22-Oct-14,ARV,Adult,SCMS from RDC,"Lamivudine/Zidovudine 150/300mg, tablets, 60 Tabs",Lamivudine/Zidovudine,Generic,150/300mg,Tablet - FDC,60,228,1504.80,6.6,0.11,"Aurobindo Unit III, India",TRUE,21,$973.48 ,1.55
"11,372",112-NG-T01,Pre-PQ Process,SO-341,DN-93,Nigeria,PMO - US,From RDC,N/A - From RDC,,Pre-PQ Process,N/A - From RDC,17-Apr-07,17-Apr-07,17-Apr-07,ARV,Adult,SCMS from RDC,"Lamivudine/Zidovudine+Nevirapine 150/300+200mg, tablets, co-blister, 60+60 Tabs",Lamivudine/Zidovudine+Nevirapine,Generic,150/300+200mg,Tablet - FDC + co-blister,120,"2,703",55411.50,20.5,0.17,"Aspen-OSD, Port Elizabeth, SA",FALSE,See DN-93 (ID#:10546),null,
"11,628",111-MZ-T01,Pre-PQ Process,SO-15090,DN-933,Mozambique,PMO - US,From RDC,N/A - From RDC,Air,Pre-PQ Process,N/A - From RDC,14-Nov-08,14-Nov-08,14-Nov-08,ARV,Adult,SCMS from RDC,"Lamivudine/Nevirapine/Stavudine 150/200/30mg, tablets, 60 Tabs",Lamivudine/Nevirapine/Stavudine,Generic,150/200/30mg,Tablet - FDC,60,"27,080",194976.00,7.2,0.12,"Strides, Bangalore, India.",FALSE,See DN-933 (ID#:10755),null,311.96
"11,959",111-MZ-T01,Pre-PQ Process,SO-15090,DN-933,Mozambique,PMO - US,From RDC,N/A - From RDC,Air,Pre-PQ Process,N/A - From RDC,14-Nov-08,14-Nov-08,14-Nov-08,ARV,Adult,SCMS from RDC,"Efavirenz 600mg, tablets, 30 Tabs",Efavirenz,Generic,600mg,Tablet,30,"5,000",55000.00,11,0.37,"Aurobindo Unit III, India",FALSE,See DN-933 (ID#:10755),null,88
"86,737",104-CI-T30,FPQ-14064,SO-48750,DN-3982,Côte d'Ivoire,PMO - US,From RDC,N/A - From RDC,Truck,04-09-14,N/A - From RDC,31-Oct-14,24-Oct-14,06-Nov-14,ARV,Adult,SCMS from RDC,"Abacavir/Lamivudine 600/300mg, tablets, 30 Tabs",Abacavir/Lamivudine,Generic,600/300mg,Tablet - FDC,30,"2,400",32376.00,13.49,0.45,Mylan (formerly Matrix) Nashik,TRUE,213,"$1,422.54 ",33.28
"12,269",111-MZ-T01,Pre-PQ Process,SO-15090,DN-933,Mozambique,PMO - US,From RDC,N/A - From RDC,Air,Pre-PQ Process,N/A - From RDC,14-Nov-08,14-Nov-08,14-Nov-08,ARV,Adult,SCMS from RDC,"Nevirapine 200mg, tablets, 60 Tabs",Nevirapine,Generic,200mg,Tablet,60,"11,550",36960.00,3.2,0.05,Hetero Unit III Hyderabad IN,FALSE,See DN-933 (ID#:10755),null,59.14
"11,014",106-HT-T01,Pre-PQ Process,SO-15930,DN-944,Haiti,PMO - US,From RDC,N/A - From RDC,Air,Pre-PQ Process,N/A - From RDC,04-Nov-08,04-Nov-08,04-Nov-08,ARV,Pediatric,SCMS from RDC,"Efavirenz 200mg, capsule, 90 Caps",Efavirenz,Generic,200mg,Capsule,90,"1,000",15260.00,15.26,0.17,"Aurobindo Unit III, India",FALSE,See DN-944 (ID#:11012),null,29.91
"11,299",106-HT-T01,Pre-PQ Process,SO-15930,DN-944,Haiti,PMO - US,From RDC,N/A - From RDC,Air,Pre-PQ Process,N/A - From RDC,04-Nov-08,04-Nov-08,04-Nov-08,ARV,Pediatric,SCMS from RDC,"Lamivudine 10mg/ml, oral solution, Bottle, 240 ml",Lamivudine,Generic,10mg/ml,Oral solution,240,"14,405",27369.50,1.9,0.01,"Aurobindo Unit III, India",FALSE,See DN-944 (ID#:11012),null,53.64
"86,743",151-NG-T30,FPQ-14156,SO-48905,DN-3996,Nigeria,PMO - US,From RDC,N/A - From RDC,Air Charter,4/25/2014,N/A - From RDC,31-Oct-14,30-Oct-14,03-Nov-14,ARV,Adult,SCMS from RDC,"Lamivudine/Tenofovir Disoproxil Fumarate 300/300mg, tablets, 30 Tabs",Lamivudine/Tenofovir Disoproxil Fumarate,Generic,300/300mg,Tablet - FDC,30,"57,000",263340.00,4.62,0.15,"Aurobindo Unit VII, IN",TRUE,5735,"$20,138 ",270.71
"11,614",106-HT-T01,Pre-PQ Process,SO-15930,DN-944,Haiti,PMO - US,From RDC,N/A - From RDC,Air,Pre-PQ Process,N/A - From RDC,04-Nov-08,04-Nov-08,04-Nov-08,ARV,Adult,SCMS from RDC,"Nevirapine 200mg, tablets, 60 Tabs",Nevirapine,Generic,200mg,Tablet,60,"21,814",69804.80,3.2,0.05,"Aurobindo Unit III, India",FALSE,See DN-944 (ID#:11012),null,136.82
"11,936",106-HT-T01,Pre-PQ Process,SO-15930,DN-944,Haiti,PMO - US,From RDC,N/A - From RDC,Air,Pre-PQ Process,N/A - From RDC,04-Nov-08,04-Nov-08,04-Nov-08,ARV,Adult,SCMS from RDC,"Stavudine 30mg, capsules, 60 Caps",Stavudine,Generic,30mg,Capsule,60,"12,000",18600.00,1.55,0.03,"Aurobindo Unit III, India",FALSE,See DN-944 (ID#:11012),null,36.46
"86,751",104-CI-T30,FPQ-14370,SO-49081,DN-4015,Côte d'Ivoire,PMO - US,From RDC,N/A - From RDC,Truck,5/23/2014,N/A - From RDC,28-Nov-14,02-Dec-14,08-Dec-14,ARV,Adult,SCMS from RDC,"Lamivudine/Zidovudine 150/300mg, tablets, 60 Tabs",Lamivudine/Zidovudine,Generic,150/300mg,Tablet - FDC,60,"55,995",365087.40,6.52,0.11,"Aurobindo Unit III, India",TRUE,4899,"$19,497.24 ",375.31
"86,756",110-ZM-T30,FPQ-13221,SO-47208,DN-4045,Zambia,PMO - US,From RDC,N/A - From RDC,Truck,10/31/2013,N/A - From RDC,30-Jan-15,19-Feb-15,20-Feb-15,ARV,Adult,SCMS from RDC,"Lamivudine/Tenofovir Disoproxil Fumarate 300/300mg, tablets, 30 Tabs",Lamivudine/Tenofovir Disoproxil Fumarate,Generic,300/300mg,Tablet - FDC,30,"18,447",85225.14,4.62,0.15,Hetero Unit III Hyderabad IN,TRUE,1906,"$2,201.74 ",87.61
"11,937",106-HT-T01,Pre-PQ Process,SO-15930,DN-944,Haiti,PMO - US,From RDC,N/A - From RDC,Air,Pre-PQ Process,N/A - From RDC,04-Nov-08,04-Nov-08,04-Nov-08,ARV,Pediatric,SCMS from RDC,"Abacavir 20mg/ml, oral solution, Bottle, 240 ml",Abacavir,Generic,20mg/ml,Oral solution,240,350,5652.50,16.15,0.07,"Aurobindo Unit III, India",FALSE,See DN-944 (ID#:11012),null,11.08
"12,247",106-HT-T01,Pre-PQ Process,SO-15930,DN-944,Haiti,PMO - US,From RDC,N/A - From RDC,Air,Pre-PQ Process,N/A - From RDC,04-Nov-08,04-Nov-08,04-Nov-08,ARV,Adult,SCMS from RDC,"Stavudine 20mg, capsules, 60 Caps",Stavudine,Generic,20mg,Capsule,60,500,875.00,1.75,0.03,"Aurobindo Unit III, India",FALSE,See DN-944 (ID#:11012),null,1.72
"12,549",106-HT-T01,Pre-PQ Process,SO-15930,DN-944,Haiti,PMO - US,From RDC,N/A - From RDC,Air,Pre-PQ Process,N/A - From RDC,04-Nov-08,04-Nov-08,04-Nov-08,ARV,Adult,SCMS from RDC,"Efavirenz 600mg, tablets, 30 Tabs",Efavirenz,Generic,600mg,Tablet,30,"24,599",270589.00,11,0.37,"Aurobindo Unit III, India",FALSE,See DN-944 (ID#:11012),null,530.35
"86,773",114-UG-T30,FPQ-14396,SO-49011,DN-4100,Uganda,PMO - US,From RDC,N/A - From RDC,Truck,06-04-14,N/A - From RDC,06-Feb-15,30-Jan-15,02-Feb-15,ARV,Pediatric,SCMS from RDC,"Lamivudine/Nevirapine/Zidovudine 30/50/60mg, dispersible tablets, 60 Tabs",Lamivudine/Nevirapine/Zidovudine,Generic,30/50/60mg,Chewable/dispersible tablet - FDC,60,"5,000",18650.00,3.73,0.06,Mylan (formerly Matrix) Nashik,TRUE,297,"$1,326 ",19.17
"86,774",101-CD-T30,FPQ-14576,SO-49311,DN-4107,"Congo, DRC",PMO - US,From RDC,N/A - From RDC,Air,7/14/2014,N/A - From RDC,14-Apr-15,14-Apr-15,14-Apr-15,ARV,Adult,SCMS from RDC,"Efavirenz/Lamivudine/Tenofovir Disoproxil Fumarate 600/300/300mg, tablets, 30 Tabs",Efavirenz/Lamivudine/Tenofovir Disoproxil Fumarate,Generic,600/300/300mg,Tablet - FDC,30,"55,300",539728.00,9.76,0.33,Mylan (formerly Matrix) Nashik,TRUE,6247,"$61,201.46 ",554.84
"11,942",106-HT-T01,Pre-PQ Process,SO-15950,DN-945,Haiti,PMO - US,From RDC,N/A - From RDC,Air,Pre-PQ Process,N/A - From RDC,27-Oct-08,27-Oct-08,27-Oct-08,ARV,Adult,SCMS from RDC,"Efavirenz 600mg, tablets, 30 Tabs",Efavirenz,Generic,600mg,Tablet,30,"2,139",23529.00,11,0.37,"Aurobindo Unit III, India",FALSE,See DN-945 (ID#:11018),null,37.65
"11,943",106-HT-T01,Pre-PQ Process,SO-15950,DN-945,Haiti,PMO - US,From RDC,N/A - From RDC,Air,Pre-PQ Process,N/A - From RDC,27-Oct-08,27-Oct-08,27-Oct-08,ARV,Adult,SCMS from RDC,"Lamivudine/Zidovudine 150/300mg, tablets, 60 Tabs",Lamivudine/Zidovudine,Generic,150/300mg,Tablet - FDC,60,"93,000",869550.00,9.35,0.16,"Aurobindo Unit III, India",FALSE,See DN-945 (ID#:11018),null,"1,391.28"
"11,904",106-HT-T01,Pre-PQ Process,SO-15960,DN-946,Haiti,PMO - US,From RDC,N/A - From RDC,Air,Pre-PQ Process,N/A - From RDC,20-Oct-08,20-Oct-08,20-Oct-08,ARV,Adult,SCMS from RDC,"Efavirenz 600mg, tablets, 30 Tabs",Efavirenz,Generic,600mg,Tablet,30,"27,070",297770.00,11,0.37,"Aurobindo Unit III, India",FALSE,See DN-946 (ID#:10983),null,476.43
"11,591",104-CI-T01,Pre-PQ Process,SO-11830,DN-948,Côte d'Ivoire,PMO - US,From RDC,N/A - From RDC,Air,Pre-PQ Process,N/A - From RDC,03-Dec-08,03-Dec-08,03-Dec-08,ARV,Pediatric,SCMS from RDC,"Efavirenz 30mg/ml [Stocrin/Sustiva], oral solution, Bottle, 180 ml",Efavirenz,Stocrin/Sustiva,30mg/ml,Oral solution,180,"1,793",30409.28,16.96,0.09,"MSD, Haarlem, NL",FALSE,See DN-948 (ID#:10994),null,59.6
"86,786",114-UG-T30,FPQ-14396,SO-48990,DN-4163,Uganda,PMO - US,From RDC,N/A - From RDC,Truck,06-04-14,N/A - From RDC,31-Mar-15,15-May-15,17-May-15,ARV,Adult,SCMS from RDC,"Lamivudine/Tenofovir Disoproxil Fumarate 300/300mg, tablets, 30 Tabs",Lamivudine/Tenofovir Disoproxil Fumarate,Generic,300/300mg,Tablet - FDC,30,"27,365",125605.35,4.59,0.15,Ranbaxy per Shasun Pharma,TRUE,2885,"$2,564.94 ",129.12
"86,787",107-RW-T30,FPQ-15622,SO-50690,DN-4176,Rwanda,PMO - US,From RDC,N/A - From RDC,Air,12/22/2014,N/A - From RDC,24-Apr-15,04-May-15,08-May-15,ARV,Adult,SCMS from RDC,"Tenofovir Disoproxil Fumarate 300mg, tablets, 30 Tabs",Tenofovir Disoproxil Fumarate,Generic,300mg,Tablet,30,200,710.00,3.55,0.12,Mylan (formerly Matrix) Nashik,TRUE,12,"$1,301.94 ",0.84
"11,586",119-NA-T01,Pre-PQ Process,SO-15510,DN-953,Namibia,PMO - US,From RDC,N/A - From RDC,Truck,Pre-PQ Process,N/A - From RDC,30-Oct-08,30-Oct-08,30-Oct-08,ARV,Pediatric,SCMS from RDC,"Lamivudine/Nevirapine/Stavudine 60/100/12mg, dispersible tablets, 60 Tabs",Lamivudine/Nevirapine/Stavudine,Generic,60/100/12mg,Chewable/dispersible tablet - FDC,60,"3,600",16344.00,4.54,0.08,"Cipla, Goa, India",FALSE,See DN-953 (ID#:11585),null,32.03
"12,259",123-NG-T01,Pre-PQ Process,SO-11232,DN-958,Nigeria,PMO - US,From RDC,N/A - From RDC,Air,Pre-PQ Process,N/A - From RDC,31-Oct-08,31-Oct-08,31-Oct-08,ARV,Adult,SCMS from RDC,"Lopinavir/Ritonavir 200/50mg [Aluvia], tablets, 120 Tabs",Lopinavir/Ritonavir,Aluvia,200/50mg,Tablet,120,"2,034",83597.40,41.1,0.34,ABBVIE Ludwigshafen Germany,FALSE,See DN-958 (ID#:10750),null,163.85
"86,790",151-NG-T30,FPQ-14989,SO-49931,DN-4187,Nigeria,PMO - US,From RDC,N/A - From RDC,Air Charter,9/19/2014,N/A - From RDC,30-Jun-15,18-Mar-15,20-Mar-15,ARV,Adult,SCMS from RDC,"Lopinavir/Ritonavir 200/50mg [Aluvia], tablets, 120 Tabs",Lopinavir/Ritonavir,Aluvia,200/50mg,Tablet,120,"13,130",244743.20,18.64,0.16,ABBVIE Ludwigshafen Germany,TRUE,3232,"$4,495.29 ",251.6
"11,946",123-NG-T01,Pre-PQ Process,SO-2554,DN-960,Nigeria,PMO - US,From RDC,N/A - From RDC,Air,Pre-PQ Process,N/A - From RDC,30-Oct-08,30-Oct-08,30-Oct-08,ARV,Adult,SCMS from RDC,"Emtricitabine/Tenofovir Disoproxil Fumarate 200/300mg [Truvada], tablets, 30 Tabs",Emtricitabine/Tenofovir Disoproxil Fumarate,Truvada,300/200mg,Tablet - FDC,30,"32,696",858270.00,26.25,0.88,"Aspen-OSD, Port Elizabeth, SA",FALSE,See DN-960 (ID#:11945),null,"1,682.21"
"11,947",123-NG-T01,Pre-PQ Process,SO-2554,DN-960,Nigeria,PMO - US,From RDC,N/A - From RDC,Air,Pre-PQ Process,N/A - From RDC,30-Oct-08,30-Oct-08,30-Oct-08,ARV,Pediatric,SCMS from RDC,"Efavirenz 200mg, capsule, 90 Caps",Efavirenz,Generic,200mg,Capsule,90,"1,132",18112.00,16,0.18,"Aurobindo Unit III, India",FALSE,See DN-960 (ID#:11945),null,35.5
"86,796",104-CI-T30,FPQ-15259,SO-50101,DN-4211,Côte d'Ivoire,PMO - US,From RDC,N/A - From RDC,Truck,10/24/2014,N/A - From RDC,19-Jun-15,16-Apr-15,20-Apr-15,ARV,Adult,SCMS from RDC,"Lamivudine/Tenofovir Disoproxil Fumarate 300/300mg, tablets, 30 Tabs",Lamivudine/Tenofovir Disoproxil Fumarate,Generic,300/300mg,Tablet - FDC,30,"8,250",37867.50,4.59,0.15,"Cipla, Kurkumbh, India",TRUE,821,"$6,695.90 ",44.57
"12,257",123-NG-T01,Pre-PQ Process,SO-2554,DN-960,Nigeria,PMO - US,From RDC,N/A - From RDC,Air,Pre-PQ Process,N/A - From RDC,30-Oct-08,30-Oct-08,30-Oct-08,ARV,Adult,SCMS from RDC,"Zidovudine 300mg, tablets, 60 Tabs",Zidovudine,Generic,300mg,Tablet,60,"5,641",45974.15,8.15,0.14,"Aurobindo Unit III, India",FALSE,See DN-960 (ID#:11945),null,90.11
"12,258",123-NG-T01,Pre-PQ Process,SO-2554,DN-960,Nigeria,PMO - US,From RDC,N/A - From RDC,Air,Pre-PQ Process,N/A - From RDC,30-Oct-08,30-Oct-08,30-Oct-08,ARV,Adult,SCMS from RDC,"Efavirenz 600mg, tablets, 30 Tabs",Efavirenz,Generic,600mg,Tablet,30,"11,527",138439.27,12.01,0.4,"Aurobindo Unit III, India",FALSE,See DN-960 (ID#:11945),null,271.34
"86,799",103-ZW-T30,FPQ-15197,SO-50011,DN-4225,Zimbabwe,PMO - US,From RDC,N/A - From RDC,Truck,10/16/2014,N/A - From RDC,30-Apr-15,08-Apr-15,14-Apr-15,ARV,Pediatric,SCMS from RDC,"Lamivudine/Zidovudine 30/60mg, dispersible tablets, 60 Tabs",Lamivudine/Zidovudine,Generic,30/60mg,Chewable/dispersible tablet - FDC,60,"47,733",91647.36,1.92,0.03,"Cipla, Goa, India",TRUE,6368,"$2,592.56 ",107.87
"86,800",111-MZ-T30,FPQ-15195,SO-50141,DN-4231,Mozambique,PMO - US,From RDC,N/A - From RDC,Truck,10/17/2014,N/A - From RDC,31-May-15,09-Jun-15,15-Jun-15,ARV,Adult,SCMS from RDC,"Efavirenz/Lamivudine/Tenofovir Disoproxil Fumarate 600/300/300mg, tablets, 30 Tabs",Efavirenz/Lamivudine/Tenofovir Disoproxil Fumarate,Generic,600/300/300mg,Tablet - FDC,30,"200,000",1920000.00,9.6,0.32,Hetero Unit III Hyderabad IN,TRUE,26603,"$19,194.37 ","2,259.84"
"86,801",111-MZ-T30,FPQ-13575,SO-47707,DN-4234,Mozambique,PMO - US,From RDC,N/A - From RDC,Truck,1/17/2014,N/A - From RDC,29-May-15,15-Jun-15,15-Jun-15,ARV,Adult,SCMS from RDC,"Lamivudine/Nevirapine/Zidovudine 150/200/300mg, tablets, 60 Tabs",Lamivudine/Nevirapine/Zidovudine,Generic,150/300/200mg,Tablet - FDC,60,"28,516",220143.52,7.72,0.13,Hetero Unit III Hyderabad IN,TRUE,3772,"$3,567.08 ",226.31
"86,802",111-MZ-T30,FPQ-15195,SO-50130,DN-4235,Mozambique,PMO - US,From RDC,N/A - From RDC,Truck,10/17/2014,N/A - From RDC,29-May-15,09-Jun-15,15-Jun-15,ARV,Adult,SCMS from RDC,"Lamivudine/Nevirapine/Zidovudine 150/200/300mg, tablets, 60 Tabs",Lamivudine/Nevirapine/Zidovudine,Generic,150/300/200mg,Tablet - FDC,60,"300,000",2316000.00,7.72,0.13,Hetero Unit III Hyderabad IN,TRUE,39688,"$28,277.42 ","2,725.93"
"86,803",111-MZ-T30,FPQ-14843,SO-49721,DN-4236,Mozambique,PMO - US,From RDC,N/A - From RDC,Truck,8/21/2014,N/A - From RDC,29-May-15,15-Jun-15,15-Jun-15,ARV,Adult,SCMS from RDC,"Lamivudine/Tenofovir Disoproxil Fumarate 300/300mg, tablets, 30 Tabs",Lamivudine/Tenofovir Disoproxil Fumarate,Generic,300/300mg,Tablet - FDC,30,"16,006",73467.54,4.59,0.15,"Hetero, Jadcherla, unit 5, IN",TRUE,1504,"$1,653.90 ",75.52
"12,555",123-NG-T01,Pre-PQ Process,SO-2554,DN-960,Nigeria,PMO - US,From RDC,N/A - From RDC,Air,Pre-PQ Process,N/A - From RDC,30-Oct-08,30-Oct-08,30-Oct-08,ARV,Adult,SCMS from RDC,"Lamivudine/Zidovudine 150/300mg, tablets, 60 Tabs",Lamivudine/Zidovudine,Generic,150/300mg,Tablet - FDC,60,"2,708",25590.60,9.45,0.16,Mylan (formerly Matrix) Nashik,FALSE,See DN-960 (ID#:11945),null,50.16
"12,862",123-NG-T01,Pre-PQ Process,SO-2554,DN-960,Nigeria,PMO - US,From RDC,N/A - From RDC,Air,Pre-PQ Process,N/A - From RDC,30-Oct-08,30-Oct-08,30-Oct-08,ARV,Adult,SCMS from RDC,"Nevirapine 200mg, tablets, 60 Tabs",Nevirapine,Generic,200mg,Tablet,60,"6,002",20406.80,3.4,0.06,"Aurobindo Unit III, India",FALSE,See DN-960 (ID#:11945),null,40
"12,218",102-KE-T01,Pre-PQ Process,SO-11430,DN-964,Kenya,PMO - US,From RDC,N/A - From RDC,Truck,Pre-PQ Process,N/A - From RDC,21-Oct-08,21-Oct-08,21-Oct-08,HRDT,HIV test,SCMS from RDC,"HIV 1/2, Determine HIV Kit, without Lancets, 100 Tests","HIV 1/2, Determine HIV Kit, without Lancets",Determine,,Test kit,100,"5,000",399950.00,79.99,0.8,Inverness Japan,FALSE,See DN-964 (ID#:10987),null,783.9
"86,808",114-UG-T30,FPQ-15294,SO-50070,DN-4259,Uganda,PMO - US,From RDC,N/A - From RDC,Truck,11-03-14,N/A - From RDC,30-Jun-15,04-Jun-15,15-Jun-15,ARV,Pediatric,SCMS from RDC,"Lamivudine/Nevirapine/Zidovudine 30/50/60mg, dispersible tablets, 60 Tabs",Lamivudine/Nevirapine/Zidovudine,Generic,30/50/60mg,Chewable/dispersible tablet - FDC,60,"18,000",64800.00,3.6,0.06,Mylan (formerly Matrix) Nashik,TRUE,2253,"$3,785.72 ",76.27
"12,523",102-KE-T01,Pre-PQ Process,SO-11440,DN-965,Kenya,PMO - US,From RDC,N/A - From RDC,Truck,Pre-PQ Process,N/A - From RDC,23-Oct-08,23-Oct-08,23-Oct-08,HRDT,HIV test,SCMS from RDC,"HIV 1/2, Determine HIV Kit, without Lancets, 100 Tests","HIV 1/2, Determine HIV Kit, without Lancets",Determine,,Test kit,100,"5,000",399950.00,79.99,0.8,Inverness Japan,FALSE,See DN-965 (ID#:11563),null,783.9
"11,592",114-UG-T01,Pre-PQ Process,SO-17430,DN-968,Uganda,PMO - US,From RDC,N/A - From RDC,Air,Pre-PQ Process,N/A - From RDC,09-Dec-08,09-Dec-08,09-Dec-08,ARV,Adult,SCMS from RDC,"Lamivudine/Nevirapine/Zidovudine 150/200/300mg, tablets, 60 Tabs",Lamivudine/Nevirapine/Zidovudine,Generic,150/300/200mg,Tablet - FDC,60,"4,704",55507.20,11.8,0.2,"Aurobindo Unit III, India",FALSE,See DN-968 (ID#:11289),null,108.79
"11,594",114-UG-T01,Pre-PQ Process,SO-17440,DN-969,Uganda,PMO - US,From RDC,N/A - From RDC,Air,Pre-PQ Process,N/A - From RDC,04-Nov-08,04-Nov-08,04-Nov-08,ARV,Adult,SCMS from RDC,"Lamivudine/Nevirapine/Zidovudine 150/200/300mg, tablets, 60 Tabs",Lamivudine/Nevirapine/Zidovudine,Generic,150/300/200mg,Tablet - FDC,60,"5,919",69844.20,11.8,0.2,"Aurobindo Unit III, India",FALSE,See DN-969 (ID#:11593),null,136.89
"11,617",114-UG-T01,Pre-PQ Process,SO-17870,DN-986,Uganda,PMO - US,From RDC,N/A - From RDC,Air,Pre-PQ Process,N/A - From RDC,09-Jan-09,09-Jan-09,09-Jan-09,ARV,Adult,SCMS from RDC,"Efavirenz 600mg, tablets, 30 Tabs",Efavirenz,Generic,600mg,Tablet,30,"1,444",15884.00,11,0.37,"Aurobindo Unit III, India",FALSE,See DN-986 (ID#:10748),null,31.13
"86,814",151-NG-T30,FPQ-14989,SO-51424,DN-4276,Nigeria,PMO - US,From RDC,N/A - From RDC,Air Charter,9/19/2014,N/A - From RDC,30-Jun-15,15-May-15,22-May-15,ARV,Adult,SCMS from RDC,"Lopinavir/Ritonavir 200/50mg [Aluvia], tablets, 120 Tabs",Lopinavir/Ritonavir,Aluvia,200/50mg,Tablet,120,"70,000",1304800.00,18.64,0.16,ABBVIE Ludwigshafen Germany,TRUE,15198,"$26,180 ","1,341.33"
"86,815",151-NG-T30,FPQ-16313,SO-51420,DN-4279,Nigeria,PMO - US,From RDC,N/A - From RDC,Air Charter,05-04-15,N/A - From RDC,02-Jun-15,15-May-15,22-May-15,ARV,Adult,SCMS from RDC,"Lamivudine/Zidovudine 150/300mg, tablets, 60 Tabs",Lamivudine/Zidovudine,Generic,150/300mg,Tablet - FDC,60,"15,000",97800.00,6.52,0.11,"Aurobindo Unit III, India",TRUE,1547,"$3,410 ",115.11
"12,253",114-UG-T01,Pre-PQ Process,SO-17900,DN-987,Uganda,PMO - US,From RDC,N/A - From RDC,Air,Pre-PQ Process,N/A - From RDC,06-Jan-09,06-Jan-09,06-Jan-09,ARV,Adult,SCMS from RDC,"Lamivudine/Stavudine 150/30mg, tablets, 30 Tabs",Lamivudine/Stavudine,Generic,150/30mg,Tablet - FDC,30,"1,082",2164.00,2,0.07,"Cipla, Goa, India",FALSE,See DN-987 (ID#:12252),null,4.24
"12,552",114-UG-T01,Pre-PQ Process,SO-17900,DN-987,Uganda,PMO - US,From RDC,N/A - From RDC,Air,Pre-PQ Process,N/A - From RDC,06-Jan-09,06-Jan-09,06-Jan-09,ARV,Adult,SCMS from RDC,"Lamivudine/Stavudine 150/30mg, tablets, 30 Tabs",Lamivudine/Stavudine,Generic,150/30mg,Tablet - FDC,30,938,1876.00,2,0.07,"Cipla, Goa, India",FALSE,See DN-987 (ID#:12252),null,3.68
"11,954",104-CI-T01,Pre-PQ Process,SO-11850,DN-988,Côte d'Ivoire,PMO - US,From RDC,N/A - From RDC,Air,Pre-PQ Process,N/A - From RDC,01-Dec-08,01-Dec-08,01-Dec-08,ARV,Adult,SCMS from RDC,"Efavirenz 600mg, tablets, 30 Tabs",Efavirenz,Generic,600mg,Tablet,30,"30,654",359264.88,11.72,0.39,"Aurobindo Unit III, India",FALSE,See DN-988 (ID#:11022),null,704.16
"11,291",114-UG-T01,Pre-PQ Process,SO-17830,DN-990,Uganda,PMO - US,From RDC,N/A - From RDC,Air,Pre-PQ Process,N/A - From RDC,09-Dec-08,09-Dec-08,09-Dec-08,ARV,Adult,SCMS from RDC,"Lamivudine/Zidovudine 150/300mg, tablets, 60 Tabs",Lamivudine/Zidovudine,Generic,150/300mg,Tablet - FDC,60,"1,144",10696.40,9.35,0.16,"Aurobindo Unit III, India",FALSE,See DN-990 (ID#:11001),null,20.96
"12,544",114-UG-T01,Pre-PQ Process,SO-17700,DN-992,Uganda,PMO - US,From RDC,N/A - From RDC,Air,Pre-PQ Process,N/A - From RDC,09-Jan-09,09-Jan-09,09-Jan-09,ARV,Adult,SCMS from RDC,"Lamivudine/Nevirapine/Stavudine 150/200/30mg, tablets, 60 Tabs",Lamivudine/Nevirapine/Stavudine,Generic,150/200/30mg,Tablet - FDC,60,965,6948.00,7.2,0.12,"Strides, Bangalore, India.",FALSE,See DN-992 (ID#:11602),null,13.62
"12,533",110-ZM-T01,Pre-PQ Process,SO-16670,DN-993,Zambia,PMO - US,From RDC,N/A - From RDC,Truck,Pre-PQ Process,N/A - From RDC,01-Dec-08,01-Dec-08,01-Dec-08,ARV,Adult,SCMS from RDC,"Nevirapine 200mg, tablets, 60 Tabs",Nevirapine,Generic,200mg,Tablet,60,138,469.20,3.4,0.06,Hetero Unit III Hyderabad IN,FALSE,See DN-993 (ID#:11919),null,0.92
"11,906",114-UG-T01,Pre-PQ Process,SO-17770,DN-998,Uganda,PMO - US,From RDC,N/A - From RDC,Truck,Pre-PQ Process,N/A - From RDC,15-Dec-08,15-Dec-08,15-Dec-08,ARV,Adult,SCMS from RDC,"Efavirenz 600mg, tablets, 30 Tabs",Efavirenz,Generic,600mg,Tablet,30,"5,147",56617.00,11,0.37,"Aurobindo Unit III, India",FALSE,See DN-998 (ID#:11568),null,110.97
